2393 3496
228 295 285 326 962
976 290 1213 322 REGISTRES
1234 291 1289 321 DE
1311 290 1497 322 NICOLAS
1519 293 1576 323 IV.

230 361 324 391 etiam
341 359 552 399 assignanda.
572 359 661 397 regni
679 357 796 396 Anglie
815 357 950 394 decima,
969 360 1040 394 etc.‚
1059 365 1160 396 usque
1176 365 1235 387 nec

230 414 358 453 possitis
372 414 514 450 interim,
528 417 599 448 etc.,
612 420 712 450 usque
725 410 867 449 deposita
880 414 910 440 et
925 410 1019 440 etiam
1033 409 1232 448 deponenda,

229 470 366 506 excepta,
385 467 465 496 sicut
482 465 687 504 premittitur,
708 466 780 499 etc.,
799 472 898 501 usque
916 463 950 492 in
967 463 1032 492 fine
1047 471 1102 501 per
1118 465 1232 492 totum.

230 519 298 550 Dat.
319 523 472 557 utsupra.
493 530 505 544 n

298 697 348 725 ¹2¹
360 695 416 723 13
847 693 932 726 Rieu,
951 693 985 721 29
1000 694 1068 720 aodt
1084 692 1161 720 1288.

262 758 392 793 Apocha.
410 756 482 791 (Fol.
498 756 532 783 ‘23
547 759 594 789 1·⁰.)

266 860 375 889 Dilecto
391 859 456 896 filio
473 860 570 888 Thure
582 859 752 895 Bonamiki,
766 859 826 888 civi
837 864 862 887 et
878 859 1040 888 mercatori
1051 859 1187 896 Senensi,
1201 859 1236 888 de

225 914 366 944 societate
380 913 516 950 fili'orum
536 913 731 952 Bonsiynoris
745 917 770 941 el
785 913 994 942 Bonaventnre
1005 912 1189 941 Bet-nardini
1201 913 1234 941 de

226 967 324 997 Senis.
339 978 352 992 α
367 966 449 996 Cum
465 965 554 1002 olim,
569 970 708 1004 tempore
723 973 785 1004 quo
801 974 933 996 romana
949 965 1082 995 ecclesia
1099 974 1153 1003 per
1168 964 1235 994 obi—

228 1023 294 1049 tum
307 1018 410 1049 felicis
420 1018 647 1048 recordationis
658 1018 794 1048 Honorii
806 1027 883 1057 pape
893 1017 991 1054 111112,
1003 1017 1234 1056 predecessoris

227 1072 340 1108 nostri,
358 1071 498 1107 vacabat,
514 1080 564 1101 res
580 1072 647 1101 sive
664 1071 746 1101 bona
762 1080 823 1110 que
838 1071 970 1100 suerunt
983 1071 1066 1101 hone
1080 1070 1235 1101 memorie

226 1126 326 1162 Petri,
344 1125 607 1163 Capudaquensis
625 1125 773 1163 episcopi,
793 1124 916 1163 pridem
933 1123 993 1163 [...]
1009 1127 1167 1154 remearet
1182 1133 1235 1154 na-

225 1185 295 1211 ture
311 1181 457 1211 debitum
472 1179 679 1218 persolventis
693 1184 796 1218 etque
811 1188 907 1218 penes
924 1184 950 1209 te
963 1179 1107 1218 aliosque
1122 1180 1234 1219 [socios

226 1239 295 1265 tuos
321 1234 359 1264 de
383 1234 530 1264 societate
552 1233 705 1272 filiorum]
730 1233 939 1271 Bonsignoris
959 1237 989 1262 et
1010 1233 1234 1264 Bonaventure

228 1286 422 1317 Bernardini
432 1286 470 1315 de
482 1285 576 1315 Senis
586 1285 619 1314 in
630 1285 806 1324 depositum
818 1285 877 1324 [...,
887 1285 925 1315 de
936 1285 1096 1323 mandato]
1106 1285 1233 1324 collegii

226 1339 440 1370 cardinalium
464 1338 607 1377 ejusdem
629 1338 776 1375 ecclesie,
794 1338 833 1367 de
853 1347 990 1377 quorum
1007 1347 1142 1368 numero
1158 1343 1233 1369 tunc

225 1401 364 1428 eramus,
379 1400 433 1431 per
449 1391 602 1421 dilectum
617 1391 721 1421 filium
734 1392 784 1427 13„
796 1391 934 1430 came[re
950 1395 1056 1421 nostre
1067 1391 1230 1429 clericum,

224 1445 307 1485 ⁴cive]
328 1446 412 1475 vocis
427 1444 555 1475 oraculo
573 1444 628 1474 tibi
644 1444 724 1474 facto
735 1467 743 1481 ,
761 1444 875 1474 dilecto
892 1444 957 1474 filio
974 1444 1127 1482 magistro
1142 1445 1231 1474 Ran-

225 1508 312 1538 gero,
337 1498 465 1534 clerico,
494 1498 609 1528 nuntio
632 1502 663 1528 et
686 1498 882 1536 procuratori
908 1497 1100 1528 venerabilis
1127 1498 1232 1528 fratris

224 1551 341 1592 [nostri
354 1551 406 1587 G„
424 1551 573 1591 episcopi]
591 1551 791 1588 Sabinensis,
807 1550 976 1590 apostolice
992 1551 1075 1581 sedis
1091 1551 1187 1589 legati
1203 1555 1232 1582 et

224 1614 289 1636 nna
305 1614 376 1635 cum
393 1604 509 1635 dilecto
525 1604 592 1634 filio
609 1604 707 1634 nobili
725 1604 792 1634 viro
811 1604 869 1641 R.,
887 1604 1002 1634 comite
1017 1605 1230 1642 Atrebatensi,

169 1670 171 1672 ·
224 1659 324 1698 bajuli
341 1658 433 1696 regni
449 1658 568 1695 Sicilie,
588 1667 623 1688 ac
642 1658 803 1696 regiorum
819 1657 974 1688 heredum
992 1662 1022 1688 et
1038 1659 1232 1689 venerahilis

224 1712 332 1742 fratris
350 1712 449 1741 nostri
467 1733 486 1740 ..
501 1711 764 1749 Capudaquensis
780 1711 928 1750 episcopi,
946 1711 1002 1749 qui
1017 1711 1119 1741 eidem
1139 1712 1232 1742 Petro

225 1766 387 1800 successit,
407 1773 532 1795 necnon
549 1769 578 1794 et
594 1765 778 1794 monasterii
794 1764 986 1794 monialium
1005 1764 1119 1795 Sancte
1135 1765 1232 1795 Anne

223 1819 262 1849 de
285 1819 440 1853 Nuceria,
460 1818 582 1848 ordinis
604 1818 712 1848 Sancti
735 1818 928 1856 Augustini,
949 1817 1150 1848 Salernitane
1168 1818 1231 1849 dio-

223 1873 315 1908 cesis,
329 1871 495 1910 recipienti
511 1880 547 1900 ea
563 1871 695 1901 nomine
710 1871 852 1909 ipsorum
868 1871 1071 1910 aliorumque
1083 1872 1230 1902 omnium

222 1925 278 1964 qui
294 1925 332 1954 de
347 1925 416 1964 jure
432 1929 562 1963 possent
577 1929 607 1954 et
622 1924 775 1954 deberent
790 1928 895 1963 petere
911 1924 994 1954 hona
1010 1925 1078 1963 ipsa
1095 1924 1145 1955 vel
1161 1935 1232 1964 par-

224 1983 286 2009 tem
313 1978 455 2017 aliquam
479 1978 684 2015 eorumdem,
710 1982 763 2008 tuo
788 1982 817 2007 et
841 1978 998 2008 sociorum
1020 1986 1056 2008 ac
1074 1978 1232 2008 societatis

222 2031 438 2070 predictorum
463 2031 596 2061 nomine
618 2031 742 2068 integre
765 2031 894 2060 duxeris
913 2031 1119 2069 assignanda,
1142 2037 1234 2071 prout

222 2084 349 2123 plenius
366 2084 458 2114 nobis
474 2088 607 2120 constat,
626 2093 726 2122 eaque
742 2083 902 2122 predictus
919 2083 1044 2122 legatus
1064 2093 1097 2114 se
1113 2090 1234 2115 asserat

222 2137 262 2167 ab
277 2137 387 2167 eodem
403 2137 517 2167 nuntio
529 2137 696 2176 recepisse,
711 2146 768 2167 nos
779 2137 1031 2175 assignationem
1044 2137 1233 2176 hujusmodi

222 2198 240 2219 a
257 2194 284 2220 te
301 2190 414 2220 factam
430 2194 531 2219 ratam
548 2190 701 2220 hahentes
718 2195 747 2219 et
761 2197 898 2228 gratam,
914 2189 971 2220 has
985 2189 1106 2220 litteras
1123 2191 1180 2221 tibi
1193 2191 1233 2221 ad

223 2247 312 2273 tuam
338 2248 368 2273 et
392 2244 550 2274 sociorum
574 2252 610 2273 ac
633 2243 792 2274 societatis
813 2244 999 2274 eorumdem
1020 2244 1176 2274 cautelam
1198 2245 1232 2274 in

222 2296 411 2335 hujusmodi
433 2296 479 2325 rei
506 2296 723 2326 testimonium
749 2296 953 2326 concedimus
978 2296 1017 2326 de
1040 2298 1142 2335 gratia
1164 2307 1232 2337 spe-

223 2348 307 2379 ciali.
326 2349 396 2390 Dat.
414 2349 522 2387 Reate,
538 2358 583 2378 1111
596 2348 750 2379 kalendas
766 2349 968 2388 septembris,
985 2358 1071 2381 anno
1086 2351 1201 2389 primo.
1216 2363 1231 2378 »

296 2529 346 2557 '2¹
358 2528 415 2556 14
840 2528 932 2561 Ricti,
951 2529 983 2556 13
998 2529 1159 2558 aout1288.

258 2590 399 2625 Regimen
417 2591 542 2617 civitatis
558 2590 707 2618 Firmanae
719 2592 832 2627 accipit.
853 2591 922 2624 (Fol.
939 2592 972 2620 23
988 2593 1036 2626 ro.)

263 2693 372 2722 Dilecto
391 2693 455 2729 filio
479 2714 499 2721 ..
525 2695 680 2733 potestati,
701 2695 827 2723 consilio
843 2699 869 2723 et
889 2697 1045 2724 communi
1062 2696 1230 2727 Firmanis.

228 2757 240 2772 ι
257 2745 346 2775 Inter
361 2745 455 2775 urbes
472 2749 629 2775 ceteras..
648 2746 731 2776 Sane
750 2745 862 2776 libenti
879 2751 909 2776 et
923 2747 1093 2778 affectuoso
1109 2749 1231 2788 recepi-

221 2807 294 2828 mus
314 2798 423 2828 animo
446 2797 568 2828 litteras
591 2803 712 2828 vestras
733 2804 763 2828 et
780 2799 951 2838 syndicum
972 2809 1051 2839 quos
1072 2809 1176 2840 nuper
1192 2801 1231 2832 ad

222 2859 280 2881 nos
297 2851 436 2889 dirigere
456 2851 645 2889 curavistis,
663 2860 718 2890 per
734 2861 786 2882 eos
805 2853 897 2883 nohis
912 2853 1049 2884 civitatis
1063 2855 1132 2894 jam
1150 2855 1233 2886 dicte

222 2904 368 2943 regimen
390 2913 445 2944 pro
468 2913 554 2935 anno
578 2905 682 2935 futuro
703 2905 742 2934 ab
765 2905 919 2936 Omnium
941 2906 1130 2938 Sanctorum
1153 2908 1232 2939 sesto

222 2963 357 2988 venturo
371 2958 516 2998 proxime
533 2958 752 2988 inchoandum
768 2959 971 2991 devotissime
986 2961 1167 2999 offerentes,
1180 2962 1231 2992 in-

1317 356 1395 387 time
1415 357 1599 388 dilectionis
1619 358 1769 389 affectum
1785 366 1881 397 quem
1899 366 1974 396 erga
1994 367 2163 398 personam
2183 364 2323 397 nostram

1315 409 1444 447 abolim,
1465 410 1542 441 dum
1559 419 1617 441 nos
1635 411 1741 442 minor
1759 415 1858 442 status
1874 411 2018 449 haberet,
2036 420 2092 442 vos
2109 421 2220 450 gerere
2235 416 2322 448 novi·
2364 431 2365 436 =

1316 472 1389 494 mus
1411 463 1505 494 claris
1523 464 1647 494 inditiis
1662 464 1859 495 ostendendo
1928 465 2113 504 hujusmodi
2129 465 2330 502 oblationem.

1316 517 1554 547 admittimus...
1581 517 1650 548 Dat.
1679 518 1797 556 Reate,
1821 518 1927 549 idibus
1952 519 2098 557 augusti,
2123 520 2348 567 pontificatu.qu¹

1317 569 1418 600 nostri
1435 578 1522 600 anno
1539 570 1656 609 primo.
1679 582 1692 598 »

1389 742 1441 769 ’71
1453 743 1575 772 15³2!
1589 743 1645 772 18
1938 742 2026 777 Rieti,
2045 743 2076 770 13
2092 744 2160 771 aodt
2178 743 2254 773 1288.

1354 803 1529 831 Potestatem
1546 805 1574 832 in
1591 805 1706 832 civitate
1723 804 1856 832 Fit-mana
1871 805 2033 832 constituit.
2053 805 2124 839 (Fol.
2141 805 2176 834 23
2191 806 2240 841 ro.)

1357 907 1467 936 Dilecto
1484 907 1549 943 filio
1565 907 1663 936 nobili
1677 907 1743 936 viro
1759 907 1898 936 Hubaldo
1917 907 1951 936 de
1975 907 2170 937 Vermonellis
2186 908 2221 938 de
2234 909 2254 939 L

1318 959 1354 989 Ei
1380 959 1552 989 Firmanae
1581 959 1721 990 civitatis
1745 960 1891 998 regimen
1917 960 2109 997 committit,
2135 960 2311 1002 additquo',

1319 1024 1333 1039 α
1352 1013 1546 1043 Discretioni
1563 1017 1614 1043 tue
1629 1022 1684 1052 per
1697 1013 1868 1052 apostolica
1885 1013 2002 1052 scripta
2019 1014 2210 1045 mandamus
2223 1006 2322 1055 quai}-

1317 1074 1390 1102 nus,
1403 1066 1429 1096 si
1441 1067 1611 1105 contigerit
1627 1071 1655 1097 te
1670 1067 1818 1104 regimen
1834 1067 1975 1107 recipere
1991 1071 2216 1104 memoratum,
2233 1067 2313 1100 famo

1316 1119 1360 1149 lia
1383 1124 1413 1149 et
1434 1120 1507 1149 aliis
1529 1120 1739 1157 necessariis,
1755 1121 1846 1159 juxta
1862 1124 2005 1151 tenorem
2024 1120 2136 1152 cedule
2153 1129 2251 1161 quam
2275 1117 2312 1149 Μ’

1316 1174 1376 1204 sub
1392 1173 1480 1203 hulla
1498 1178 1605 1203 nostra
1624 1173 1796 1212 dirigimus
1812 1173 2030 1211 interclusam,
2047 1175 2259 1214 quantitatem
2274 1178 2315 1207 8²

1315 1226 1388 1257 larii
1413 1231 1444 1257 et
1468 1227 1591 1257 familie
1617 1235 1790 1257 numerum
1817 1228 2069 1266 exprimentem,
2099 1232 2129 1259 te
2158 1220 2324 1268 prepari

1315 1289 1475 1319 procures,
1495 1284 1528 1310 ut
1544 1280 1579 1310 in
1604 1280 1741 1311 termino
1756 1280 1790 1310 in
1806 1280 1918 1310 eadem
1933 1289 2082 1320 expresso
2098 1281 2211 1312 cedula
2225 1285 2323 1321 posu*

1315 1333 1354 1363 ad
1370 1333 1531 1363 civitatem
1547 1333 1733 1372 predictam,
1746 1337 1851 1364 actore
1865 1334 2016 1371 Domino,
2031 1335 2210 1373 pervenire.
2223 1332 2317 1366 Non·

1316 1386 1551 1417 nichilominus
1571 1387 1655 1426 quod
1673 1396 1767 1426 super
1785 1387 1844 1417 hoc
1863 1388 1976 1417 ieceris
1993 1396 2048 1426 per
2065 1410 2086 1418 ..
2103 1387 2236 1418 latorem
2250 1397 2271 1428 p
2293 1402 2317 1419 tn

1315 1440 1456 1470 sentium
1476 1449 1573 1478 quam
1593 1440 1690 1470 citius
1708 1441 1830 1479 precise
1847 1449 1884 1470 ac
1901 1440 2044 1480 plenarie
2063 1449 2286 1480 responsurus.
2315 1451 2319 1454 ’

1357 1506 1371 1521 «
1389 1493 1560 1523 Probitatis
1576 1493 1764 1532 multiplicis
1780 1494 1931 1524 merita...
1946 1510 1988 1517 —
2003 1494 2074 1525 Dat.
2094 1497 2130 1524 ut
2144 1502 2250 1534 supra.
2267 1505 2283 1524 ι

1357 1559 1370 1575 α
1389 1536 1469 1578 Ine.
1485 1556 1529 1577 m.
1544 1547 1658 1577 dilecto
1673 1547 1740 1577 filio
1757 1547 1858 1578 nobili
1876 1547 1944 1578 viro
1961 1547 2079 1578 Sclatte
2101 1547 2140 1578 de
2157 1547 2262 1579 Cance
2286 1553 2315 1574 ²:-

1315 1600 1373 1630 riis
1391 1600 1430 1631 de
1446 1601 1593 1631 Pistorio.
1616 1613 1629 1628 n

1356 1666 1370 1681 α
1390 1654 1429 1684 Iu
1445 1663 1473 1685 e.
1491 1664 1533 1684 m.
1553 1654 1652 1685 nobili
1669 1654 1738 1685 viro
1756 1654 1920 1693 phylippo
1935 1654 2072 1685 Soffredi
2087 1654 2127 1685 de
2141 1654 2291 1686 Pistorio.
2310 1691 2312 1693 ,

1356 1720 1369 1735 α
1397 1709 1435 1738 In
1462 1717 1488 1738 e.
1509 1717 1553 1738 m.
1582 1707 1698 1738 dilecto
1718 1707 1786 1738 filio
1808 1708 1980 1738 Ambrosio
2003 1707 2042 1738 de
2066 1707 2219 1746 Pistorio,
2241 1707 2278 1747 ju
2294 1721 2315 1742 ·,

1313 1761 1419 1792 civilis
1435 1761 1617 1800 professori.
1637 1772 1651 1789 i»

1387 1935 1438 1963 τι
1449 1934 1502 1963 19
1837 1933 1925 1968 Rieti,
1944 1933 1976 1961 ιο
1993 1933 2156 1969 septembre
2173 1933 2252 1962 1288.
2281 1918 2283 1927 ¹

1350 1996 1482 2024 Remittit
1498 1997 1552 2024 iter
1566 1996 1602 2023 ad
1617 1996 1726 2024 limina.
1742 1996 1814 2030 (Fol.
1830 1996 1864 2024 23
1881 1997 1932 2030 νο.)

1361 2099 1529 2145 Venerabili
1565 2100 1662 2136 fratri
1691 2100 1847 2129 Bernardo
1858 2122 1866 2138 ‚
1900 2100 2033 2138 episcopo
2070 2099 2222 2129 Barchino

1357 2164 1372 2181 «
1390 2153 1434 2183 Ex
1451 2157 1538 2191 parte
1555 2156 1644 2182 tua...
1661 2168 1701 2175 —
1716 2152 1787 2182 Dat.
1806 2152 1920 2190 Reate,
1937 2161 1985 2182 1111
2001 2151 2075 2182 idus
2089 2151 2288 2191 septembris.
2307 2161 2318 2182 2

1388 2326 1413 2354 ’ἵ
1423 2326 1509 2354 120
1936 2324 2025 2359 Rieti,
2043 2323 2076 2352 18
2091 2324 2160 2351 aodt
2175 2323 2255 2352 1288.

1352 2388 1394 2415 De
1432 2391 1527 2415 castro
1565 2387 1748 2415 Montiscalvi
1785 2387 1820 2415 ab
1848 2386 1972 2414 ecclesia
1999 2395 2118 2414 romana
2143 2394 2281 2423 recupera
2297 2398 2323 2412 ι

1315 2437 1385 2472 (Fol.
1403 2437 1438 2465 23
1451 2441 1501 2470 vv.)

1355 2539 1466 2570 Dilecto
1484 2540 1549 2578 filio
1570 2540 1667 2570 nobili
1687 2539 1755 2569 viro
1775 2539 1911 2569 Iohanni
1929 2539 1964 2568 de
1984 2537 2172 2576 columpna,
2192 2537 2274 2569 Maro
2303 2534 2321 2572 ἐξ,

1313 2594 1525 2624 Αησὴοηῑιαηε
1542 2593 1663 2623 rectori.
1682 2604 1697 2620 «
1716 2592 1857 2622 Tuarum
1873 2591 1955 2622 serie
1973 2590 2155 2621 litterarum
2169 2599 2249 2630 quas
2263 2598 2316 2622 nm

1315 2655 1370 2685 per
1386 2638 1480 2677 nobis
1497 2650 1549 2676 tua
1566 2645 1746 2676 sollicitudo
1762 2644 1878 2675 direxit
1890 2644 2081 2683 diligentius
2094 2643 2266 2682 intellecta,
2297 2641 2317 2672 ⁰..

1314 2699 1452 2730 dicimus
1471 2699 1557 2739 quod
1578 2699 1727 2730 homines
1749 2699 1845 2729 castri
1869 2696 2091 2735 Montiscalvi,
2119 2697 2177 2737 qui
2204 2700 2311 2728 teme·-

1313 2753 1422 2792 ipsum
1437 2752 1472 2782 in
1489 2751 1663 2783 rebellione
1680 2752 1840 2789 tenebant,
1859 2751 1928 2789 tibi,
1947 2759 2021 2781 cum
2036 2749 2118 2781 illud
2134 2757 2318 2792 congrega

1314 2805 1579 2836 circumdedisses
1600 2805 1758 2842 exercitu,
1785 2812 1888 2843 nuper
1913 2803 1948 2833 in
1975 2802 2057 2834 festo
2083 2796 2313 2842 Αεειιωρῐὶοῗ

1314 2858 1404 2889 beate
1422 2858 1560 2897 virginis
1576 2859 1719 2898 proximo
1737 2857 1938 2897 precedente,
1957 2859 2065 2886 nostro
2081 2858 2111 2885 et
2127 2854 2258 2886 ecclesie
2295 2867 2301 2879 ·

1314 2920 1410 2942 mane
1439 2912 1571 2942 nomine
1603 2911 1839 2949 tradiderunt,3
1854 2908 2024 2941 nonnullis
2056 2907 2282 2948 promissionib
2309 2940 2314 2942 .

1314 2965 1445 3005 prefatis
1460 2965 1646 2996 hominibus
1662 2973 1681 2995 a
1699 2968 1728 2995 te
1745 2964 1846 3001 factis,
1864 2971 2003 3003 quarum
2017 2961 2054 2992 in
2071 2961 2192 2993 eisdem
2206 2960 2244 2992 lit
2263 2973 2269 2986 ι
2293 2958 2300 2966 “
2320 2963 2323 2979 ³
