2393 3496
697 353 834 384 TABLE
858 342 1191 389 ALPHABEiTIQUE
1214 353 1293 384 DES
1316 354 1490 384 INCIPIT.
2070 359 2144 390 1091

51 422 101 454 Ne
115 419 280 451 occasione
297 418 477 457 prolixioris
494 418 582 456 3647,
600 419 688 450 3648.

50 475 100 506 Ne
117 476 243 512 propter
261 481 428 502 causarum
449 473 517 502 460.

51 528 100 559 Ne
118 527 286 557 thesaurus
301 525 447 555 litteralis
465 526 553 558 7058.

49 581 100 612 Ne
115 580 202 617 virge
218 578 383 616 vigilantis
400 579 467 608 754.

50 632 261 665 Necessitates
291 631 485 661 miserabilis
514 637 596 662 terre
623 632 810 668 2265-2267,
839 632 936 669 2270,
961 631 1056 669 7529,

89 686 105 714 7
148 684 177 713 0.

51 684 196 770 Nefiide
212 738 463 776 presumptionis
481 747 626 768 excessus
645 739 829 769 1191-1195.

51 790 189 822 Nefandi
207 790 325 820 furoris
341 791 527 820 immanitas
544 791 728 821 2252-2257.

0 881 1 886 ¹
51 843 257 876 Nobilitatern
274 844 403 881 generis
419 843 597 874 litterarum
614 845 683 880 654,
701 845 768 875 655.

49 895 213 927 Nobilitati
233 900 283 925 tue
299 896 437 925 libenter
452 896 541 934 6513,
560 897 648 927 6514.

49 948 120 980 Non
136 948 256 987 absque
274 948 373 978 letitie
389 950 576 979 6670-6672.

49 1001 123 1033 Non
139 1006 185 1031 est
200 1002 291 1031 nohis
307 1002 395 1039 4219,
415 1002 501 1032 4220.

49 1054 122 1085 Non
139 1057 185 1084 est
201 1055 310 1092 petitio
327 1055 394 1092 249,
414 1055 502 1085 5330.

48 1107 114 1138 Non
132 1106 202 1136 sine
218 1108 332 1145 grandi
353 1108 438 1139 1389.

49 1159 212 1190 Nonnulla
228 1160 266 1190 de
283 1165 364 1190 statu
382 1162 567 1192 5450—5455.

48 1212 140 1243 Nosti
157 1212 203 1242 fili
221 1217 313 1252 teque
330 1214 418 1244 4300.

49 1265 140 1296 Nosti
156 1266 242 1304 quod
256 1266 497 1298 Cameracensis
512 1269 601 1298 6141.

50 1318 157 1349 Nostis
172 1319 309 1357 qualiter
325 1320 480 1351 hactenns
497 1322 565 1352 562.

51 1371 156 1402 Nostis
172 1377 206 1402 ut
222 1373 384 1403 credimus
401 1374 489 1405 7389.

51 1424 183 1455 Noverit
200 1427 393 1458 universitas
410 1434 512 1459 vestra
529 1429 597 1467 434,
616 1430 705 1460 4476.

51 1478 147 1509 Novit
161 1479 200 1508 ab
215 1479 292 1509 olim
310 1481 395 1511 6779.

51 1531 146 1561 Novit
160 1533 290 1568 animus
307 1535 545 1572 magnificentie
562 1536 650 1566 6858.

50 1584 202 1614 Numinis
220 1588 351 1625 superui
369 1588 551 1626 benignitas
568 1589 656 1626 3011,
674 1589 763 1628 3271,
780 1589 870 1628 3402,
887 1590 975 1622 4230.

50 1637 159 1677 Nuper
173 1639 355 1677 accepimus
371 1641 456 1679 quod
472 1641 562 1679 7004,
580 1641 668 1672 7005.

50 1690 159 1729 Nuper
175 1691 215 1721 ad
231 1692 422 1731 apostolatus
439 1694 508 1732 574,
529 1694 617 1733 2230,
638 1695 726 1726 2231.

0 1763 2 1776 .
49 1743 159 1782 Nuper
181 1744 220 1774 ad
243 1745 443 1776 audientiam
468 1747 523 1785 16,
541 1748 617 1786 582,
638 1748 711 1786 902,
733 1749 826 1787 5340,
849 1749 941 1788 6039,
964 1750 1057 1781 6987-

89 1796 176 1834 6992,
193 1797 379 1829 7017-7024.

0 1843 4 1885 Ι
50 1849 158 1888 Nuper
172 1850 211 1880 ad
227 1860 321 1882 aures
339 1853 427 1883 7258.

51 1902 158 1941 Nuper
173 1903 211 1932 ad
229 1913 286 1934 nos
302 1905 390 1935 7273.

49 1955 158 1994 Nuper
171 1957 210 1986 ad
230 1962 370 1988 nostram
387 1959 477 1990 7123.

0 1998 5 2056 '7
49 2008 158 2047 Nuper
178 2010 216 2039 ad
239 2015 383 2041 nostrum
404 2012 477 2050 623,
496 2013 569 2050 709,
586 2014 656 2051 710,
673 2015 747 2052 752,
765 2015 838 2053 753,
857 2017 945 2054 2176,
965 2016 1053 2054 3681,

0 2054 2 2061 '
87 2061 182 2108 4379,
199 2063 291 2100 4382,
310 2064 404 2102 4383,
421 2066 509 2103 4419,
532 2067 626 2104 4420,
643 2067 732 2107 4423,
750 2069 839 2106 5179,
859 2069 947 2107 7078,
965 2071 1053 2109 7081,

86 2115 173 2153 7136,
194 2116 282 2154 7137,
301 2118 389 2154 7169,
410 2119 499 2156 7207,
516 2119 609 2156 7208,
627 2120 720 2160 7331,
741 2121 834 2160 7375,
854 2123 948 2162 7440,
964 2124 1054 2154 7485.

0 2160 5 2219 'f
47 2168 156 2208 Nuper
170 2170 209 2199 ad
225 2172 416 2209 presentiam
436 2173 523 2202 7516.

47 2221 155 2260 Nuper
170 2222 372 2254 celsitudinis
390 2227 477 2263 regie
495 2226 581 2256 1906.

47 2274 155 2314 Nuper
170 2276 263 2306 certis
280 2277 335 2307 tibi
353 2278 441 2308 7196.

45 2326 154 2366 Nuper
169 2328 335 2359 Conradus
353 2331 391 2360 de
407 2332 496 2361 7254.

6 2378 7 2382 ’
46 2379 155 2420 Nuper
172 2390 244 2411 curn
262 2382 300 2412 de
317 2383 405 2421 7340,
425 2385 513 2416 7341.

45 2432 154 2472 Nuper
169 2434 207 2464 de
223 2435 336 2466 dilecto
351 2436 440 2468 3595.

46 2485 155 2525 Nuper
170 2487 279 2519 dilecti
296 2489 357 2519 filii
379 2491 444 2527 152,
464 2491 531 2531 153,
549 2493 617 2531 615,
635 2493 724 2533 4057,
743 2494 831 2531 4058,
852 2496 939 2527 7518.

47 2539 155 2579 Nuper
169 2540 285 2572 dilecto
301 2543 366 2573 filio
383 2544 472 2582 5751,
489 2545 579 2584 7192,
598 2547 686 2578 7193.

48 2592 156 2632 Nuper
171 2594 361 2626 electionem
380 2597 495 2628 factam
510 2598 599 2630 2713.

24 2644 27 2648 '
47 2645 155 2685 Nuper
170 2647 341 2679 electiones
360 2650 394 2679 in
413 2650 502 2682 5329.

47 2696 155 2737 Nuper
170 2709 205 2730 ex
224 2706 310 2740 parte
328 2703 431 2734 17-19.

47 2749 155 2790 Nuper
170 2753 202 2782 in
220 2754 271 2784 die
288 2755 376 2786 2178.

46 2803 155 2844 Nuper
170 2809 400 2838 monasterinm
417 2810 449 2840 S,
467 2811 592 2842 Antimi
607 2812 697 2844 5901.

46 2857 155 2897 Nuper
171 2861 263 2890 nobis
280 2870 317 2891 ex
335 2862 423 2893 2355.

17 2915 19 2923 ¹
46 2909 156 2950 Nuper
171 2914 262 2944 nobis
281 2915 343 2944 fide
362 2916 450 2946 2174.

14 2991 15 2994 ,
46 2963 156 3003 Nuper
172 2967 263 2996 nobis
280 2977 334 3006 per
351 2969 439 3000 7338.

12 3035 15 3044 ,-
47 3015 156 3056 Nuper
171 3027 234 3049 11011
251 3020 321 3050 51110
338 3022 426 3060 7124,
444 3023 534 3062 7172,
552 3024 641 3055 7302.

1141 419 1252 458 Nuper
1270 429 1328 450 nos
1343 420 1382 450 ad
1401 421 1489 452 7501.

1142 472 1252 510 Nuper
1268 473 1482 512 Raymundus
1501 478 1575 504 tunc
1595 475 1737 506 131-134.

1141 525 1251 563 Nuper
1267 525 1471 562 significante
1488 528 1579 558 nobis
1599 528 1684 558 1616.

1141 578 1252 616 Nuper
1269 583 1296 608 te
1315 588 1332 608 a
1348 580 1436 609 7506.

1141 631 1252 669 Nuper
1270 636 1297 661 te
1313 633 1396 670 apud
1413 633 1501 662 5846.

1142 683 1252 721 Nuper
1268 684 1325 713 tibi
1343 694 1398 723 per
1414 685 1501 722 4309,
1519 687 1606 716 7176.

1142 736 1253 774 Nuper
1271 737 1462 768 Tuamensis
1478 740 1610 769 ecclesie
1632 740 1716 771 1048.

1142 789 1252 827 Nuper
1269 792 1444 820 venerabili
1464 792 1553 821 fratri
1571 793 1658 822 6974.

1144 842 1255 880 Nuper
1271 843 1412 874 volentes
1429 845 1542 875 dilecto
1558 846 1645 875 5818.

1143 895 1256 933 Nuper
1273 895 1415 926 volentes
1433 898 1485 926 tibi
1507 898 1593 928 5817.

1143 1000 1191 1030 Ob
1209 1004 1333 1031 tuorum
1351 1002 1516 1032 carissime
1536 1004 1601 1033 124.

1141 1052 1235 1082 Obitu
1253 1053 1333 1083 bone
1351 1056 1504 1085 memorie
1522 1057 1610 1086 7246.

1141 1105 1254 1135 Oblata
1270 1115 1373 1145 nuper
1392 1109 1483 1138 nobis
1502 1109 1588 1139 6951.

1141 1157 1286 1188 Occurrit
1304 1159 1363 1189 1100
1381 1162 1519 1199 [empore
1538 1163 1719 1193 1158-1161.

1141 1211 1289 1241 Occurrit
1308 1213 1399 1243 nobis
1421 1214 1459 1244 de
1485 1215 1577 1253 1107,
1602 1217 1691 1254 1108,
1713 1218 2151 1259 1854,1872,1878,1917,

1183 1265 1270 1302 2409,
1289 1266 1375 1302 2765,
1397 1268 1485 1305 2771,
1503 1269 1592 1306 6946,
1613 1270 1700 1301 7392.

1142 1318 1288 1350 Occurrit
1304 1325 1410 1351 nostre
1426 1323 1694 1354 considerationis
1713 1326 1781 1356 717.

1142 1374 1289 1402 Occurrit
1306 1376 1421 1404 nostris
1438 1377 1585 1407 sensibus
1600 1378 1689 1408 4430.

1142 1425 1246 1456 Offic1i
1263 1428 1354 1457 nobis
1371 1438 1405 1457 ex
1424 1429 1607 1461 3878-3883.

1142 1478 1245 1509 Officii
1263 1483 1363 1510 nostri
1378 1482 1520 1512 debiturn
1538 1485 1586 1520 51,
1605 1485 1652 1522 52,
1671 1485 1759 1522 4647,
1778 1486 1866 1524 4648,
1885 1487 2071 1520 7031-7035.

1142 1532 1245 1563 Officii
1262 1535 1360 1564 nostri
1381 1536 1473 1565 nobis
1490 1537 1674 1574 3935-3939,
1693 1538 1780 1569 4736.

1142 1586 1245 1616 Officii
1263 1588 1363 1617 nostri
1381 1597 1438 1618 nos
1454 1590 1541 1620 7029.

1142 1639 1227 1669 Olim
1243 1640 1283 1670 ad
1300 1646 1442 1671 nostram
1461 1642 1550 1672 6840.

1142 1691 1229 1722 Olim
1246 1693 1285 1722 ad
1302 1694 1567 1733 supplicationem
1587 1696 1672 1733 1942,
1694 1697 1776 1728 1943.

1141 1744 1227 1775 Olim
1242 1747 1458 1777 Avinionensi
1475 1748 1609 1778 ecclesia
1625 1749 1693 1780 532.

1141 1798 1228 1828 Olim
1243 1799 1326 1830 bone
1342 1801 1496 1830 memorie
1513 1802 1582 1831 677.

1140 1851 1227 1882 Olim
1244 1861 1318 1882 cum
1334 1853 1418 1884 clare
1434 1854 1522 1884 6780.

1140 1905 1226 1935 Olim
1243 1906 1376 1936 dilectus
1392 1907 1479 1937 filius
1496 1908 1564 1946 243,
1581 1909 1649 1938 244.

1141 1959 1226 1989 Olim
1242 1960 1374 1990 ecelesia
1391 1961 1497 2000 Sypon
1505 1962 1571 1991 tina
1587 1963 1675 1993 6291.

1140 2012 1227 2042 Olim
1251 2012 1353 2043 felicis
1376 2015 1604 2045 recordationis
1630 2016 1702 2053 950,
1725 2017 1913 2055 1511-1516,
1937 2019 2026 2057 1817,
2052 2021 2146 2059 5755,

1180 2067 1269 2096 6703.

1139 2119 1226 2149 Olim
1244 2121 1437 2150 monasterio
1453 2120 1484 2150 S.
1503 2121 1663 2151 ι101111111115
1682 2122 1766 2152 1117.

1139 2172 1224 2203 Olim
1241 2183 1297 2211 per
1313 2173 1420 2203 sedem
1436 2174 1484 2209 75,
1508 2174 1593 2204 1398.

1139 2225 1224 2255 Olim
1240 2229 1366 2265 propter
1381 2235 1494 2264 graves
1510 2227 1597 2256 4750.

1138 2278 1223 2309 Olim
1242 2283 1304 2308 tam
1321 2280 1354 2309 in
1371 2280 1557 2310 6784-6788.

1138 2331 1223 2361 Olim
1242 2332 1297 2361 tibi
1315 2332 1370 2370 qui
1387 2332 1456 2362 455.

1137 2384 1223 2415 Olim
1242 2385 1384 2415 volentes
1399 2385 1513 2416 dilecto
1528 2385 1617 2416 6104.

1137 2438 1281 2469 Onerosa
1302 2439 1465 2477 pastoralis
1485 2439 1584 2469 officii
1610 2440 1713 2479 27-33,
1738 2442 1883 2481 745-749,
1905 2443 2051 2481 873-878,
2071 2446 2141 2484 982,

1178 2492 1266 2529 2085,
1285 2492 1373 2522 2086.

1137 2545 1259 2576 Onuste
1275 2545 1455 2584 dispendiis
1470 2550 1501 2575 et
1516 2546 1585 2576 620.

1137 2599 1214 2629 Orat
1230 2603 1330 2628 mater
1346 2598 1478 2628 ecclesia
1494 2599 1581 2629 4184.

1138 2651 1270 2681 Ordinis
1287 2651 1382 2680 vestri
1398 2656 1539 2682 meretur
1557 2652 1645 2682 6451.

1137 2704 1269 2735 Ordinis
1284 2705 1383 2734 vestri
1400 2713 1488 2734 sacra
1506 2705 1591 2735 1116.

1138 2812 1252 2841 Pacem
1270 2815 1300 2840 et
1315 2811 1455 2850 quietem
1471 2810 1540 2841 891.

1137 2865 1211 2895 Paci
1228 2870 1258 2895 et
1274 2864 1499 2903 tranquillitati
1514 2864 1602 2902 3740,
1620 2865 1710 2896 6469.

1137 2917 1309 2948 Pastoralis
1324 2918 1418 2947 officii
1434 2918 1599 2948 commissi
1617 2918 1802 2950 6817-6819.

1136 2972 1308 3001 Pastoralis
1324 2971 1420 3001 officii
1437 2980 1512 3001 cura
1527 2972 1595 3009 711,
1613 2971 1680 3009 735,
1700 2973 1786 3010 1174,
1804 2972 1892 3011 3436,
1910 2974 1999 3013 6026,
2015 2976 2103 3006 7126.

1137 3025 1307 3055 Pastor-alis
1324 3025 1420 3055 officii
1436 3024 1542 3055 debito
1559 3024 1648 3057 4380.
