2393 3496
17 0 24 287 l

885 307 1137 351 QUATRIEME
1159 306 1315 343 ANNEn.

63 386 153 416 modo
168 393 200 414 se
215 383 338 413 statutis
362 382 556 420 temporibus
579 382 613 411 in
639 382 861 421 presbyterum
883 381 1062 420 promoveri

16 463 17 466 ,
62 439 168 472 saciat,
187 441 371 475 partemque
395 435 557 465 fructuum
579 436 644 474 jam
667 439 903 474 perceptorum,
921 434 960 463 ad
981 433 1063 463 arbi-

60 493 156 523 trium
173 490 314 529 ejusdem
331 489 482 527 episcopi,
496 489 530 517 in
544 488 723 518 evidentem
739 487 908 518 utilitatem
924 487 1064 526 praedic-

65 551 165 575 tarum
180 542 386 572 ecclesiarum
403 546 577 572 convertat.

103 611 116 625 α
139 597 251 627 Petitio
273 595 380 625 dilecti
403 594 500 624 filii...
524 612 562 617 —
585 595 657 624 Dat.
679 595 793 629 Rome,
811 593 894 632 apud
915 593 1062 623 Sanctam

64 651 197 682 Mariam
214 649 380 687 Majorem,
398 657 454 677 xm
471 647 623 677 kalendas
635 647 790 686 januarii,
808 655 893 676 anno
909 650 1031 685 quarto.
1049 657 1061 671 ι)

133 833 249 863 133ἵο

100 898 229 925 Facultas
245 896 410 923 conferendi
426 896 572 923 beneficia.
593 896 673 927 (Res.
691 896 734 928 46,
751 904 776 922 c.
793 895 854 927 64⁶3,
871 896 890 921 f.
910 895 958 922 130
975 898 1020 927 νυ.)

318 833 681 867 Sainte-Marie-Majeure,
701 834 731 859 19
747 833 898 859 decembre
915 832 993 859 1291.

103 1000 245 1036 Iohanni,
272 1001 404 1037 episcopo
434 999 687 1035 Cachalaunensi,
715 998 895 1027 facultatem
922 997 1066 1027 concedit

65 1052 239 1092 recipiendi
256 1052 308 1082 vel
325 1052 466 1082 faciendi
488 1052 585 1090 recipi
603 1052 681 1082 duos
698 1052 828 1082 clericos
846 1052 879 1080 in
897 1051 1066 1081 canonicos

65 1108 98 1138 in
115 1106 246 1137 eeclesia
258 1105 529 1142 cathalaunensi,
548 1106 581 1135 in
601 1114 664 1143 qua
682 1105 910 1135 canonicorum
930 1104 1066 1142 receptio

65 1165 95 1191 et
108 1159 361 1199 praebendarum
378 1158 505 1188 collatio
523 1159 562 1187 ad
583 1167 656 1188 eum
679 1162 709 1188 et
726 1157 902 1196 capitulum
925 1165 1069 1186 corninu-

65 1214 145 1244 niter
161 1213 333 1251 pertinent.

105 1280 117 1294 u
135 1266 345 1297 Attendentes
358 1266 529 1303 benignius
543 1274 698 1303 magne...
715 1281 753 1286 —
766 1265 836 1293 Dat.
855 1264 967 1299 Rome,
983 1262 1066 1301 apud

65 1321 212 1352 Sanctam
225 1319 361 1350 Mariam
377 1320 545 1357 Majorem,
562 1328 628 1348 xnn
646 1318 799 1348 kalendas
812 1317 967 1356 januarii,
982 1325 1067 1345 anno

64 1378 184 1413 quarto.
206 1385 220 1400 ι»

137 1559 248 1587 63³„

102 1621 235 1648 Julianus
250 1620 285 1646 de
302 1620 486 1654 Hugonibus,
506 1620 673 1654 capitaneus
689 1618 813 1645 civitatis
829 1618 984 1644 Perusinae
995 1638 1002 1650 ,
1019 1626 1070 1643 co-

69 1679 127 1698 ram
143 1670 210 1697 sede
226 1669 383 1704 apostolica
396 1669 509 1695 citatur.
525 1668 608 1701 (Res.
622 1667 664 1700 46,
683 1676 708 1693 c.
723 1667 784 1700 643,
801 1667 820 1693 f.
840 1667 889 1693 130
903 1668 950 1699 iv.)

326 1556 685 1591 Saintc-Marie—Majeure,
703 1556 734 1582 ‘2²2
751 1556 902 1582 decembre
922 1555 996 1581 1291.

111 1794 130 1802 ..
148 1773 406 1810 archipresbytero
420 1769 536 1800 ecclesie
553 1771 704 1799 Perusino.
725 1782 737 1796 α
757 1768 927 1805 Querelam
941 1778 1069 1806 gravem

70 1824 260 1855 venerabilis
281 1823 388 1853 fratris
412 1824 512 1853 nostri
537 1824 586 1859 B„
609 1823 748 1861 episcopi
766 1822 932 1856 Perusini,
949 1822 1071 1860 recepi-

69 1887 139 1908 mus
158 1878 377 1908 continentem
402 1876 485 1915 quod
507 1875 659 1906 Julianus
682 1875 721 1904 de
743 1875 931 1913 Ugonibus,
958 1875 1071 1913 capita-

70 1939 147 1961 neus
174 1930 310 1960 civitatis
336 1929 509 1965 Perusina,
529 1937 593 1958 non
619 1928 786 1958 attendens
813 1927 896 1966 quod
921 1927 1013 1957 laicis
1038 1928 1072 1957 in

70 1992 218 2023 personas
245 1983 473 2013 ecclesiasticas
501 1981 591 2012 nulla
617 1985 665 2012 est
689 1982 839 2011 attributa
865 1986 1016 2019 potestas,
1044 1986 1075 2011 et

71 2037 260 2076 pretendens
288 2036 372 2075 quod
397 2036 543 2065 Andreas
567 2035 694 2070 Jacobi,
721 2034 855 2064 clericus
880 2033 1072 2070 Perusinus,

70 2088 103 2121 in
127 2091 317 2129 magistrum
334 2090 542 2125 Guariscum,
561 2089 666 2119 civem
687 2089 897 2124 Perusinum,
917 2087 1074 2118 insultum

71 2145 194 2182 fecerat,
212 2145 271 2174 Dei
288 2149 318 2174 et
332 2144 475 2174 humano
492 2143 606 2173 timore
623 2143 812 2181 postpositis,
832 2142 969 2171 eundern
986 2141 1076 2171 cleri-

70 2207 141 2229 cum
157 2207 234 2229 ausu
258 2197 412 2235 sacrilego
432 2197 500 2235 capi
525 2201 555 2226 et
573 2197 606 2225 in
631 2195 740 2225 eculeo
756 2195 875 2233 pluries
896 2194 971 2233 poni
990 2195 1074 2224 fecit.

71 2251 160 2282 Idem
187 2260 312 2290 quoque
336 2250 503 2287 Julianus,
523 2258 671 2279 asserens
688 2249 918 2278 Gualteronum
938 2248 1074 2283 Odonis.

71 2305 213 2344 ejusdem
230 2304 290 2334 loci
306 2304 492 2337 diaconum,
511 2303 677 2333 communi
694 2302 832 2332 civitatis
849 2301 1004 2340 eJ'usdern,
1023 2309 1078 2339 per

73 2356 211 2387 nobilem
232 2356 337 2386 virum
357 2355 513 2386 Jacohum
534 2355 690 2389 Bussum,
720 2353 824 2383 civem
846 2352 1075 2386 Mediolanum,

73 2409 148 2441 olim
164 2410 366 2449 capitaneum
378 2409 519 2439 civitatis
535 2408 669 2447 prefate,
686 2415 741 2446 pro
758 2415 794 2436 eo
809 2406 873 2436 sore
889 2407 923 2436 in
939 2405 1078 2444 quadam

75 2472 198 2494 summa
214 2463 348 2502 pecunie
365 2462 636 2501 condempnatum
653 2464 683 2490 et
701 2469 718 2489 a
734 2460 861 2489 civitate
884 2462 913 2488 et
930 2457 1077 2487 districtu

74 2517 232 2547 Perusino
249 2516 469 2547 forbannitum
485 2515 569 2554 quod
585 2515 671 2544 idem
686 2514 841 2544 diaconus
858 2513 990 2542 Petrum
1005 2511 1078 2541 Jar-

74 2570 163 2607 dine,
182 2570 337 2600 Perusine
352 2569 507 2605 diocesis,
525 2577 597 2598 cum
614 2567 742 2598 cultello
758 2569 961 2605 percuxerat,
980 2569 1015 2594 ut
1034 2564 1078 2594 di-

73 2623 172 2660 cebat,
202 2624 340 2653 eundem
367 2623 548 2657 diaconum,
579 2630 643 2651 non
671 2621 791 2659 absque
818 2619 989 2657 injectione
1015 2626 1080 2646 rna-

75 2685 174 2707 nuum
195 2677 229 2706 in
251 2686 337 2715 eum,
361 2676 420 2706 Dei
447 2676 558 2705 timore
581 2674 764 2713 postposito,
789 2678 907 2702 temere
927 2670 1077 2707 violenta,

76 2730 144 2769 capi
160 2730 233 2760 fecit
247 2734 276 2760 et
295 2729 484 2768 aliquandiu
501 2728 638 2758 detineri
656 2735 710 2765 pro
726 2734 784 2755 sua
800 2725 963 2754 voluntate
979 2723 1078 2762 capti-

77 2792 172 2819 vum,
191 2787 221 2813 et
234 2783 309 2813 licet
326 2782 411 2812 idem
427 2781 578 2812 Julianus
594 2780 732 2810 eundem
751 2779 940 2811 diaconum,
965 2777 1004 2806 ad
1027 2777 1078 2805 in-

74 2836 224 2866 stantiam
240 2835 384 2874 ejusdem
401 2834 550 2873 episcopi,
568 2832 763 2863 restituisset
779 2830 913 2871 pristine
928 2828 1078 2863 libertati,

75 2890 180 2927 ipsum
199 2893 320 2924 tamen,
338 2896 524 2927 quanquam
549 2885 670 2925 pluries
695 2893 789 2923 super
808 2883 869 2913 hoc
891 2891 947 2921 per
963 2881 1080 2920 episco-

75 2951 151 2980 pum
174 2942 277 2981 ipsum
298 2941 439 2971 monitus
459 2939 555 2969 fuerit
576 2943 606 2968 et
630 2937 797 2967 humiliter
819 2934 1011 2974 requisitus,
1031 2942 1079 2962 re-

78 2995 211 3024 bannire
235 3003 298 3024 non
329 3002 456 3029 curans,
489 2997 608 3031 patrem
635 2991 737 3029 ipsius
764 2989 890 3019 diaconi
917 2986 1081 3018 occasione

2089 318 2146 348 855

1145 380 1331 418 hujusmodi
1349 381 1418 420 capi
1431 381 1502 410 fecit
1517 385 1547 410 et
1561 381 1670 411 tandiu
1688 381 1824 411 detineri
1842 382 1991 411 carcerali
2007 384 2147 413 custodie

1146 433 1361 471 mancipatum
1376 434 1476 463 donec
1493 439 1580 472 pater
1595 434 1662 472 ipse
1677 435 1851 464 camerario
1867 435 2047 464 communis
2063 437 2147 473 ejus-

1145 487 1217 516 dem
1240 487 1379 516 civitatis
1408 488 1564 517 Perusine
1587 488 1748 526 quandam
1778 488 1987 526 quantitatem
2015 489 2148 526 pecunie

1145 539 1267 570 solvere
1282 545 1328 570 est
1344 545 1478 570 coactus.
1498 541 1594 571 Plura
1608 541 1738 580 insuper
1754 541 1841 571 idem
1858 541 2008 571 Julianus
2027 542 2057 570 in
2075 543 2148 570 civi-

1147 597 1207 623 tate
1224 594 1381 624 Perusina
1398 595 1537 633 predicta
1553 595 1752 624 committere
1775 604 1841 625 non
1860 600 1987 625 veretur
2001 604 2062 634 qne
2079 604 2149 624 mtt-

1146 646 1261 676 nit'este
1278 647 1459 676 redundant
1476 649 1509 676 in
1526 648 1738 686 prejudicium
1755 648 1966 677 ecclesiastice
1982 648 2147 677 libertatis.

1146 699 1251 734 Quare
1262 699 1347 728 idem
1362 700 1527 737 episcopus
1543 700 1632 729 nobis
1648 700 1813 730 humiliter
1826 701 2016 739 supplicavit
2032 705 2065 730 ut
2084 710 2150 739 pro-

1149 751 1255 781 videre
1280 760 1374 789 super
1397 752 1455 781 hoc
1476 756 1605 790 paterna
1627 752 1844 783 sollicitudine
1866 763 2062 783 curaremus.
2086 754 2149 783 No-

1147 803 1247 833 lentes
1272 804 1379 842 itaque
1411 804 1484 834 talia
1496 827 1503 841 ,
1531 806 1557 834 si
1584 814 1658 834 vera
1684 811 1778 841 sunt,
1810 807 1868 836 sub
1897 806 2152 836 dissimulatione

1148 858 1299 893 transire,
1321 857 1402 886 sicut
1424 866 1482 887 nec
1501 857 1588 887 salva
1610 858 1807 888 conscientia
1833 868 2016 897 possumus,
2034 859 2150 889 discre-

1148 909 1228 939 tioni
1252 914 1303 938 tue
1326 918 1379 948 per
1399 910 1572 948 apostolica
1593 911 1707 948 scripta
1730 911 1922 941 mandamus
1939 912 2106 950 quatinus,
2127 912 2152 940 si

1147 967 1194 992 est
1211 963 1265 998 ita,
1283 963 1439 1001 prefatum
1455 963 1623 992 Julianum
1640 972 1676 993 ex
1694 967 1781 1001 parte
1797 969 1903 993 nostra
1919 974 1973 1002 per
1991 969 2018 993 te
2034 965 2083 994 vel
2099 974 2154 1003 per

1147 1015 1246 1045 alium
1272 1016 1485 1054 peremptorie
1510 1016 1607 1046 citare
1628 1025 1776 1054 procures
1803 1021 1837 1046 ut
1858 1017 1941 1046 infra
1968 1017 2153 1055 quindecim

1147 1068 1273 1098 dierum
1288 1069 1425 1107 spatium
1444 1074 1510 1107 post
1524 1069 1710 1099 citationem
1724 1073 1811 1099 tuam
1828 1069 2034 1108 personaliter
2050 1074 2155 1099 nostro

1149 1130 1181 1151 se
1197 1122 1381 1160 conspectui
1399 1127 1611 1160 representet,
1629 1131 1720 1152 snam
1737 1123 1763 1151 si
1780 1123 1894 1161 poterit
1910 1132 2004 1161 super
2021 1123 2155 1161 premis-

1149 1175 1191 1204 sis
1216 1175 1436 1205 innocentiam
1462 1180 1650 1205 ostensurus
1674 1184 1710 1205 ac
1734 1185 1828 1214 super
1853 1176 1973 1205 eisdem
1997 1176 2156 1205 mandatis

1149 1229 1330 1268 apostolicis
1347 1229 1518 1267 pariturus,
1537 1238 1661 1259 necnon
1674 1229 1814 1259 facturus
1827 1234 1856 1259 et
1871 1235 2055 1268 recepturus
2073 1230 2155 1268 quod

1150 1283 1225 1313 ordo
1242 1283 1407 1313 dictaverit
1423 1284 1564 1314 rationis.
1586 1283 1680 1313 Diem
1702 1292 1776 1313 vero
1791 1284 1954 1313 citationis
1977 1288 2006 1313 et
2023 1284 2155 1313 sormam

1150 1341 1180 1366 et
1197 1336 1352 1375 quicquid
1370 1336 1445 1366 inde
1462 1337 1573 1366 feceris
1591 1337 1681 1366 nobis
1705 1346 1760 1375 per
1786 1341 1853 1366 tuas
1879 1341 2019 1376 patentes
2038 1337 2157 1366 litteras

1151 1390 1263 1419 harum
1290 1390 1407 1419 seriem
1430 1390 1630 1420 continentes
1656 1389 1794 1420 fideliter
1819 1390 1970 1420 intimare
1996 1399 2156 1429 procures.

1152 1444 1223 1474 Dat.
1238 1444 1349 1479 Rome,
1366 1443 1449 1482 apud
1465 1443 1614 1473 Sanctam
1629 1443 1765 1472 Mariam
1780 1443 1945 1482 Majorem,
1960 1453 1989 1472 xi
2004 1443 2158 1473 kalendas

1148 1497 1300 1535 januarii,
1319 1505 1405 1526 anno
1423 1501 1545 1535 quarto.
1566 1510 1578 1523 υ

1224 1682 1341 1710 63ἵέ

1191 1744 1232 1770 Dc
1260 1744 1434 1778 quotidianis
1462 1744 1714 1771 distributionibus
1744 1746 1771 1771 in
1802 1745 2000 1771 Ebrcduncnsi
2028 1746 2158 1772 ecclesia.

1155 1793 1237 1826 (Rati.
1256 1793 1298 1824 46,
1315 1801 1340 1819 c.
1357 1793 1418 1824 644,
1437 1794 1456 1820 f.
1475 1794 1522 1820 130
1540 1795 1586 1826 r0.)

1420 1681 1776 1716 Satnte-Marie-Majeui·e.
1795 1683 1825 1709 13
1841 1682 1992 1709 decembre
2010 1683 2087 1710 1291.

1202 1897 1367 1925 Venerabili
1389 1897 1484 1932 s‘ratrt'
1503 1919 1522 1925 ..
1548 1898 1677 1934 episcopo
1707 1897 1881 1933 Vaptncenst
1904 1896 2034 1926 mandat
2054 1902 2088 1925 ut
2111 1897 2161 1925 in-

1155 1950 1261 1988 quirat
1285 1948 1323 1978 de
1348 1949 1582 1987 opportunitate
1607 1950 1768 1987 petitionis
1790 1958 1889 1988 qua..
1907 1950 2161 1988 archiepiscopus

1158 2001 1397 2031 Ebredunensis
1422 2001 1583 2031 licentiam
1609 2003 1684 2041 petit
1710 2002 1899 2040 assignandi
1923 2003 1961 2032 de
1986 2002 2161 2032 redditibus

1157 2064 1287 2085 mensae
1303 2055 1583 2094 archiepiscopalis
1598 2064 1697 2094 usque
1710 2056 1749 2084 ad
1760 2055 1899 2085 valorem
1915 2065 2060 2085 annuum
2076 2064 2163 2085 sexa-

1156 2109 1248 2147 ginta
1264 2108 1419 2139 librarum
1438 2109 1667 2138 viennensium
1685 2109 1907 2139 Ebredunensi
1925 2109 2089 2144 ecclesiae,
2108 2117 2163 2148 pro

1157 2162 1326 2191 cotidianis
1344 2161 1623 2191 distributionibus
1639 2162 1803 2192 canonicis
1822 2165 1850 2192 et
1875 2161 1999 2192 clericis
2017 2161 2161 2192 residen-

1161 2215 1242 2244 tibus
1259 2214 1493 2244 ministrandis.

1201 2281 1213 2294 ιι
1243 2268 1393 2306 Exposuit
1417 2268 1509 2297 nobis
1533 2268 1762 2299 venerabilis...
1787 2286 1825 2290 —
1847 2269 1918 2298 Dat.
1941 2269 2054 2302 Rome,
2081 2268 2163 2306 apud

1160 2321 1310 2351 Sanctam
1340 2321 1476 2350 Mariam
1507 2321 1680 2360 Major-em,
1715 2321 1820 2351 idibus
1851 2321 2046 2357 decembris,
2080 2329 2165 2351 anno

1160 2378 1284 2413 quarto,
1304 2386 1316 2400 υ

1232 2559 1349 2588 63Ἷ3
1422 2558 1781 2593 Sainte-Marie-Majeure,
1800 2559 1832 2585 30
1848 2558 1999 2585 decembre
2020 2559 2094 2585 1291.

1198 2622 1382 2657 Dispensatio
1398 2629 1486 2656 super
1500 2621 1659 2656 pluralitate
1675 2621 1889 2648 beneficiorum.
1903 2621 1986 2656 (Rae.
2003 2621 2044 2655 46,
2062 2629 2087 2647 c.
2104 2622 2164 2652 645,

1162 2671 1180 2697 f.
1200 2671 1249 2697 130
1264 2672 1312 2703 ro.)

1210 2772 1373 2800 Venerabili
1399 2772 1494 2807 fratri
1524 2794 1543 2802 ..
1573 2773 1703 2809 episcopo
1726 2772 1912 2802 Norwicensi
1940 2771 2071 2801 mandat
2099 2777 2168 2801 uta

1165 2825 1301 2855 Roberto
1316 2824 1354 2853 de
1371 2824 1502 2860 Hulmo.
1520 2825 1716 2864 presbytero,
1734 2824 1899 2863 capellano
1916 2833 2030 2863 papae,
2049 2829 2167 2854 rectore

1163 2877 1313 2907 ecclesiae
1340 2877 1379 2906 de
1401 2877 1573 2914 Grextone,
1597 2878 1815 2908 Norwicensis
1836 2877 2001 2914 dioecesis,
2026 2878 2059 2907 E.
2086 2878 2169 2914 regis

1163 2930 1341 2968 Anglorum
1364 2929 1493 2967 clerico,
1513 2930 1584 2969 qui,
1603 2935 1727 2970 praeter
1750 2930 1918 2960 ecclesiam
1937 2930 1975 2960 de
1991 2930 2166 2966 Grextone‚

1166 2983 1333 3013 ecclesiam
1346 2982 1384 3012 de
1396 2982 1490 3013 Stoke
1505 2983 1539 3012 in
1553 2983 1733 3020 Viravillia,
1747 2983 1998 3013 Conventreusis
2013 2987 2043 3012 et
2060 2982 2170 3012 Liche-
