2393 3496
915 297 1168 342 QUATRIEME
1191 297 1347 338 ANNiin.
2120 316 2177 347 863

87 373 180 403 censis
197 372 331 400 diocesis.
353 382 367 396 «
387 369 536 400 Volentes
553 379 606 400 vos
622 376 652 400 et
668 372 899 402 monasterium
918 377 1059 402 vestrum
1075 381 1093 402 a

87 423 324 464 gravaminibus
349 432 552 462 preservare,
575 425 760 455 auctoritate
785 425 873 455 vobis
897 425 1093 464 presentium

88 475 291 514 indulgemus
308 479 343 504 nt
361 475 468 505 nullus
483 476 523 505 ad
539 477 759 515 recipiendum
776 477 919 517 aliquam
935 478 968 507 in
982 478 1093 508 eodem

89 528 278 559 monasterio
297 527 330 556 in
353 528 541 558 monacham
559 538 613 558 seu
631 538 817 559 conversam
835 539 888 560 vos
904 530 1094 569 compellere

88 581 186 622 possit
203 581 319 610 invitas
331 604 338 617 ‚
356 581 475 619 absque
491 582 662 620 apostolice
678 583 763 612 sedis
782 583 909 621 speciali
927 583 1091 619 mandato,

88 635 221 665 faciente
236 635 361 673 plenam
380 638 409 663 et
424 644 604 673 expressam
631 635 669 665 de
692 636 751 665 hac
777 636 978 674 indulgentia
1002 645 1092 665 men-

89 690 217 719 tionem.
244 687 337 717 Nulli
363 697 438 726 ergo
463 689 598 719 omnino
622 689 793 719 hominum
817 690 910 719 liceat
932 690 1016 719 hanc
1038 699 1092 728 pa-

87 743 194 780 ginam
228 745 333 771 nostre
364 742 579 771 concessionis
611 742 790 780 infringere
805 766 812 778 ,
844 748 928 772 etc...
960 743 1031 772 Dat.
1059 746 1093 771 ut

87 804 190 834 supra.
212 807 225 821 1>

154 981 272 1010 (3424

118 1042 240 1070 Easdem
255 1051 271 1069 a
287 1044 529 1078 praestationibus
546 1044 648 1078 legatis
664 1044 838 1078 apostolicae
855 1044 933 1070 sedis
953 1043 1091 1070 faciendis

84 1093 191 1120 eximit.
207 1091 290 1125 (Rea.
309 1092 351 1125 46,
368 1100 394 1118 c.
411 1092 485 1123 676⁵,
503 1092 520 1118 f.
542 1092 590 1119 135
608 1100 655 1123 v⁰;
675 1092 794 1126 Poma,
811 1092 920 1122 2389‘2.)

395 980 753 1016 Sainteivlarie-Majeure,
770 982 927 1016 t3janvie1·
942 982 1019 1008 1292).

119 1195 247 1224 Eisdem.
275 1207 287 1220 ‹-
313 1194 357 1224 Ut
379 1202 414 1224 eo
438 1193 571 1224 liberius
597 1194 718 1224 divinis
744 1194 906 1233 obsequiis
930 1198 959 1223 et
983 1198 1090 1223 sancte

81 1247 356 1287 contemplationis
369 1247 432 1278 otio
449 1248 597 1277 insistere
616 1248 746 1278 valeatis
764 1257 826 1287 quo
847 1257 900 1278 vos
918 1248 1025 1277 minus
1042 1257 1089 1277 se-

82 1300 240 1331 cularibus
267 1300 419 1331 oneribus
442 1302 664 1340 perspexeritis
692 1302 876 1340 subjacere,
905 1301 1090 1330 auctoritate

81 1353 169 1384 vobis
187 1353 384 1392 presentium
402 1353 610 1392 indulgemus
629 1359 661 1383 ut
678 1354 716 1383 ad
732 1354 960 1392 prestationem
977 1362 1089 1392 procu-

80 1406 258 1444 rationum,
278 1407 494 1443 exactionum,
515 1406 717 1437 collectarum
741 1411 771 1436 et
797 1406 1014 1436 subsidiorum
1043 1406 1088 1436 le-

80 1459 160 1498 gatis
182 1459 265 1489 sedis
287 1460 458 1498 apostolice
474 1465 505 1489 et
520 1460 777 1499 quibuscumque
800 1459 872 1490 aliis
893 1459 1087 1495 faciendam,

83 1512 212 1543 ecclesie
241 1521 373 1543 romane
401 1513 619 1543 cardinalibus
652 1513 818 1542 dumtaxat
845 1513 996 1551 exceptis,
1024 1512 1087 1542 mi-

82 1566 168 1596 nime
186 1567 360 1596 teneamini
378 1575 435 1596 nec
453 1567 492 1596 ad
508 1567 539 1596 id
556 1566 705 1606 compelli
721 1567 924 1605 aliquatenus
940 1566 1086 1602 valeatis,

82 1620 199 1659 absque
215 1620 314 1658 ipsius
332 1620 414 1649 sedis
437 1620 567 1658 speciali
590 1620 740 1650 mandato
761 1621 896 1649 faciente
914 1619 1040 1658 plenam
1059 1624 1089 1649 et

82 1681 261 1712 expressam
296 1673 335 1703 de
371 1673 497 1703 indulto
528 1674 714 1711 hujusmodi
751 1675 960 1704 mentionem.
996 1673 1086 1703 Nulli

35 1766 38 1768 Ἴ
81 1735 165 1765 ergo,
190 1730 247 1756 etc.
276 1732 382 1757 nostre
397 1727 625 1761 concessionis,
645 1732 704 1758 etc.
722 1727 755 1757 Si
771 1727 844 1766 quis
861 1731 978 1763 autem,
1001 1732 1085 1756 etc...

82 1780 151 1809 Dat.
170 1785 320 1818 utsupra.
345 1792 357 1806 n

120 1966 376 1995 6425-8430
413 1966 773 2001 Sainte-Marie-Majeure,
793 1966 824 1993 13
836 1966 949 2000 janvier
966 1965 1042 1992 1²29‘2.

111 2027 320 2063 Indulgentiae.
337 2029 419 2063 (Rae.
437 2029 480 2060 46,
498 2038 524 2056 e.
542 2030 603 2063 677,
621 2029 640 2056 f.
662 2029 708 2056 135
726 2035 777 2061 νο.)

119 2131 273 2160 Una—ersis
295 2131 410 2160 Christi
429 2132 569 2169 fidelibus
588 2137 741 2169 presentes
761 2133 877 2161 litteras
894 2132 1083 2168 inspecturis.

78 2183 316 2222 Indulgentiam
337 2184 432 2214 unius
447 2185 526 2214 anni
543 2189 574 2214 et
596 2195 633 2214 xi.
650 2185 776 2214 dierum
794 2184 940 2214 concedit
955 2184 1087 2213 visitan-

78 2236 161 2266 tibus
177 2236 343 2267 eeclesiam
362 2261 381 2267 ..
399 2237 577 2267 abbatissae
595 2241 625 2267 et
643 2242 821 2267 conventus
842 2236 1029 2267 monasterii
1047 2235 1086 2265 de

80 2288 237 2320 Belloloco
267 2299 362 2329 supra
387 2290 576 2327 Sclandam,
603 2290 725 2320 ordinis
751 2295 878 2321 sanctae
900 2290 1027 2326 Clarae,
1051 2289 1085 2318 in

80 2341 214 2379 singulis
230 2341 262 2372 S.
281 2343 456 2380 Francisci,
474 2344 506 2374 S.
525 2344 661 2373 Antonii
676 2348 705 2373 et
721 2344 829 2373 beatae
842 2343 953 2373 Clarae
968 2342 1086 2372 festivi-

80 2395 194 2425 tatibus
208 2400 238 2426 et
256 2405 310 2435 per
325 2402 393 2427 octo
406 2397 474 2427 dies
490 2402 671 2436 sequentes.

118 2461 131 2475 α
152 2449 239 2479 Licet
255 2450 282 2480 is
299 2450 375 2480 de...
393 2468 423 2472 —
452 2451 521 2480 Dat.
542 2456 697 2489 utsupra.
717 2463 729 2478 ›
752 2451 904 2490 (Forma,
922 2448 1046 2487 23800.)

396 2536 757 2571 Sainte-Marie-Majcure,
775 2537 790 2563 9
802 2537 916 2571 janvier
934 2535 1010 2562 1292.

115 2605 153 2635 In
173 2614 199 2636 e.
221 2615 278 2641 m.‚
297 2615 352 2645 pro
377 2606 510 2636 ecclesia
530 2630 549 2637 ..
571 2607 740 2644 guardiam
767 2610 796 2636 et
818 2606 952 2635 fratrum
978 2605 1083 2634 mino-

77 2667 149 2688 rum
175 2658 214 2688 de
239 2659 405 2697 Medonta,
433 2660 641 2690 Carnotensis
668 2660 838 2695 dioecesis,
866 2659 899 2689 in
927 2658 959 2687 S.
984 2659 1085 2687 Fran·
1129 2663 1131 2667 ’

75 2711 168 2748 cisci,
182 2711 214 2741 S.
230 2712 366 2742 Antonii
387 2717 417 2742 et
434 2713 545 2743 beatae
560 2713 670 2743 Clarae
687 2712 929 2748 festivitatibus,
949 2720 1002 2749 per
1017 2714 1085 2741 octo

76 2763 144 2794 dies
160 2770 330 2803 sequentes
347 2766 426 2795 etin
447 2766 669 2796 anniversario
693 2766 743 2796 die
765 2765 974 2796 dedicationis
998 2765 1083 2802 ejus-

78 2816 151 2846 dem
180 2817 341 2848 ecclesiae.
376 2819 446 2849 Dat.
482 2820 618 2855 Romae,
655 2819 739 2858 apud
771 2819 920 2848 Sanctam
951 2818 1084 2847 Mariam

77 2870 243 2909 Majorem,
260 2882 278 2901 v
294 2872 367 2902 idus
383 2873 546 2910 Januarii,
576 2881 662 2903 anno
689 2877 814 2911 quarto.
843 2884 856 2899 r>
883 2871 939 2910 (En
962 2880 1081 2908 marye,

78 2922 211 2961 PoTTn„
231 2925 352 2962 23887.)

118 2975 155 3005 In
174 2985 200 3006 e.
217 2985 282 3012 m.‚
308 2986 364 3016 pro
390 2978 510 3016 capella
530 2977 698 3017 hospitalis
719 2977 804 3017 quod
827 2976 949 3012 Maria,
972 2975 1085 3013 regina

1175 373 1338 409 Franciae,
1356 375 1391 404 in
1406 380 1507 406 castro
1521 377 1631 414 Aneti,
1646 377 1850 408 Carnotensis
1866 380 2030 419 dioecesis,
2044 382 2082 412 de
2097 391 2177 414 novo

1176 427 1309 464 propriis
1325 429 1504 467 sumptibus
1520 431 1709 467 construxit,
1726 432 1760 461 in
1780 432 1948 463 festivitate
1971 439 2096 464 sanctae
2114 436 2177 465 He-

1175 477 1327 516 lisabetb,
1344 480 1377 510 iu
1401 482 1491 521 cujus
1510 482 1664 513 honorem
1685 484 1721 514 in
1739 485 1849 515 eadem
1864 485 1997 516 ecclesia
2015 496 2116 518 unum
2131 488 2178 518 at-

1177 535 1240 561 tare
1257 538 1303 562 est
1319 539 1471 573 erectum,
1490 540 1520 566 et
1536 545 1589 575 per
1604 540 1672 567 octo
1687 538 1754 568 dies
1772 543 1953 578 sequentes.
1977 541 2048 571 Dat.
2071 546 2105 571 ut
2122 551 2176 572 su-

1176 594 1240 623 pra.
1258 585 1361 625 (Ibid.)

1476 642 1836 680 Sainte-Marie-Majeure‚
1856 645 2011 680 t3Janvie1-
2028 646 2104 674 1292.

1214 700 1250 729 In
1268 710 1294 730 e.
1314 711 1369 739 m.‚
1393 712 1448 741 pro
1463 704 1595 733 ecclesia
1611 704 1649 734 de
1666 705 1781 744 Rupto,
1805 706 2074 738 Cathalaunensis
2089 708 2177 739 dioe-

1174 753 1270 789 cesis,
1290 753 1399 784 beatae
1418 755 1537 786 Mariae
1555 757 1707 788 vocabulo
1727 758 1898 797 insignita,
1920 761 1953 789 in
1972 762 2176 801 Assumptio-

1174 806 1224 835 nis
1236 807 1379 845 ejusdem
1393 808 1529 846 virginis
1543 814 1573 838 et
1585 810 1739 840 Omnium
1752 811 1940 843 Sanctorum
1953 814 2177 845 festivitatibus

1175 863 1204 888 et
1221 868 1276 897 per
1290 865 1358 889 octo
1374 860 1440 889 dies
1460 869 1640 900 sequentes

1216 924 1229 938 α
1253 912 1418 943 Gloriosus
1436 914 1521 944 Deus
1538 915 1608 944 in...
1626 932 1665 937 -
1680 917 1751 946 Dat.
1777 918 1896 953 Rome,
1920 920 2004 957 apud
2028 920 2177 950 Sanctam

1174 965 1310 995 Mariam
1345 967 1518 1006 Major-em,
1556 968 1662 998 idibus
1692 970 1856 1007 junuarii,
1890 980 1976 1001 anno
2003 979 2125 1011 quarto.
2162 986 2174 1001 ιι

1172 1018 1274 1057 (Ibid).

1499 1073 1855 1110 Sainte-Marie-Majeure,
1874 1076 2012 1111 Sjanvicr
2030 1078 2106 1105 1292.

1211 1135 1249 1164 In
1262 1144 1288 1164 e.
1306 1144 1363 1171 m.‚
1382 1144 1436 1174 pro
1453 1136 1585 1166 ecclesia
1601 1138 1788 1168 monasterii
1805 1140 1914 1169 Sancti
1931 1140 2054 1176 Quirici
2070 1141 2108 1170 de
2123 1142 2178 1170 In-

1173 1187 1317 1225 troduco,
1336 1189 1658 1220 praemonstratensis
1674 1191 1816 1228 ordinis,
1837 1192 1991 1222 Reatinae
2007 1193 2175 1230 dioecesis,

1172 1242 1204 1270 in
1224 1242 1256 1272 S.
1274 1242 1415 1279 Quirici,
1435 1247 1572 1281 quatuor
1593 1244 1701 1274 beatae
1726 1246 1847 1275 Mariae
1872 1251 1902 1275 et
1926 1252 2052 1277 sanctae
2072 1249 2175 1278 crucis

1172 1295 1397 1325 festivitatibus
1415 1301 1444 1326 et
1463 1306 1517 1335 per
1533 1302 1602 1327 octo
1617 1297 1686 1327 dies
1705 1304 1886 1337 sequentes.

1213 1361 1226 1374 «
1247 1349 1318 1378 Vite
1332 1350 1481 1387 perennis
1496 1350 1635 1388 gloria...
1652 1368 1690 1372 —
1707 1352 1779 1382 Dat.
1796 1353 1908 1390 Rome,
1927 1354 2010 1392 apud
2027 1354 2177 1384 Sanctam

1171 1402 1307 1431 Mariam
1333 1403 1503 1441 MaJ‘oreni,
1536 1414 1566 1433 vr
1595 1404 1667 1434 idus
1693 1406 1857 1443 januarii,
1887 1415 1973 1436 anno
2002 1412 2125 1445 quarto.
2162 1420 2174 1434 »

1171 1454 1275 1494 (thid.)
2015 1460 2022 1467 ’

1472 1510 1829 1546 Sainte-Marie—Majeure,
1848 1513 1881 1539 28
1898 1514 2010 1547 janvier
2027 1514 2104 1541 1292.

1210 1571 1246 1599 In
1277 1580 1304 1600 e.
1336 1580 1392 1607 m.‚
1417 1581 1472 1610 pro
1502 1572 1636 1602 ecclesia
1666 1573 1780 1603 Beatae
1809 1575 1928 1604 Mariae
1958 1576 2016 1604 sita
2045 1576 2079 1605 in
2105 1576 2176 1606 Col-

1170 1623 1312 1662 leopanis
1340 1634 1434 1663 prope
1461 1625 1614 1655 Sanctum
1637 1625 1836 1656 Germanum
1864 1632 1964 1657 terrae
1990 1629 2177 1658 monasterii

1169 1677 1370 1715 Casinensis,
1398 1679 1431 1707 in
1463 1679 1617 1709 bonorem
1647 1680 1790 1718 ejusdem
1820 1681 1954 1718 virginis
1984 1685 2013 1711 et
2039 1681 2176 1720 Spiritus

1170 1731 1276 1761 Sancti
1292 1735 1482 1769 constructa,
1496 1733 1529 1761 in
1542 1737 1677 1772 quatuor
1688 1733 1797 1763 heatae
1809 1733 1928 1763 Mariae
1942 1734 2174 1771 festivitatibus,

1171 1794 1224 1823 per
1236 1789 1303 1814 octo
1317 1785 1383 1814 dies
1397 1790 1567 1824 sequentes
1581 1786 1653 1815 etin
1668 1786 1888 1817 anniversario
1903 1787 1954 1816 die
1968 1787 2175 1817 dedicationis

1170 1838 1312 1874 ejusdem
1331 1837 1494 1868 ecclesiae.

1212 1903 1224 1916 ιι
1247 1891 1343 1928 Virga
1360 1892 1586 1920 venustissima
1602 1895 1669 1921 et...
1688 1907 1729 1915 —
1746 1892 1816 1922 Dat.
1836 1893 1951 1929 Rome,
1972 1893 2055 1931 apud
2073 1893 2173 1923 Sanc-

1170 1949 1232 1974 tam
1267 1945 1402 1974 Mariam
1440 1946 1612 1984 Major-em,
1647 1956 1664 1974 v
1701 1946 1854 1976 kalendas
1884 1947 2053 1983 februarii,
2089 1955 2174 1976 anno

1168 2002 1291 2036 quarto.
1312 2010 1324 2024 n

1239 2157 1350 2184 (3431

1205 2218 1388 2252 Dispensatio
1406 2218 1588 2244 matrimonii.
1606 2218 1688 2250 (Hac.
1706 2218 1748 2250 46Ἶ
1766 2226 1792 2245 c.
1807 2219 1868 2249 678,
1886 2219 1904 2246 f.
1926 2219 1972 2246 136
1987 2221 2035 2252 r0.)

1478 2156 1832 2191 Sainte-Marie-Majeure,
1851 2158 1880 2184 13
1894 2158 2007 2192 janvier
2023 2157 2100 2184 1292.

1210 2342 1228 2348 ..
1257 2321 1389 2357 episcopo
1418 2320 1590 2349 Vilerbieitsi
1612 2319 1742 2350 mandat
1768 2326 1799 2349 ut
1821 2329 1894 2350 cum
1917 2320 2078 2357 Azarello,
2100 2326 2173 2351 nato

1166 2373 1328 2411 quondam
1347 2372 1504 2402 Leonardi
1523 2373 1561 2402 de
1577 2373 1705 2410 Azanis,
1724 2377 1753 2403 et
1768 2374 1902 2410 Jacoba,
1922 2378 1995 2404 nata
2010 2374 2171 2413 quondam

1167 2426 1323 2464 Raynerii
1347 2426 1433 2455 Petri
1456 2425 1649 2463 Alexandri,
1673 2426 1796 2456 civibus
1820 2427 2089 2462 Viterbiensibns,
2108 2427 2170 2456 dis-

1166 2483 1276 2518 penset
1296 2483 1347 2515 ut,
1368 2479 1407 2508 ad
1423 2479 1579 2508 sedandas
1602 2479 1789 2509 inimicitias
1811 2479 1895 2509 inter
1915 2480 2171 2518 consanguineos

1166 2541 1253 2569 suos,
1273 2532 1532 2568 matrimonium,
1557 2541 1620 2562 non
1643 2532 1786 2562 obstante
1809 2537 1921 2572 quarto
1941 2533 2171 2570 consanguini-

1167 2586 1237 2615 tatis
1253 2586 1353 2623 gradu
1370 2595 1432 2624 quo
1448 2586 1611 2624 conjuncti
1629 2591 1713 2619 sunt,
1732 2586 1920 2616 contrahere
1936 2586 2073 2616 valeant.

1208 2651 1221 2665 «ι
1241 2639 1283 2668 Ex
1301 2643 1386 2677 parte
1402 2639 1547 2669 dilecti...
1565 2656 1603 2661 —
1619 2639 1690 2668 Dat.
1708 2640 1820 2677 Rome,
1837 2640 1920 2678 apud
1939 2640 2087 2669 Sanctam
2106 2640 2169 2669 Ma-

1165 2692 1246 2721 riam
1264 2692 1429 2730 MaJ'orem,
1447 2691 1551 2721 idibus
1566 2691 1723 2730 januarii,
1741 2701 1827 2723 anno
1844 2697 1966 2731 quarto.
1988 2704 2001 2719 n

1236 2864 1352 2892 6432

1201 2926 1286 2952 Vitali
1302 2925 1456 2952 Torzuvalii
1467 2946 1474 2958 ‚
1491 2926 1639 2960 capitineo
1655 2926 1800 2960 galearum
1816 2926 2060 2953 Anconitanarum
2074 2947 2079 2956 ,
2097 2932 2167 2950 con-

1165 2975 1337 3001 sideratione
1359 2973 1521 3008 diligentiae
1536 2974 1570 3000 ab
1587 2982 1620 3001 eo
1637 2974 1783 3010 impensae
1803 2975 1838 3002 ad
1857 2975 2099 3001 constructionem
2116 2981 2169 3008 ga—

1468 2862 1826 2898 Sainte-Marie-Iifajeure,
1845 2864 1875 2890 17
1890 2865 2003 2898 janvier
2019 2863 2096 2890 1292.
