<?xml version="1.0" encoding="UTF-8"?>
<!DOCTYPE html PUBLIC "-//W3C//DTD XHTML 1.0 Transitional//EN"
    "http://www.w3.org/TR/xhtml1/DTD/xhtml1-transitional.dtd">
<html xmlns="http://www.w3.org/1999/xhtml" xml:lang="en" lang="en">
 <head>
  <title>
</title>
<meta http-equiv="Content-Type" content="text/html;charset=utf-8" />
  <meta name='ocr-system' content='tesseract 3.04.00' />
  <meta name='ocr-capabilities' content='ocr_page ocr_carea ocr_par ocr_line ocrx_word'/>
</head>
<body>
  <div class='ocr_page' id='page_1' title='image "./lesregistresdeni02romeuoft_0292.png"; bbox 0 0 2393 3496; ppageno 0'>
   <div class='ocr_carea' id='block_1_1' title="bbox 188 298 1536 339">
    <p class='ocr_par' dir='ltr' id='par_1_1' title="bbox 188 298 1536 339">
     <span class='ocr_line' id='line_1_1' title="bbox 188 298 1536 339; baseline -0.007 -1"><span class='ocrx_word' id='word_1_1' title='bbox 188 307 246 339; x_wconf 85' lang='grc'>966</span> <span class='ocrx_word' id='word_1_2' title='bbox 935 299 1173 332; x_wconf 80' lang='lat' dir='ltr'>REGISTRES</span> <span class='ocrx_word' id='word_1_3' title='bbox 1195 300 1250 330; x_wconf 85' lang='lat' dir='ltr'>DE</span> <span class='ocrx_word' id='word_1_4' title='bbox 1272 298 1456 329; x_wconf 79' lang='lat' dir='ltr'>NICOLAS</span> <span class='ocrx_word' id='word_1_5' title='bbox 1480 299 1536 329; x_wconf 90' lang='lat' dir='ltr'>IV.</span> 
     </span>
    </p>
   </div>
   <div class='ocr_carea' id='block_1_2' title="bbox 189 367 1197 1039">
    <p class='ocr_par' dir='ltr' id='par_1_2' title="bbox 189 367 1197 1039">
     <span class='ocr_line' id='line_1_2' title="bbox 189 367 1194 413; baseline -0.01 -8"><span class='ocrx_word' id='word_1_6' title='bbox 189 378 293 405; x_wconf 84' lang='lat' dir='ltr'>vestre</span> <span class='ocrx_word' id='word_1_7' title='bbox 314 382 369 413; x_wconf 90' lang='lat' dir='ltr'>per</span> <span class='ocrx_word' id='word_1_8' title='bbox 391 372 560 412; x_wconf 76' lang='lat' dir='ltr'>apostolica</span> <span class='ocrx_word' id='word_1_9' title='bbox 587 371 702 409; x_wconf 86' lang='lat' dir='ltr'>scripta</span> <span class='ocrx_word' id='word_1_10' title='bbox 726 369 919 399; x_wconf 86' lang='lat' dir='ltr'><strong>mandamus</strong></span> <span class='ocrx_word' id='word_1_11' title='bbox 942 367 1093 406; x_wconf 88' lang='lat' dir='ltr'>quatinus</span> <span class='ocrx_word' id='word_1_12' title='bbox 1115 374 1194 405; x_wconf 78' lang='lat' dir='ltr'>syn-</span> 
     </span>
     <span class='ocr_line' id='line_1_3' title="bbox 190 418 1194 465; baseline -0.011 -7"><span class='ocrx_word' id='word_1_13' title='bbox 190 427 277 457; x_wconf 86' lang='lat' dir='ltr'>dicos</span> <span class='ocrx_word' id='word_1_14' title='bbox 302 435 357 457; x_wconf 90' lang='lat' dir='ltr'>seu</span> <span class='ocrx_word' id='word_1_15' title='bbox 377 430 614 465; x_wconf 79' lang='lat' dir='ltr'>procuratoreS,</span> <span class='ocrx_word' id='word_1_16' title='bbox 634 423 765 462; x_wconf 77' lang='lat' dir='ltr'>plenum</span> <span class='ocrx_word' id='word_1_17' title='bbox 783 431 802 451; x_wconf 89' lang='lat' dir='ltr'>a</span> <span class='ocrx_word' id='word_1_18' title='bbox 822 421 911 451; x_wconf 88' lang='lat' dir='ltr'>vobis</span> <span class='ocrx_word' id='word_1_19' title='bbox 932 419 1121 450; x_wconf 84' lang='lat' dir='ltr'>mandatum</span> <span class='ocrx_word' id='word_1_20' title='bbox 1138 418 1194 448; x_wconf 85' lang='lat' dir='ltr'>ha-</span> 
     </span>
     <span class='ocr_line' id='line_1_4' title="bbox 189 471 1196 517; baseline -0.01 -7"><span class='ocrx_word' id='word_1_21' title='bbox 189 480 312 517; x_wconf 86' lang='lat' dir='ltr'>bentes,</span> <span class='ocrx_word' id='word_1_22' title='bbox 329 479 367 509; x_wconf 91' lang='lat' dir='ltr'>ad</span> <span class='ocrx_word' id='word_1_23' title='bbox 383 478 591 513; x_wconf 87' lang='lat' dir='ltr'>audiendum,</span> <span class='ocrx_word' id='word_1_24' title='bbox 612 475 834 514; x_wconf 84' lang='lat' dir='ltr'>recipiendum</span> <span class='ocrx_word' id='word_1_25' title='bbox 850 478 880 503; x_wconf 91' lang='lat' dir='ltr'>et</span> <span class='ocrx_word' id='word_1_26' title='bbox 894 471 1122 511; x_wconf 85' lang='lat' dir='ltr'>acceptandum</span> <span class='ocrx_word' id='word_1_27' title='bbox 1140 479 1196 511; x_wconf 91' lang='lat' dir='ltr'>pro</span> 
     </span>
     <span class='ocr_line' id='line_1_5' title="bbox 189 525 1196 567; baseline -0.009 -4"><span class='ocrx_word' id='word_1_28' title='bbox 189 533 282 563; x_wconf 81' lang='lat' dir='ltr'>vobis</span> <span class='ocrx_word' id='word_1_29' title='bbox 297 535 327 562; x_wconf 90' lang='lat' dir='ltr'>et</span> <span class='ocrx_word' id='word_1_30' title='bbox 342 532 472 561; x_wconf 86' lang='lat' dir='ltr'>nomine</span> <span class='ocrx_word' id='word_1_31' title='bbox 485 534 588 560; x_wconf 89' lang='lat' dir='ltr'>vestro</span> <span class='ocrx_word' id='word_1_32' title='bbox 601 538 637 559; x_wconf 85' lang='lat' dir='ltr'>ea</span> <span class='ocrx_word' id='word_1_33' title='bbox 649 537 711 567; x_wconf 87' lang='lat' dir='ltr'>que</span> <span class='ocrx_word' id='word_1_34' title='bbox 728 536 783 567; x_wconf 89' lang='lat' dir='ltr'>pro</span> <span class='ocrx_word' id='word_1_35' title='bbox 798 528 891 563; x_wconf 86' lang='lat' dir='ltr'>hono,</span> <span class='ocrx_word' id='word_1_36' title='bbox 906 527 1035 565; x_wconf 89' lang='lat' dir='ltr'>pacifico</span> <span class='ocrx_word' id='word_1_37' title='bbox 1047 525 1196 564; x_wconf 86' lang='lat' dir='ltr'>etquieto</span> 
     </span>
     <span class='ocr_line' id='line_1_6' title="bbox 190 578 1194 616; baseline -0.009 0"><span class='ocrx_word' id='word_1_38' title='bbox 190 589 273 616; x_wconf 86' lang='lat' dir='ltr'>statu</span> <span class='ocrx_word' id='word_1_39' title='bbox 300 589 403 614; x_wconf 84' lang='lat' dir='ltr'>vestro</span> <span class='ocrx_word' id='word_1_40' title='bbox 430 588 460 614; x_wconf 89' lang='lat' dir='ltr'>et</span> <span class='ocrx_word' id='word_1_41' title='bbox 487 582 626 613; x_wconf 84' lang='lat' dir='ltr'>civitatis</span> <span class='ocrx_word' id='word_1_42' title='bbox 653 585 756 611; x_wconf 85' lang='lat' dir='ltr'>vestre</span> <span class='ocrx_word' id='word_1_43' title='bbox 784 580 971 610; x_wconf 85' lang='lat' dir='ltr'>duxerimus</span> <span class='ocrx_word' id='word_1_44' title='bbox 999 578 1194 616; x_wconf 88' lang='lat' dir='ltr'>ordinanda,</span> 
     </span>
     <span class='ocr_line' id='line_1_7' title="bbox 190 631 1195 673; baseline -0.007 -6"><span class='ocrx_word' id='word_1_45' title='bbox 190 637 276 668; x_wconf 80' lang='lat' dir='ltr'>infra</span> <span class='ocrx_word' id='word_1_46' title='bbox 301 636 478 666; x_wconf 86' lang='lat' dir='ltr'>terminum</span> <span class='ocrx_word' id='word_1_47' title='bbox 501 634 589 665; x_wconf 86' lang='lat' dir='ltr'>vobis</span> <span class='ocrx_word' id='word_1_48' title='bbox 611 642 705 673; x_wconf 89' lang='lat' dir='ltr'>super</span> <span class='ocrx_word' id='word_1_49' title='bbox 727 633 787 664; x_wconf 88' lang='lat' dir='ltr'>hoc</span> <span class='ocrx_word' id='word_1_50' title='bbox 810 642 865 672; x_wconf 89' lang='lat' dir='ltr'>per</span> <span class='ocrx_word' id='word_1_51' title='bbox 887 631 1104 662; x_wconf 89' lang='lat' dir='ltr'>venerabilem</span> <span class='ocrx_word' id='word_1_52' title='bbox 1128 631 1195 661; x_wconf 80' lang='lat' dir='ltr'>fra-</span> 
     </span>
     <span class='ocr_line' id='line_1_8' title="bbox 191 685 1196 726; baseline -0.005 -6"><span class='ocrx_word' id='word_1_53' title='bbox 191 695 270 721; x_wconf 86' lang='lat' dir='ltr'>trem</span> <span class='ocrx_word' id='word_1_54' title='bbox 293 695 437 719; x_wconf 87' lang='lat' dir='ltr'>nostrum</span> <span class='ocrx_word' id='word_1_55' title='bbox 463 689 512 724; x_wconf 89' lang='lat' dir='ltr'>L.‚</span> <span class='ocrx_word' id='word_1_56' title='bbox 536 687 810 726; x_wconf 88' lang='lat' dir='ltr'>archiepiscopum</span> <span class='ocrx_word' id='word_1_57' title='bbox 833 686 1036 723; x_wconf 86' lang='lat' dir='ltr'>Consanum,</span> <span class='ocrx_word' id='word_1_58' title='bbox 1062 685 1196 715; x_wconf 87' lang='lat' dir='ltr'>latorem</span> 
     </span>
     <span class='ocr_line' id='line_1_9' title="bbox 189 739 1193 782; baseline -0.004 -10"><span class='ocrx_word' id='word_1_59' title='bbox 189 743 397 782; x_wconf 88' lang='lat' dir='ltr'>presentium,</span> <span class='ocrx_word' id='word_1_60' title='bbox 406 751 501 780; x_wconf 88' lang='lat' dir='ltr'>quem</span> <span class='ocrx_word' id='word_1_61' title='bbox 513 741 552 771; x_wconf 90' lang='lat' dir='ltr'>ad</span> <span class='ocrx_word' id='word_1_62' title='bbox 564 750 617 772; x_wconf 82' lang='lat' dir='ltr'>vos</span> <span class='ocrx_word' id='word_1_63' title='bbox 629 746 754 780; x_wconf 85' lang='lat' dir='ltr'>propter</span> <span class='ocrx_word' id='word_1_64' title='bbox 765 740 824 770; x_wconf 83' lang='lat' dir='ltr'>hoc</span> <span class='ocrx_word' id='word_1_65' title='bbox 835 739 1193 779; x_wconf 67' lang='lat' dir='ltr'>specialssermifflmus,</span> 
     </span>
     <span class='ocr_line' id='line_1_10' title="bbox 190 791 1194 833; baseline -0.004 -8"><span class='ocrx_word' id='word_1_66' title='bbox 190 795 438 833; x_wconf 84' lang='lat' dir='ltr'>assignandum,</span> <span class='ocrx_word' id='word_1_67' title='bbox 465 794 589 825; x_wconf 86' lang='lat' dir='ltr'>sublato</span> <span class='ocrx_word' id='word_1_68' title='bbox 610 794 782 833; x_wconf 84' lang='lat' dir='ltr'>cujuslibet</span> <span class='ocrx_word' id='word_1_69' title='bbox 802 793 1000 823; x_wconf 84' lang='lat' dir='ltr'>difficultatis</span> <span class='ocrx_word' id='word_1_70' title='bbox 1021 791 1194 829; x_wconf 85' lang='lat' dir='ltr'>obstaculo,</span> 
     </span>
     <span class='ocr_line' id='line_1_11' title="bbox 190 844 1196 886; baseline -0.003 -9"><span class='ocrx_word' id='word_1_71' title='bbox 190 847 230 878; x_wconf 92' lang='lat' dir='ltr'>ad</span> <span class='ocrx_word' id='word_1_72' title='bbox 257 852 398 878; x_wconf 88' lang='lat' dir='ltr'>nostram</span> <span class='ocrx_word' id='word_1_73' title='bbox 428 848 621 886; x_wconf 77' lang='lat' dir='ltr'>presentiam</span> <span class='ocrx_word' id='word_1_74' title='bbox 649 847 826 885; x_wconf 85' lang='lat' dir='ltr'>destinetis,</span> <span class='ocrx_word' id='word_1_75' title='bbox 855 846 986 876; x_wconf 85' lang='lat' dir='ltr'>interim</span> <span class='ocrx_word' id='word_1_76' title='bbox 1010 855 1028 876; x_wconf 94' lang='lat' dir='ltr'>a</span> <span class='ocrx_word' id='word_1_77' title='bbox 1055 844 1196 885; x_wconf 87' lang='lat' dir='ltr'>quolibet</span> 
     </span>
     <span class='ocr_line' id='line_1_12' title="bbox 189 899 1197 940; baseline -0.003 -8"><span class='ocrx_word' id='word_1_78' title='bbox 189 901 299 932; x_wconf 89' lang='lat' dir='ltr'>hostili</span> <span class='ocrx_word' id='word_1_79' title='bbox 315 910 463 940; x_wconf 88' lang='lat' dir='ltr'>processu</span> <span class='ocrx_word' id='word_1_80' title='bbox 476 901 602 940; x_wconf 87' lang='lat' dir='ltr'>penitus</span> <span class='ocrx_word' id='word_1_81' title='bbox 617 901 852 932; x_wconf 79' lang='lat' dir='ltr'>abstinentes...</span> <span class='ocrx_word' id='word_1_82' title='bbox 871 901 942 932; x_wconf 90' lang='lat' dir='ltr'>Dat.</span> <span class='ocrx_word' id='word_1_83' title='bbox 960 900 1070 937; x_wconf 84' lang='lat' dir='ltr'>Reate,</span> <span class='ocrx_word' id='word_1_84' title='bbox 1086 899 1197 929; x_wconf 87' lang='lat' dir='ltr'>kalen-</span> 
     </span>
     <span class='ocr_line' id='line_1_13' title="bbox 191 954 672 993; baseline -0.006 -8"><span class='ocrx_word' id='word_1_85' title='bbox 191 955 241 985; x_wconf 86' lang='lat' dir='ltr'>dis</span> <span class='ocrx_word' id='word_1_86' title='bbox 257 954 404 992; x_wconf 83' lang='lat' dir='ltr'>octobris,</span> <span class='ocrx_word' id='word_1_87' title='bbox 422 963 507 985; x_wconf 91' lang='lat' dir='ltr'>anno</span> <span class='ocrx_word' id='word_1_88' title='bbox 524 955 636 993; x_wconf 89' lang='lat' dir='ltr'>primo.</span> <span class='ocrx_word' id='word_1_89' title='bbox 659 966 672 982; x_wconf 74' lang='lat' dir='ltr'>x&gt;</span> 
     </span>
     <span class='ocr_line' id='line_1_14' title="bbox 231 1008 776 1039; baseline 0.002 -1"><span class='ocrx_word' id='word_1_90' title='bbox 231 1008 270 1039; x_wconf 92' lang='lat' dir='ltr'>In</span> <span class='ocrx_word' id='word_1_91' title='bbox 289 1017 316 1039; x_wconf 91' lang='lat' dir='ltr'>e.</span> <span class='ocrx_word' id='word_1_92' title='bbox 333 1017 377 1038; x_wconf 92' lang='lat' dir='ltr'>m.</span> <span class='ocrx_word' id='word_1_93' title='bbox 396 1008 585 1039; x_wconf 84' lang='lat' dir='ltr'>extrinsecis</span> <span class='ocrx_word' id='word_1_94' title='bbox 601 1008 639 1038; x_wconf 89' lang='lat' dir='ltr'>de</span> <span class='ocrx_word' id='word_1_95' title='bbox 654 1008 776 1039; x_wconf 88' lang='lat' dir='ltr'>Aretio.</span> 
     </span>
    </p>
   </div>
   <div class='ocr_carea' id='block_1_3' title="bbox 265 1187 518 1215">
    <p class='ocr_par' dir='ltr' id='par_1_3' title="bbox 265 1187 518 1215">
     <span class='ocr_line' id='line_1_15' title="bbox 265 1187 518 1215; baseline -0.004 0"><span class='ocrx_word' id='word_1_96' title='bbox 265 1187 518 1215; x_wconf 53' lang='lat'>2138-&#39;713’2</span> 
     </span>
    </p>
   </div>
   <div class='ocr_carea' id='block_1_4' title="bbox 228 1248 733 1283">
    <p class='ocr_par' dir='ltr' id='par_1_4' title="bbox 228 1248 733 1283">
     <span class='ocr_line' id='line_1_16' title="bbox 228 1248 733 1283; baseline 0 -8"><span class='ocrx_word' id='word_1_97' title='bbox 228 1248 272 1276; x_wconf 90' lang='lat' dir='ltr'>De</span> <span class='ocrx_word' id='word_1_98' title='bbox 287 1249 387 1275; x_wconf 87' lang='lat' dir='ltr'>eodem</span> <span class='ocrx_word' id='word_1_99' title='bbox 405 1249 529 1283; x_wconf 83' lang='lat' dir='ltr'>negotio.</span> <span class='ocrx_word' id='word_1_100' title='bbox 547 1248 618 1282; x_wconf 88' lang='lat' dir='ltr'>(Fol.</span> <span class='ocrx_word' id='word_1_101' title='bbox 635 1249 669 1276; x_wconf 83' lang='grc'>26</span> <span class='ocrx_word' id='word_1_102' title='bbox 685 1250 733 1282; x_wconf 72' lang='lat' dir='ltr'>ro.)</span> 
     </span>
    </p>
   </div>
   <div class='ocr_carea' id='block_1_5' title="bbox 752 1186 1127 1219">
    <p class='ocr_par' dir='ltr' id='par_1_5' title="bbox 752 1186 1127 1219">
     <span class='ocr_line' id='line_1_17' title="bbox 752 1186 1127 1219; baseline 0.003 -6"><span class='ocrx_word' id='word_1_103' title='bbox 752 1186 843 1219; x_wconf 61' lang='lat' dir='ltr'>Rieu,</span> <span class='ocrx_word' id='word_1_104' title='bbox 862 1187 900 1213; x_wconf 76' lang='lat'><strong>1⁸¹·</strong></span> <span class='ocrx_word' id='word_1_105' title='bbox 916 1186 1033 1214; x_wconf 83' lang='lat' dir='ltr'>octobre</span> <span class='ocrx_word' id='word_1_106' title='bbox 1048 1186 1127 1214; x_wconf 69' lang='lat'>1288.</span> 
     </span>
    </p>
   </div>
   <div class='ocr_carea' id='block_1_6' title="bbox 194 1352 1203 1703">
    <p class='ocr_par' dir='ltr' id='par_1_6' title="bbox 194 1352 1203 1703">
     <span class='ocr_line' id='line_1_18' title="bbox 233 1352 1200 1390; baseline 0.001 -9"><span class='ocrx_word' id='word_1_107' title='bbox 233 1352 343 1381; x_wconf 82' lang='lat' dir='ltr'>Dilecto</span> <span class='ocrx_word' id='word_1_108' title='bbox 366 1352 429 1390; x_wconf 78' lang='lat' dir='ltr'>filio</span> <span class='ocrx_word' id='word_1_109' title='bbox 456 1352 635 1388; x_wconf 83' lang='lat' dir='ltr'>Percivallo,</span> <span class='ocrx_word' id='word_1_110' title='bbox 664 1352 818 1390; x_wconf 86' lang='lat' dir='ltr'>capellano</span> <span class='ocrx_word' id='word_1_111' title='bbox 842 1357 957 1389; x_wconf 86' lang='lat' dir='ltr'>nostro,</span> <span class='ocrx_word' id='word_1_112' title='bbox 987 1352 1141 1382; x_wconf 81' lang='lat' dir='ltr'>carissimi</span> <span class='ocrx_word' id='word_1_113' title='bbox 1167 1354 1200 1382; x_wconf 81' lang='lat' dir='ltr'>in</span> 
     </span>
     <span class='ocr_line' id='line_1_19' title="bbox 195 1405 1201 1445; baseline 0.001 -10"><span class='ocrx_word' id='word_1_114' title='bbox 195 1405 316 1435; x_wconf 71' lang='lat' dir='ltr'>Chrtsto</span> <span class='ocrx_word' id='word_1_115' title='bbox 330 1406 390 1443; x_wconf 79' lang='lat' dir='ltr'>filii</span> <span class='ocrx_word' id='word_1_116' title='bbox 408 1408 506 1435; x_wconf 77' lang='lat' dir='ltr'>nostri</span> <span class='ocrx_word' id='word_1_117' title='bbox 521 1406 567 1441; x_wconf 58' lang='lat' dir='ltr'>It,</span> <span class='ocrx_word' id='word_1_118' title='bbox 583 1408 664 1444; x_wconf 60' lang='lat' dir='ltr'>renis</span> <span class='ocrx_word' id='word_1_119' title='bbox 678 1407 886 1436; x_wconf 82' lang='lat' dir='ltr'>Romanorum</span> <span class='ocrx_word' id='word_1_120' title='bbox 904 1407 1056 1445; x_wconf 81' lang='lat' dir='ltr'>illustris,</span> <span class='ocrx_word' id='word_1_121' title='bbox 1074 1408 1108 1436; x_wconf 86' lang='lat' dir='ltr'>in</span> <span class='ocrx_word' id='word_1_122' title='bbox 1123 1415 1201 1445; x_wconf 89' lang='lat' dir='ltr'>par-</span> 
     </span>
     <span class='ocr_line' id='line_1_20' title="bbox 195 1459 1202 1497; baseline 0.002 -9"><span class='ocrx_word' id='word_1_123' title='bbox 195 1459 275 1488; x_wconf 82' lang='lat' dir='ltr'>tibus</span> <span class='ocrx_word' id='word_1_124' title='bbox 290 1460 391 1488; x_wconf 81' lang='lat' dir='ltr'>Tuscie</span> <span class='ocrx_word' id='word_1_125' title='bbox 402 1460 519 1488; x_wconf 85' lang='lat' dir='ltr'>vicario</span> <span class='ocrx_word' id='word_1_126' title='bbox 531 1460 678 1497; x_wconf 64' lang='lat' dir='ltr'>generali.</span> <span class='ocrx_word' id='word_1_127' title='bbox 690 1459 726 1489; x_wconf 88' lang='lat' dir='ltr'>Ei</span> <span class='ocrx_word' id='word_1_128' title='bbox 738 1459 869 1489; x_wconf 90' lang='lat' dir='ltr'>mandat</span> <span class='ocrx_word' id='word_1_129' title='bbox 882 1463 916 1489; x_wconf 93' lang='lat' dir='ltr'>ut</span> <span class='ocrx_word' id='word_1_130' title='bbox 927 1460 1012 1490; x_wconf 82' lang='lat' dir='ltr'>infra</span> <span class='ocrx_word' id='word_1_131' title='bbox 1026 1461 1202 1490; x_wconf 90' lang='lat' dir='ltr'>terminum</span> 
     </span>
     <span class='ocr_line' id='line_1_21' title="bbox 195 1512 1202 1553; baseline 0.002 -11"><span class='ocrx_word' id='word_1_132' title='bbox 195 1512 255 1542; x_wconf 92' lang='lat' dir='ltr'>sibi</span> <span class='ocrx_word' id='word_1_133' title='bbox 272 1512 311 1542; x_wconf 90' lang='lat' dir='ltr'>ab</span> <span class='ocrx_word' id='word_1_134' title='bbox 329 1512 569 1551; x_wconf 82' lang='lat' dir='ltr'>archiepiscopo</span> <span class='ocrx_word' id='word_1_135' title='bbox 584 1512 743 1549; x_wconf 82' lang='lat' dir='ltr'>Consano,</span> <span class='ocrx_word' id='word_1_136' title='bbox 760 1513 859 1544; x_wconf 85' lang='lat' dir='ltr'>latore</span> <span class='ocrx_word' id='word_1_137' title='bbox 876 1514 1104 1553; x_wconf 87' lang='lat' dir='ltr'>praesentium,</span> <span class='ocrx_word' id='word_1_138' title='bbox 1119 1514 1202 1544; x_wconf 92' lang='lat' dir='ltr'>assi-</span> 
     </span>
     <span class='ocr_line' id='line_1_22' title="bbox 194 1566 1203 1607; baseline 0.003 -12"><span class='ocrx_word' id='word_1_139' title='bbox 194 1567 362 1605; x_wconf 87' lang='lat' dir='ltr'>gnandum</span> <span class='ocrx_word' id='word_1_140' title='bbox 377 1566 417 1596; x_wconf 90' lang='lat' dir='ltr'>ad</span> <span class='ocrx_word' id='word_1_141' title='bbox 432 1567 540 1597; x_wconf 90' lang='lat' dir='ltr'>sedem</span> <span class='ocrx_word' id='word_1_142' title='bbox 555 1567 759 1606; x_wconf 87' lang='lat' dir='ltr'>apostolicam</span> <span class='ocrx_word' id='word_1_143' title='bbox 775 1568 897 1603; x_wconf 86' lang='lat' dir='ltr'>veniat,</span> <span class='ocrx_word' id='word_1_144' title='bbox 915 1568 1048 1598; x_wconf 87' lang='lat' dir='ltr'>interim</span> <span class='ocrx_word' id='word_1_145' title='bbox 1064 1577 1082 1598; x_wconf 93' lang='lat' dir='ltr'>a</span> <span class='ocrx_word' id='word_1_146' title='bbox 1098 1567 1203 1607; x_wconf 84' lang='lat' dir='ltr'>quoli-</span> 
     </span>
     <span class='ocr_line' id='line_1_23' title="bbox 194 1619 1203 1659; baseline 0.001 -9"><span class='ocrx_word' id='word_1_147' title='bbox 194 1619 248 1650; x_wconf 87' lang='lat' dir='ltr'>bet</span> <span class='ocrx_word' id='word_1_148' title='bbox 272 1619 382 1650; x_wconf 85' lang='lat' dir='ltr'>hostili</span> <span class='ocrx_word' id='word_1_149' title='bbox 404 1628 552 1659; x_wconf 90' lang='lat' dir='ltr'>processu</span> <span class='ocrx_word' id='word_1_150' title='bbox 575 1624 685 1650; x_wconf 89' lang='lat' dir='ltr'>contra</span> <span class='ocrx_word' id='word_1_151' title='bbox 710 1620 906 1651; x_wconf 83' lang='lat' dir='ltr'>extrinsecos</span> <span class='ocrx_word' id='word_1_152' title='bbox 930 1621 1081 1652; x_wconf 88' lang='lat' dir='ltr'>Aretinos</span> <span class='ocrx_word' id='word_1_153' title='bbox 1107 1621 1203 1652; x_wconf 88' lang='lat' dir='ltr'>absti-</span> 
     </span>
     <span class='ocr_line' id='line_1_24' title="bbox 195 1673 314 1703; baseline -0.008 0"><span class='ocrx_word' id='word_1_154' title='bbox 195 1673 314 1703; x_wconf 87' lang='lat' dir='ltr'>nendo.</span> 
     </span>
    </p>
   </div>
   <div class='ocr_carea' id='block_1_7' title="bbox 238 1727 998 1820">
    <p class='ocr_par' dir='ltr' id='par_1_7' title="bbox 238 1727 998 1820">
     <span class='ocr_line' id='line_1_25' title="bbox 238 1727 998 1768; baseline 0.003 -11"><span class='ocrx_word' id='word_1_155' title='bbox 238 1738 253 1754; x_wconf 73' lang='grc' dir='ltr'><em>α</em></span> <span class='ocrx_word' id='word_1_156' title='bbox 270 1727 382 1766; x_wconf 89' lang='lat' dir='ltr'>Nuper</span> <span class='ocrx_word' id='word_1_157' title='bbox 397 1727 436 1757; x_wconf 91' lang='lat' dir='ltr'>ad</span> <span class='ocrx_word' id='word_1_158' title='bbox 452 1731 637 1758; x_wconf 89' lang='lat' dir='ltr'>nostrum...</span> <span class='ocrx_word' id='word_1_159' title='bbox 656 1745 695 1750; x_wconf 92' lang='lat'>—</span> <span class='ocrx_word' id='word_1_160' title='bbox 717 1728 788 1759; x_wconf 88' lang='lat' dir='ltr'>Dat.</span> <span class='ocrx_word' id='word_1_161' title='bbox 809 1732 843 1759; x_wconf 87' lang='lat' dir='ltr'>ut</span> <span class='ocrx_word' id='word_1_162' title='bbox 858 1737 964 1768; x_wconf 88' lang='lat' dir='ltr'>supra.</span> <span class='ocrx_word' id='word_1_163' title='bbox 985 1740 998 1756; x_wconf 70' lang='grc' dir='ltr'>»ι</span> 
     </span>
     <span class='ocr_line' id='line_1_26' title="bbox 239 1780 751 1820; baseline 0.002 -10"><span class='ocrx_word' id='word_1_164' title='bbox 239 1780 278 1810; x_wconf 93' lang='lat' dir='ltr'>In</span> <span class='ocrx_word' id='word_1_165' title='bbox 295 1789 323 1811; x_wconf 88' lang='lat' dir='ltr'>e.</span> <span class='ocrx_word' id='word_1_166' title='bbox 341 1789 384 1810; x_wconf 90' lang='lat' dir='ltr'>m.</span> <span class='ocrx_word' id='word_1_167' title='bbox 405 1803 424 1810; x_wconf 96' lang='lat'>..</span> <span class='ocrx_word' id='word_1_168' title='bbox 443 1781 589 1820; x_wconf 86' lang='lat' dir='ltr'>episcopo</span> <span class='ocrx_word' id='word_1_169' title='bbox 605 1781 751 1811; x_wconf 89' lang='lat' dir='ltr'>Aretino.</span> 
     </span>
    </p>
   </div>
   <div class='ocr_carea' id='block_1_8' title="bbox 270 1953 520 1982">
    <p class='ocr_par' dir='ltr' id='par_1_8' title="bbox 270 1953 520 1982">
     <span class='ocr_line' id='line_1_27' title="bbox 270 1953 520 1982; baseline -0.004 -1"><span class='ocrx_word' id='word_1_170' title='bbox 270 1953 520 1982; x_wconf 62' lang='lat' dir='ltr'>‘uas-’2139</span> 
     </span>
    </p>
   </div>
   <div class='ocr_carea' id='block_1_9' title="bbox 233 2016 740 2052">
    <p class='ocr_par' dir='ltr' id='par_1_9' title="bbox 233 2016 740 2052">
     <span class='ocr_line' id='line_1_28' title="bbox 233 2016 740 2052; baseline 0.002 -8"><span class='ocrx_word' id='word_1_171' title='bbox 233 2016 277 2044; x_wconf 94' lang='lat' dir='ltr'>De</span> <span class='ocrx_word' id='word_1_172' title='bbox 293 2017 393 2044; x_wconf 90' lang='lat' dir='ltr'>eodem</span> <span class='ocrx_word' id='word_1_173' title='bbox 412 2018 537 2052; x_wconf 86' lang='lat' dir='ltr'>negotio.</span> <span class='ocrx_word' id='word_1_174' title='bbox 557 2016 627 2049; x_wconf 83' lang='lat' dir='ltr'>(Fol.</span> <span class='ocrx_word' id='word_1_175' title='bbox 642 2017 676 2045; x_wconf 84' lang='grc'>26</span> <span class='ocrx_word' id='word_1_176' title='bbox 693 2018 740 2051; x_wconf 67' lang='grc' dir='ltr'>ι’ῦ.)</span> 
     </span>
    </p>
   </div>
   <div class='ocr_carea' id='block_1_10' title="bbox 802 1952 1151 1985">
    <p class='ocr_par' dir='ltr' id='par_1_10' title="bbox 802 1952 1151 1985">
     <span class='ocr_line' id='line_1_29' title="bbox 802 1952 1151 1985; baseline 0.003 -5"><span class='ocrx_word' id='word_1_177' title='bbox 802 1952 890 1985; x_wconf 86' lang='lat' dir='ltr'>Rieti,</span> <span class='ocrx_word' id='word_1_178' title='bbox 908 1953 923 1980; x_wconf 76' lang='lat'>4</span> <span class='ocrx_word' id='word_1_179' title='bbox 940 1953 1057 1980; x_wconf 84' lang='lat' dir='ltr'>octobre</span> <span class='ocrx_word' id='word_1_180' title='bbox 1073 1953 1151 1981; x_wconf 83' lang='grc'><strong>1288.</strong></span> 
     </span>
    </p>
   </div>
   <div class='ocr_carea' id='block_1_11' title="bbox 196 2121 1207 3015">
    <p class='ocr_par' dir='ltr' id='par_1_11' title="bbox 197 2121 1207 2903">
     <span class='ocr_line' id='line_1_30' title="bbox 238 2121 1206 2158; baseline 0.002 -9"><span class='ocrx_word' id='word_1_181' title='bbox 238 2121 358 2150; x_wconf 78' lang='grc' dir='ltr'>Βίῑεσιίε</span> <span class='ocrx_word' id='word_1_182' title='bbox 378 2121 455 2158; x_wconf 77' lang='lat' dir='ltr'>filiis</span> <span class='ocrx_word' id='word_1_183' title='bbox 472 2143 491 2150; x_wconf 92' lang='lat'>..</span> <span class='ocrx_word' id='word_1_184' title='bbox 510 2121 665 2158; x_wconf 74' lang='lat' dir='ltr'>potestati,</span> <span class='ocrx_word' id='word_1_185' title='bbox 693 2143 713 2150; x_wconf 86' lang='lat'>..</span> <span class='ocrx_word' id='word_1_186' title='bbox 735 2121 906 2158; x_wconf 82' lang='lat' dir='ltr'>capitaneo,</span> <span class='ocrx_word' id='word_1_187' title='bbox 931 2122 1057 2151; x_wconf 81' lang='lat' dir='ltr'>consilio</span> <span class='ocrx_word' id='word_1_188' title='bbox 1079 2126 1105 2151; x_wconf 89' lang='lat' dir='ltr'>et</span> <span class='ocrx_word' id='word_1_189' title='bbox 1124 2131 1206 2151; x_wconf 90' lang='lat' dir='ltr'>com-</span> 
     </span>
     <span class='ocr_line' id='line_1_31' title="bbox 198 2173 1206 2205; baseline 0.002 -2"><span class='ocrx_word' id='word_1_190' title='bbox 198 2176 288 2203; x_wconf 78' lang='lat' dir='ltr'>muni</span> <span class='ocrx_word' id='word_1_191' title='bbox 303 2174 433 2204; x_wconf 81' lang='lat' dir='ltr'>Pisanis.</span> <span class='ocrx_word' id='word_1_192' title='bbox 453 2185 466 2200; x_wconf 73' lang='grc' dir='ltr'><em>α</em></span> <span class='ocrx_word' id='word_1_193' title='bbox 485 2173 684 2204; x_wconf 84' lang='lat' dir='ltr'>Cunctorum</span> <span class='ocrx_word' id='word_1_194' title='bbox 700 2182 776 2204; x_wconf 90' lang='lat' dir='ltr'>cura</span> <span class='ocrx_word' id='word_1_195' title='bbox 791 2173 975 2204; x_wconf 86' lang='lat' dir='ltr'>fidelium...</span> <span class='ocrx_word' id='word_1_196' title='bbox 992 2174 1206 2205; x_wconf 90' lang='lat' dir='ltr'>Universitati</span> 
     </span>
     <span class='ocr_line' id='line_1_32' title="bbox 197 2226 1206 2267; baseline 0.001 -11"><span class='ocrx_word' id='word_1_197' title='bbox 197 2230 300 2257; x_wconf 84' lang='lat' dir='ltr'>vestre</span> <span class='ocrx_word' id='word_1_198' title='bbox 320 2236 376 2265; x_wconf 88' lang='lat' dir='ltr'>per</span> <span class='ocrx_word' id='word_1_199' title='bbox 399 2226 569 2266; x_wconf 86' lang='lat' dir='ltr'>apostolica</span> <span class='ocrx_word' id='word_1_200' title='bbox 589 2227 705 2266; x_wconf 86' lang='lat' dir='ltr'>scripta</span> <span class='ocrx_word' id='word_1_201' title='bbox 726 2227 868 2257; x_wconf 88' lang='lat' dir='ltr'>districte</span> <span class='ocrx_word' id='word_1_202' title='bbox 891 2227 1095 2267; x_wconf 82' lang='lat' dir='ltr'>precipiendo</span> <span class='ocrx_word' id='word_1_203' title='bbox 1113 2237 1206 2257; x_wconf 91' lang='lat' dir='ltr'>man-</span> 
     </span>
     <span class='ocr_line' id='line_1_33' title="bbox 198 2280 1205 2324; baseline 0.003 -15"><span class='ocrx_word' id='word_1_204' title='bbox 198 2280 312 2310; x_wconf 88' lang='lat' dir='ltr'>damus</span> <span class='ocrx_word' id='word_1_205' title='bbox 330 2280 656 2324; x_wconf 54' lang='lat' dir='ltr'>quatinussyndicos</span> <span class='ocrx_word' id='word_1_206' title='bbox 672 2289 727 2310; x_wconf 88' lang='lat' dir='ltr'>sen</span> <span class='ocrx_word' id='word_1_207' title='bbox 747 2285 964 2320; x_wconf 86' lang='lat' dir='ltr'>procuratores</span> <span class='ocrx_word' id='word_1_208' title='bbox 979 2285 1115 2319; x_wconf 84' lang='lat' dir='ltr'>vestros,</span> <span class='ocrx_word' id='word_1_209' title='bbox 1135 2281 1205 2321; x_wconf 89' lang='lat' dir='ltr'>ple-</span> 
     </span>
     <span class='ocr_line' id='line_1_34' title="bbox 197 2334 1206 2372; baseline 0.002 -9"><span class='ocrx_word' id='word_1_210' title='bbox 197 2342 278 2363; x_wconf 88' lang='lat' dir='ltr'>num</span> <span class='ocrx_word' id='word_1_211' title='bbox 294 2342 312 2363; x_wconf 89' lang='lat' dir='ltr'>a</span> <span class='ocrx_word' id='word_1_212' title='bbox 328 2334 417 2363; x_wconf 86' lang='lat' dir='ltr'>vobis</span> <span class='ocrx_word' id='word_1_213' title='bbox 432 2334 620 2364; x_wconf 89' lang='lat' dir='ltr'>mandatum</span> <span class='ocrx_word' id='word_1_214' title='bbox 637 2334 812 2371; x_wconf 85' lang='lat' dir='ltr'>habentes,</span> <span class='ocrx_word' id='word_1_215' title='bbox 833 2334 873 2364; x_wconf 91' lang='lat' dir='ltr'>ad</span> <span class='ocrx_word' id='word_1_216' title='bbox 889 2334 1106 2372; x_wconf 88' lang='lat' dir='ltr'>audiendum,</span> <span class='ocrx_word' id='word_1_217' title='bbox 1125 2336 1206 2365; x_wconf 89' lang='lat' dir='ltr'>reci-</span> 
     </span>
     <span class='ocr_line' id='line_1_35' title="bbox 198 2386 1207 2427; baseline 0.003 -11"><span class='ocrx_word' id='word_1_218' title='bbox 198 2386 352 2426; x_wconf 90' lang='lat' dir='ltr'>piendum</span> <span class='ocrx_word' id='word_1_219' title='bbox 369 2391 398 2416; x_wconf 86' lang='lat' dir='ltr'>et</span> <span class='ocrx_word' id='word_1_220' title='bbox 415 2387 644 2426; x_wconf 88' lang='lat' dir='ltr'>acceptandum</span> <span class='ocrx_word' id='word_1_221' title='bbox 664 2396 718 2427; x_wconf 91' lang='lat' dir='ltr'>pro</span> <span class='ocrx_word' id='word_1_222' title='bbox 736 2388 824 2418; x_wconf 90' lang='lat' dir='ltr'>vobis</span> <span class='ocrx_word' id='word_1_223' title='bbox 845 2391 874 2418; x_wconf 87' lang='lat' dir='ltr'>et</span> <span class='ocrx_word' id='word_1_224' title='bbox 895 2389 1027 2419; x_wconf 85' lang='lat' dir='ltr'>nomine</span> <span class='ocrx_word' id='word_1_225' title='bbox 1044 2393 1149 2419; x_wconf 87' lang='lat' dir='ltr'>vestro</span> <span class='ocrx_word' id='word_1_226' title='bbox 1170 2397 1207 2419; x_wconf 89' lang='lat' dir='ltr'>ea</span> 
     </span>
     <span class='ocr_line' id='line_1_36' title="bbox 198 2438 1205 2479; baseline 0.004 -11"><span class='ocrx_word' id='word_1_227' title='bbox 198 2448 261 2478; x_wconf 87' lang='lat' dir='ltr'>que</span> <span class='ocrx_word' id='word_1_228' title='bbox 276 2447 332 2478; x_wconf 90' lang='lat' dir='ltr'>pro</span> <span class='ocrx_word' id='word_1_229' title='bbox 346 2438 448 2476; x_wconf 89' lang='lat' dir='ltr'>bono,</span> <span class='ocrx_word' id='word_1_230' title='bbox 473 2440 604 2478; x_wconf 89' lang='lat' dir='ltr'>pacifico</span> <span class='ocrx_word' id='word_1_231' title='bbox 624 2444 655 2470; x_wconf 89' lang='lat' dir='ltr'>et</span> <span class='ocrx_word' id='word_1_232' title='bbox 669 2440 846 2479; x_wconf 86' lang='lat' dir='ltr'>tranquillo</span> <span class='ocrx_word' id='word_1_233' title='bbox 863 2444 944 2471; x_wconf 89' lang='lat' dir='ltr'>statu</span> <span class='ocrx_word' id='word_1_234' title='bbox 960 2446 1064 2472; x_wconf 87' lang='lat' dir='ltr'>vestro</span> <span class='ocrx_word' id='word_1_235' title='bbox 1079 2441 1205 2472; x_wconf 82' lang='lat' dir='ltr'>duxeri-</span> 
     </span>
     <span class='ocr_line' id='line_1_37' title="bbox 198 2491 1206 2534; baseline 0.005 -13"><span class='ocrx_word' id='word_1_236' title='bbox 198 2500 273 2521; x_wconf 91' lang='lat' dir='ltr'>mus</span> <span class='ocrx_word' id='word_1_237' title='bbox 287 2491 479 2529; x_wconf 85' lang='lat' dir='ltr'>ordinanda,</span> <span class='ocrx_word' id='word_1_238' title='bbox 497 2492 580 2522; x_wconf 88' lang='lat' dir='ltr'>insra</span> <span class='ocrx_word' id='word_1_239' title='bbox 597 2493 770 2522; x_wconf 90' lang='lat' dir='ltr'>terminum</span> <span class='ocrx_word' id='word_1_240' title='bbox 789 2493 878 2523; x_wconf 89' lang='lat' dir='ltr'>vobis</span> <span class='ocrx_word' id='word_1_241' title='bbox 894 2503 988 2532; x_wconf 89' lang='lat' dir='ltr'>super</span> <span class='ocrx_word' id='word_1_242' title='bbox 1003 2494 1061 2525; x_wconf 85' lang='lat' dir='ltr'>hoc</span> <span class='ocrx_word' id='word_1_243' title='bbox 1079 2504 1134 2534; x_wconf 84' lang='lat' dir='ltr'>per</span> <span class='ocrx_word' id='word_1_244' title='bbox 1151 2505 1206 2526; x_wconf 90' lang='lat' dir='ltr'>ve-</span> 
     </span>
     <span class='ocr_line' id='line_1_38' title="bbox 199 2545 1204 2588; baseline 0.005 -14"><span class='ocrx_word' id='word_1_245' title='bbox 199 2545 377 2575; x_wconf 88' lang='lat' dir='ltr'>nerabilem</span> <span class='ocrx_word' id='word_1_246' title='bbox 387 2545 516 2575; x_wconf 81' lang='lat' dir='ltr'>fratrem</span> <span class='ocrx_word' id='word_1_247' title='bbox 530 2550 671 2576; x_wconf 89' lang='lat' dir='ltr'>nostrum</span> <span class='ocrx_word' id='word_1_248' title='bbox 687 2569 708 2576; x_wconf 89' lang='lat'>..</span> <span class='ocrx_word' id='word_1_249' title='bbox 719 2547 994 2586; x_wconf 89' lang='lat' dir='ltr'>archiepiscopum</span> <span class='ocrx_word' id='word_1_250' title='bbox 1006 2548 1204 2588; x_wconf 85' lang='lat' dir='ltr'>Consanum,</span> 
     </span>
     <span class='ocr_line' id='line_1_39' title="bbox 198 2597 1207 2641; baseline 0.004 -13"><span class='ocrx_word' id='word_1_251' title='bbox 198 2597 332 2629; x_wconf 82' lang='lat' dir='ltr'>latorem</span> <span class='ocrx_word' id='word_1_252' title='bbox 351 2599 558 2638; x_wconf 87' lang='lat' dir='ltr'>presentium,</span> <span class='ocrx_word' id='word_1_253' title='bbox 576 2608 671 2638; x_wconf 82' lang='lat' dir='ltr'>quern</span> <span class='ocrx_word' id='word_1_254' title='bbox 686 2599 725 2629; x_wconf 90' lang='lat' dir='ltr'>ad</span> <span class='ocrx_word' id='word_1_255' title='bbox 742 2608 795 2630; x_wconf 89' lang='lat' dir='ltr'>vos</span> <span class='ocrx_word' id='word_1_256' title='bbox 814 2605 939 2640; x_wconf 85' lang='lat' dir='ltr'>propter</span> <span class='ocrx_word' id='word_1_257' title='bbox 953 2601 1013 2631; x_wconf 87' lang='lat' dir='ltr'>hoc</span> <span class='ocrx_word' id='word_1_258' title='bbox 1029 2601 1207 2641; x_wconf 87' lang='lat' dir='ltr'>specialiter</span> 
     </span>
     <span class='ocr_line' id='line_1_40' title="bbox 198 2651 1206 2693; baseline 0.006 -13"><span class='ocrx_word' id='word_1_259' title='bbox 198 2651 370 2688; x_wconf 89' lang='lat' dir='ltr'>mittimus,</span> <span class='ocrx_word' id='word_1_260' title='bbox 379 2651 624 2690; x_wconf 83' lang='lat' dir='ltr'>assignandum,</span> <span class='ocrx_word' id='word_1_261' title='bbox 637 2652 762 2683; x_wconf 87' lang='lat' dir='ltr'>sublato</span> <span class='ocrx_word' id='word_1_262' title='bbox 774 2653 970 2684; x_wconf 84' lang='lat' dir='ltr'>difficultatis</span> <span class='ocrx_word' id='word_1_263' title='bbox 983 2654 1156 2693; x_wconf 90' lang='lat' dir='ltr'>obstaculo,</span> <span class='ocrx_word' id='word_1_264' title='bbox 1166 2656 1206 2686; x_wconf 90' lang='lat' dir='ltr'>ad</span> 
     </span>
     <span class='ocr_line' id='line_1_41' title="bbox 199 2703 1206 2746; baseline 0.005 -13"><span class='ocrx_word' id='word_1_265' title='bbox 199 2708 340 2735; x_wconf 89' lang='lat' dir='ltr'>nostram</span> <span class='ocrx_word' id='word_1_266' title='bbox 355 2703 547 2743; x_wconf 84' lang='lat' dir='ltr'>presentiam</span> <span class='ocrx_word' id='word_1_267' title='bbox 561 2704 739 2742; x_wconf 87' lang='lat' dir='ltr'>destinetis,</span> <span class='ocrx_word' id='word_1_268' title='bbox 757 2706 888 2736; x_wconf 90' lang='lat' dir='ltr'>interim</span> <span class='ocrx_word' id='word_1_269' title='bbox 905 2715 923 2736; x_wconf 90' lang='lat' dir='ltr'>a</span> <span class='ocrx_word' id='word_1_270' title='bbox 939 2707 1083 2746; x_wconf 88' lang='lat' dir='ltr'>quolibet</span> <span class='ocrx_word' id='word_1_271' title='bbox 1098 2708 1206 2739; x_wconf 86' lang='lat' dir='ltr'>hostili</span> 
     </span>
     <span class='ocr_line' id='line_1_42' title="bbox 197 2758 1206 2797; baseline 0.005 -10"><span class='ocrx_word' id='word_1_272' title='bbox 197 2766 346 2797; x_wconf 87' lang='lat' dir='ltr'>processu</span> <span class='ocrx_word' id='word_1_273' title='bbox 365 2761 475 2787; x_wconf 88' lang='lat' dir='ltr'>contra</span> <span class='ocrx_word' id='word_1_274' title='bbox 490 2758 651 2788; x_wconf 88' lang='lat' dir='ltr'>civitatem</span> <span class='ocrx_word' id='word_1_275' title='bbox 671 2758 834 2789; x_wconf 88' lang='lat' dir='ltr'>Lucanam</span> <span class='ocrx_word' id='word_1_276' title='bbox 857 2764 887 2789; x_wconf 85' lang='lat' dir='ltr'>et</span> <span class='ocrx_word' id='word_1_277' title='bbox 911 2761 1106 2791; x_wconf 85' lang='lat' dir='ltr'>extrinsecos</span> <span class='ocrx_word' id='word_1_278' title='bbox 1128 2761 1206 2792; x_wconf 89' lang='lat' dir='ltr'>civi-</span> 
     </span>
     <span class='ocr_line' id='line_1_43' title="bbox 200 2810 1206 2852; baseline 0.006 -12"><span class='ocrx_word' id='word_1_279' title='bbox 200 2811 272 2841; x_wconf 84' lang='lat' dir='ltr'>tatis</span> <span class='ocrx_word' id='word_1_280' title='bbox 288 2815 391 2841; x_wconf 84' lang='lat' dir='ltr'>vestre</span> <span class='ocrx_word' id='word_1_281' title='bbox 406 2810 535 2849; x_wconf 87' lang='lat' dir='ltr'>penitus</span> <span class='ocrx_word' id='word_1_282' title='bbox 555 2811 790 2843; x_wconf 85' lang='lat' dir='ltr'>abstinentes...</span> <span class='ocrx_word' id='word_1_283' title='bbox 814 2813 886 2844; x_wconf 90' lang='lat' dir='ltr'>Dat.</span> <span class='ocrx_word' id='word_1_284' title='bbox 905 2814 1021 2852; x_wconf 87' lang='lat' dir='ltr'>Reate,</span> <span class='ocrx_word' id='word_1_285' title='bbox 1042 2824 1087 2844; x_wconf 87' lang='lat'>1111</span> <span class='ocrx_word' id='word_1_286' title='bbox 1104 2823 1206 2846; x_wconf 90' lang='lat' dir='ltr'>nonas</span> 
     </span>
     <span class='ocr_line' id='line_1_44' title="bbox 197 2863 617 2903; baseline -0.005 -9"><span class='ocrx_word' id='word_1_287' title='bbox 197 2863 346 2900; x_wconf 84' lang='lat' dir='ltr'>octobris,</span> <span class='ocrx_word' id='word_1_288' title='bbox 362 2872 448 2894; x_wconf 88' lang='lat' dir='ltr'>anno</span> <span class='ocrx_word' id='word_1_289' title='bbox 465 2863 582 2903; x_wconf 90' lang='lat' dir='ltr'>primo.</span> <span class='ocrx_word' id='word_1_290' title='bbox 603 2876 617 2891; x_wconf 90' lang='lat'>»</span> 
     </span>
    </p>

    <p class='ocr_par' dir='ltr' id='par_1_12' title="bbox 196 2917 1207 3015">
     <span class='ocr_line' id='line_1_45' title="bbox 238 2917 1207 2959; baseline 0.006 -12"><span class='ocrx_word' id='word_1_291' title='bbox 238 2918 277 2947; x_wconf 89' lang='lat' dir='ltr'>In</span> <span class='ocrx_word' id='word_1_292' title='bbox 297 2925 324 2947; x_wconf 93' lang='lat' dir='ltr'>e.</span> <span class='ocrx_word' id='word_1_293' title='bbox 342 2926 386 2947; x_wconf 85' lang='lat' dir='ltr'>m.</span> <span class='ocrx_word' id='word_1_294' title='bbox 404 2917 504 2948; x_wconf 88' lang='lat' dir='ltr'>nobili</span> <span class='ocrx_word' id='word_1_295' title='bbox 522 2918 590 2948; x_wconf 88' lang='lat' dir='ltr'>viro</span> <span class='ocrx_word' id='word_1_296' title='bbox 612 2941 630 2947; x_wconf 92' lang='lat'>..</span> <span class='ocrx_word' id='word_1_297' title='bbox 645 2918 745 2958; x_wconf 89' lang='lat' dir='ltr'>judici</span> <span class='ocrx_word' id='word_1_298' title='bbox 761 2919 1005 2959; x_wconf 85' lang='lat' dir='ltr'>Calagurritano</span> <span class='ocrx_word' id='word_1_299' title='bbox 1023 2921 1154 2953; x_wconf 85' lang='lat' dir='ltr'>mandat</span> <span class='ocrx_word' id='word_1_300' title='bbox 1172 2926 1207 2953; x_wconf 90' lang='lat' dir='ltr'>ut</span> 
     </span>
     <span class='ocr_line' id='line_1_46' title="bbox 196 2971 1206 3015; baseline 0.007 -14"><span class='ocrx_word' id='word_1_301' title='bbox 196 2971 284 3002; x_wconf 81' lang='lat' dir='ltr'>infra</span> <span class='ocrx_word' id='word_1_302' title='bbox 302 2971 477 3002; x_wconf 91' lang='lat' dir='ltr'>terminum</span> <span class='ocrx_word' id='word_1_303' title='bbox 503 2972 563 3002; x_wconf 90' lang='lat' dir='ltr'>sibi</span> <span class='ocrx_word' id='word_1_304' title='bbox 584 2972 624 3003; x_wconf 90' lang='lat' dir='ltr'>ab</span> <span class='ocrx_word' id='word_1_305' title='bbox 650 2972 888 3014; x_wconf 88' lang='lat' dir='ltr'>archiepiscopo</span> <span class='ocrx_word' id='word_1_306' title='bbox 914 2975 1080 3015; x_wconf 91' lang='lat' dir='ltr'>Consano,</span> <span class='ocrx_word' id='word_1_307' title='bbox 1106 2976 1206 3009; x_wconf 90' lang='lat' dir='ltr'>latore</span> 
     </span>
    </p>
   </div>
   <div class='ocr_carea' id='block_1_12' title="bbox 1277 362 2284 553">
    <p class='ocr_par' dir='ltr' id='par_1_13' title="bbox 1277 362 2284 553">
     <span class='ocr_line' id='line_1_47' title="bbox 1280 362 2284 404; baseline 0 -10"><span class='ocrx_word' id='word_1_308' title='bbox 1280 365 1514 404; x_wconf 86' lang='lat' dir='ltr'>praesentium,</span> <span class='ocrx_word' id='word_1_309' title='bbox 1538 363 1789 402; x_wconf 85' lang='lat' dir='ltr'>assignandum,</span> <span class='ocrx_word' id='word_1_310' title='bbox 1805 365 2042 403; x_wconf 87' lang='lat' dir='ltr'>procuratorem</span> <span class='ocrx_word' id='word_1_311' title='bbox 2067 370 2161 392; x_wconf 91' lang='lat' dir='ltr'>suum</span> <span class='ocrx_word' id='word_1_312' title='bbox 2177 362 2216 392; x_wconf 89' lang='lat' dir='ltr'>ad</span> <span class='ocrx_word' id='word_1_313' title='bbox 2233 371 2284 394; x_wconf 82' lang='lat' dir='ltr'>se-</span> 
     </span>
     <span class='ocr_line' id='line_1_48' title="bbox 1277 414 2282 456; baseline -0.001 -8"><span class='ocrx_word' id='word_1_314' title='bbox 1277 417 1351 448; x_wconf 90' lang='lat' dir='ltr'>dem</span> <span class='ocrx_word' id='word_1_315' title='bbox 1369 417 1574 456; x_wconf 87' lang='lat' dir='ltr'>apostolicam</span> <span class='ocrx_word' id='word_1_316' title='bbox 1593 417 1710 454; x_wconf 87' lang='lat' dir='ltr'>mittat,</span> <span class='ocrx_word' id='word_1_317' title='bbox 1733 415 1867 446; x_wconf 87' lang='lat' dir='ltr'>interim</span> <span class='ocrx_word' id='word_1_318' title='bbox 1882 424 1901 445; x_wconf 86' lang='lat' dir='ltr'>a</span> <span class='ocrx_word' id='word_1_319' title='bbox 1922 414 2066 454; x_wconf 86' lang='lat' dir='ltr'>quolibet</span> <span class='ocrx_word' id='word_1_320' title='bbox 2086 415 2195 445; x_wconf 90' lang='lat' dir='ltr'>hostili</span> <span class='ocrx_word' id='word_1_321' title='bbox 2212 424 2282 455; x_wconf 90' lang='lat' dir='ltr'>pro-</span> 
     </span>
     <span class='ocr_line' id='line_1_49' title="bbox 1278 469 2284 508; baseline 0.002 -8"><span class='ocrx_word' id='word_1_322' title='bbox 1278 479 1368 501; x_wconf 86' lang='lat' dir='ltr'>cessu</span> <span class='ocrx_word' id='word_1_323' title='bbox 1394 474 1504 501; x_wconf 86' lang='lat' dir='ltr'>contra</span> <span class='ocrx_word' id='word_1_324' title='bbox 1531 470 1691 501; x_wconf 85' lang='lat' dir='ltr'>civitatem</span> <span class='ocrx_word' id='word_1_325' title='bbox 1715 470 1879 500; x_wconf 85' lang='lat' dir='ltr'>Lucanam</span> <span class='ocrx_word' id='word_1_326' title='bbox 1901 472 1933 499; x_wconf 89' lang='lat' dir='ltr'>et</span> <span class='ocrx_word' id='word_1_327' title='bbox 1952 469 2021 508; x_wconf 90' lang='lat' dir='ltr'>ejus</span> <span class='ocrx_word' id='word_1_328' title='bbox 2041 469 2234 501; x_wconf 87' lang='lat' dir='ltr'>extrinsecos</span> <span class='ocrx_word' id='word_1_329' title='bbox 2251 479 2284 503; x_wconf 86' lang='lat' dir='ltr'>se</span> 
     </span>
     <span class='ocr_line' id='line_1_50' title="bbox 1278 523 1454 553; baseline -0.006 0"><span class='ocrx_word' id='word_1_330' title='bbox 1278 523 1454 553; x_wconf 83' lang='lat' dir='ltr'>abstinens.</span> 
     </span>
    </p>
   </div>
   <div class='ocr_carea' id='block_1_13' title="bbox 1350 696 1467 725">
    <p class='ocr_par' dir='ltr' id='par_1_14' title="bbox 1350 696 1467 725">
     <span class='ocr_line' id='line_1_51' title="bbox 1350 696 1467 725; baseline 0.009 -1"><span class='ocrx_word' id='word_1_331' title='bbox 1350 696 1467 725; x_wconf 65' lang='lat'><strong>’2¹40</strong></span> 
     </span>
    </p>
   </div>
   <div class='ocr_carea' id='block_1_14' title="bbox 1314 757 1824 793">
    <p class='ocr_par' dir='ltr' id='par_1_15' title="bbox 1314 757 1824 793">
     <span class='ocr_line' id='line_1_52' title="bbox 1314 757 1824 793; baseline 0.002 -9"><span class='ocrx_word' id='word_1_332' title='bbox 1314 757 1357 785; x_wconf 92' lang='lat' dir='ltr'>De</span> <span class='ocrx_word' id='word_1_333' title='bbox 1372 757 1474 785; x_wconf 89' lang='lat' dir='ltr'>eodem</span> <span class='ocrx_word' id='word_1_334' title='bbox 1489 757 1617 793; x_wconf 89' lang='lat' dir='ltr'>negotio.</span> <span class='ocrx_word' id='word_1_335' title='bbox 1636 757 1706 791; x_wconf 59' lang='lat'>(1²01.</span> <span class='ocrx_word' id='word_1_336' title='bbox 1723 757 1757 786; x_wconf 85' lang='grc'>26</span> <span class='ocrx_word' id='word_1_337' title='bbox 1773 759 1824 791; x_wconf 79' lang='grc' dir='ltr'><strong>νο.)</strong></span> 
     </span>
    </p>
   </div>
   <div class='ocr_carea' id='block_1_15' title="bbox 1863 693 2216 730">
    <p class='ocr_par' dir='ltr' id='par_1_16' title="bbox 1863 693 2216 730">
     <span class='ocr_line' id='line_1_53' title="bbox 1863 693 2216 730; baseline -0.003 -8"><span class='ocrx_word' id='word_1_338' title='bbox 1863 695 1951 730; x_wconf 68' lang='lat' dir='ltr'>Rieu,</span> <span class='ocrx_word' id='word_1_339' title='bbox 1969 695 1984 722; x_wconf 81' lang='lat'>4</span> <span class='ocrx_word' id='word_1_340' title='bbox 1999 694 2117 722; x_wconf 85' lang='lat' dir='ltr'>octobre</span> <span class='ocrx_word' id='word_1_341' title='bbox 2138 693 2216 722; x_wconf 75' lang='lat'>1288.</span> 
     </span>
    </p>
   </div>
   <div class='ocr_carea' id='block_1_16' title="bbox 2285 738 2294 752">
    <p class='ocr_par' dir='ltr' id='par_1_17' title="bbox 2285 738 2294 752">
     <span class='ocr_line' id='line_1_54' title="bbox 2285 738 2294 752; baseline 0 0"><span class='ocrx_word' id='word_1_342' title='bbox 2285 738 2294 752; x_wconf 76' lang='grc'><strong><em>1</em></strong></span> 
     </span>
    </p>
   </div>
   <div class='ocr_carea' id='block_1_17' title="bbox 1278 859 2289 1060">
    <p class='ocr_par' dir='ltr' id='par_1_18' title="bbox 1278 859 2289 1006">
     <span class='ocr_line' id='line_1_55' title="bbox 1325 859 2289 899; baseline 0.002 -9"><span class='ocrx_word' id='word_1_343' title='bbox 1325 861 1494 891; x_wconf 81' lang='lat' dir='ltr'>Venerabili</span> <span class='ocrx_word' id='word_1_344' title='bbox 1509 861 1603 898; x_wconf 82' lang='lat' dir='ltr'>fratri</span> <span class='ocrx_word' id='word_1_345' title='bbox 1622 883 1643 891; x_wconf 91' lang='lat'>..</span> <span class='ocrx_word' id='word_1_346' title='bbox 1663 861 1887 899; x_wconf 79' lang='lat' dir='ltr'>archiepiscopo</span> <span class='ocrx_word' id='word_1_347' title='bbox 1904 861 2029 890; x_wconf 84' lang='lat' dir='ltr'>Pisano.</span> <span class='ocrx_word' id='word_1_348' title='bbox 2050 860 2088 890; x_wconf 86' lang='lat' dir='ltr'>Ei</span> <span class='ocrx_word' id='word_1_349' title='bbox 2106 859 2237 891; x_wconf 83' lang='lat' dir='ltr'>mandat</span> <span class='ocrx_word' id='word_1_350' title='bbox 2252 864 2289 892; x_wconf 76' lang='lat' dir='ltr'>ut</span> 
     </span>
     <span class='ocr_line' id='line_1_56' title="bbox 1278 913 2289 952; baseline 0.001 -9"><span class='ocrx_word' id='word_1_351' title='bbox 1278 914 1365 944; x_wconf 82' lang='lat' dir='ltr'>infra</span> <span class='ocrx_word' id='word_1_352' title='bbox 1381 913 1557 944; x_wconf 87' lang='lat' dir='ltr'>terminum</span> <span class='ocrx_word' id='word_1_353' title='bbox 1574 913 1635 944; x_wconf 88' lang='lat' dir='ltr'>sihi</span> <span class='ocrx_word' id='word_1_354' title='bbox 1650 913 1690 943; x_wconf 87' lang='lat' dir='ltr'>ab</span> <span class='ocrx_word' id='word_1_355' title='bbox 1707 913 1944 952; x_wconf 82' lang='lat' dir='ltr'>archiepiscopo</span> <span class='ocrx_word' id='word_1_356' title='bbox 1959 913 2107 944; x_wconf 90' lang='lat' dir='ltr'>Consano</span> <span class='ocrx_word' id='word_1_357' title='bbox 2121 913 2289 952; x_wconf 82' lang='lat' dir='ltr'>assignan-</span> 
     </span>
     <span class='ocr_line' id='line_1_57' title="bbox 1279 966 1893 1006; baseline 0 -9"><span class='ocrx_word' id='word_1_358' title='bbox 1279 967 1358 997; x_wconf 91' lang='lat' dir='ltr'>dum</span> <span class='ocrx_word' id='word_1_359' title='bbox 1373 966 1412 996; x_wconf 87' lang='lat' dir='ltr'>ad</span> <span class='ocrx_word' id='word_1_360' title='bbox 1427 967 1535 997; x_wconf 88' lang='lat' dir='ltr'>sedem</span> <span class='ocrx_word' id='word_1_361' title='bbox 1551 966 1756 1006; x_wconf 85' lang='lat' dir='ltr'>apostolicam</span> <span class='ocrx_word' id='word_1_362' title='bbox 1773 966 1893 998; x_wconf 89' lang='lat' dir='ltr'>veniat.</span> 
     </span>
    </p>

    <p class='ocr_par' dir='ltr' id='par_1_19' title="bbox 1322 1020 2091 1060">
     <span class='ocr_line' id='line_1_58' title="bbox 1322 1020 2091 1060; baseline -0.001 -11"><span class='ocrx_word' id='word_1_363' title='bbox 1322 1032 1336 1048; x_wconf 74' lang='lat' dir='ltr'>&lt;t</span> <span class='ocrx_word' id='word_1_364' title='bbox 1358 1021 1410 1050; x_wconf 88' lang='lat' dir='ltr'>Ad</span> <span class='ocrx_word' id='word_1_365' title='bbox 1426 1025 1543 1051; x_wconf 90' lang='lat' dir='ltr'>statum</span> <span class='ocrx_word' id='word_1_366' title='bbox 1558 1020 1736 1050; x_wconf 85' lang='lat' dir='ltr'>civitatis...</span> <span class='ocrx_word' id='word_1_367' title='bbox 1753 1037 1791 1042; x_wconf 96' lang='lat'>—</span> <span class='ocrx_word' id='word_1_368' title='bbox 1811 1020 1883 1050; x_wconf 89' lang='lat' dir='ltr'>Dat.</span> <span class='ocrx_word' id='word_1_369' title='bbox 1901 1024 1936 1050; x_wconf 92' lang='lat' dir='ltr'>ut</span> <span class='ocrx_word' id='word_1_370' title='bbox 1951 1029 2057 1060; x_wconf 91' lang='lat' dir='ltr'>supra.</span> <span class='ocrx_word' id='word_1_371' title='bbox 2077 1031 2091 1048; x_wconf 71' lang='grc' dir='ltr'>ι»</span> 
     </span>
    </p>
   </div>
   <div class='ocr_carea' id='block_1_18' title="bbox 1320 1193 1826 1291">
    <p class='ocr_par' dir='ltr' id='par_1_20' title="bbox 1320 1193 1826 1291">
     <span class='ocr_line' id='line_1_59' title="bbox 1355 1193 1466 1221; baseline 0 0"><span class='ocrx_word' id='word_1_372' title='bbox 1355 1193 1466 1221; x_wconf 65' lang='lat'>&#39;2141</span> 
     </span>
     <span class='ocr_line' id='line_1_60' title="bbox 1320 1255 1826 1291; baseline 0 -9"><span class='ocrx_word' id='word_1_373' title='bbox 1320 1255 1363 1282; x_wconf 90' lang='lat' dir='ltr'>De</span> <span class='ocrx_word' id='word_1_374' title='bbox 1377 1255 1478 1283; x_wconf 87' lang='lat' dir='ltr'>eodem</span> <span class='ocrx_word' id='word_1_375' title='bbox 1494 1255 1621 1291; x_wconf 85' lang='lat' dir='ltr'>negotio.</span> <span class='ocrx_word' id='word_1_376' title='bbox 1638 1255 1710 1290; x_wconf 80' lang='lat' dir='ltr'>(Fol.</span> <span class='ocrx_word' id='word_1_377' title='bbox 1723 1255 1758 1283; x_wconf 91' lang='grc'>26</span> <span class='ocrx_word' id='word_1_378' title='bbox 1774 1257 1826 1289; x_wconf 78' lang='lat' dir='ltr'>v0.)</span> 
     </span>
    </p>
   </div>
   <div class='ocr_carea' id='block_1_19' title="bbox 1876 1192 2221 1225">
    <p class='ocr_par' dir='ltr' id='par_1_21' title="bbox 1876 1192 2221 1225">
     <span class='ocr_line' id='line_1_61' title="bbox 1876 1192 2221 1225; baseline 0.003 -5"><span class='ocrx_word' id='word_1_379' title='bbox 1876 1192 1962 1225; x_wconf 79' lang='lat' dir='ltr'>Rieti,</span> <span class='ocrx_word' id='word_1_380' title='bbox 1979 1193 1994 1220; x_wconf 86' lang='lat'><strong>4</strong></span> <span class='ocrx_word' id='word_1_381' title='bbox 2010 1193 2126 1220; x_wconf 87' lang='lat' dir='ltr'>octobre</span> <span class='ocrx_word' id='word_1_382' title='bbox 2142 1192 2221 1221; x_wconf 77' lang='grc'><strong>1288.</strong></span> 
     </span>
    </p>
   </div>
   <div class='ocr_carea' id='block_1_20' title="bbox 1285 1344 2321 1495">
    <p class='ocr_par' dir='ltr' id='par_1_22' title="bbox 1285 1344 2321 1495">
     <span class='ocr_line' id='line_1_62' title="bbox 1324 1344 2290 1397; baseline 0.002 -9"><span class='ocrx_word' id='word_1_383' title='bbox 1324 1359 1445 1388; x_wconf 83' lang='lat' dir='ltr'>Dilectis</span> <span class='ocrx_word' id='word_1_384' title='bbox 1465 1358 1543 1396; x_wconf 77' lang='lat' dir='ltr'>filiis</span> <span class='ocrx_word' id='word_1_385' title='bbox 1560 1380 1581 1388; x_wconf 92' lang='lat'>..</span> <span class='ocrx_word' id='word_1_386' title='bbox 1601 1359 1761 1397; x_wconf 79' lang='lat' dir='ltr'>potestati,</span> <span class='ocrx_word' id='word_1_387' title='bbox 1779 1359 1906 1388; x_wconf 81' lang='lat' dir='ltr'>consilio</span> <span class='ocrx_word' id='word_1_388' title='bbox 1927 1344 1953 1388; x_wconf 87' lang='lat' dir='ltr'>et</span> <span class='ocrx_word' id='word_1_389' title='bbox 1975 1360 2133 1388; x_wconf 83' lang='lat' dir='ltr'>communi</span> <span class='ocrx_word' id='word_1_390' title='bbox 2153 1359 2290 1390; x_wconf 75' lang='lat' dir='ltr'>Lucanis.</span> 
     </span>
     <span class='ocr_line' id='line_1_63' title="bbox 1285 1410 2321 1450; baseline 0.003 -10"><span class='ocrx_word' id='word_1_391' title='bbox 1285 1411 1339 1441; x_wconf 85' lang='lat' dir='ltr'>Eis</span> <span class='ocrx_word' id='word_1_392' title='bbox 1356 1410 1489 1441; x_wconf 86' lang='lat' dir='ltr'>mandat</span> <span class='ocrx_word' id='word_1_393' title='bbox 1505 1414 1539 1441; x_wconf 91' lang='lat' dir='ltr'>ut</span> <span class='ocrx_word' id='word_1_394' title='bbox 1556 1411 1595 1441; x_wconf 88' lang='lat' dir='ltr'>ab</span> <span class='ocrx_word' id='word_1_395' title='bbox 1613 1411 1704 1441; x_wconf 90' lang='lat' dir='ltr'>omni</span> <span class='ocrx_word' id='word_1_396' title='bbox 1720 1410 1828 1441; x_wconf 84' lang='lat' dir='ltr'>hostili</span> <span class='ocrx_word' id='word_1_397' title='bbox 1845 1419 1992 1450; x_wconf 87' lang='lat' dir='ltr'>processu</span> <span class='ocrx_word' id='word_1_398' title='bbox 2009 1416 2119 1442; x_wconf 90' lang='lat' dir='ltr'>contra</span> <span class='ocrx_word' id='word_1_399' title='bbox 2133 1411 2293 1443; x_wconf 87' lang='lat' dir='ltr'>civitatem</span> <span class='ocrx_word' id='word_1_400' title='bbox 2318 1415 2321 1418; x_wconf 85' lang='lat'>&#39;</span> 
     </span>
     <span class='ocr_line' id='line_1_64' title="bbox 1285 1464 1698 1495; baseline 0.002 -2"><span class='ocrx_word' id='word_1_401' title='bbox 1285 1464 1436 1494; x_wconf 88' lang='lat' dir='ltr'>Pisanam</span> <span class='ocrx_word' id='word_1_402' title='bbox 1453 1473 1486 1494; x_wconf 89' lang='lat' dir='ltr'>se</span> <span class='ocrx_word' id='word_1_403' title='bbox 1503 1464 1698 1495; x_wconf 86' lang='lat' dir='ltr'>abstineant.</span> 
     </span>
    </p>
   </div>
   <div class='ocr_carea' id='block_1_21' title="bbox 1327 1517 2094 1558">
    <p class='ocr_par' dir='ltr' id='par_1_23' title="bbox 1327 1517 2094 1558">
     <span class='ocr_line' id='line_1_65' title="bbox 1327 1517 2094 1558; baseline 0.004 -11"><span class='ocrx_word' id='word_1_404' title='bbox 1327 1529 1341 1545; x_wconf 75' lang='grc' dir='ltr'>α</span> <span class='ocrx_word' id='word_1_405' title='bbox 1359 1517 1410 1547; x_wconf 88' lang='lat' dir='ltr'>Ad</span> <span class='ocrx_word' id='word_1_406' title='bbox 1426 1521 1543 1548; x_wconf 89' lang='lat' dir='ltr'>statum</span> <span class='ocrx_word' id='word_1_407' title='bbox 1559 1518 1736 1549; x_wconf 87' lang='lat' dir='ltr'>civitatis...</span> <span class='ocrx_word' id='word_1_408' title='bbox 1755 1535 1795 1540; x_wconf 91' lang='lat'>—</span> <span class='ocrx_word' id='word_1_409' title='bbox 1813 1518 1886 1550; x_wconf 84' lang='lat' dir='ltr'>Dat.</span> <span class='ocrx_word' id='word_1_410' title='bbox 1905 1521 2061 1558; x_wconf 87' lang='lat' dir='ltr'>utsupra.</span> <span class='ocrx_word' id='word_1_411' title='bbox 2079 1530 2094 1546; x_wconf 68' lang='lat' dir='ltr'>n</span> 
     </span>
    </p>
   </div>
   <div class='ocr_carea' id='block_1_22' title="bbox 1326 1698 1828 1796">
    <p class='ocr_par' dir='ltr' id='par_1_24' title="bbox 1326 1698 1828 1796">
     <span class='ocr_line' id='line_1_66' title="bbox 1359 1698 1476 1727; baseline 0 -1"><span class='ocrx_word' id='word_1_412' title='bbox 1359 1698 1476 1727; x_wconf 63' lang='lat'>&#39;2¹42</span> 
     </span>
     <span class='ocr_line' id='line_1_67' title="bbox 1326 1760 1828 1796; baseline 0.002 -8"><span class='ocrx_word' id='word_1_413' title='bbox 1326 1760 1367 1788; x_wconf 91' lang='lat' dir='ltr'>De</span> <span class='ocrx_word' id='word_1_414' title='bbox 1382 1760 1483 1788; x_wconf 88' lang='lat' dir='ltr'>eodem</span> <span class='ocrx_word' id='word_1_415' title='bbox 1499 1761 1625 1796; x_wconf 86' lang='lat' dir='ltr'>negotio.</span> <span class='ocrx_word' id='word_1_416' title='bbox 1641 1760 1713 1795; x_wconf 87' lang='lat' dir='ltr'>(Fol.</span> <span class='ocrx_word' id='word_1_417' title='bbox 1728 1761 1763 1789; x_wconf 85' lang='grc'>26</span> <span class='ocrx_word' id='word_1_418' title='bbox 1777 1764 1828 1794; x_wconf 82' lang='lat' dir='ltr'>v0.)</span> 
     </span>
    </p>
   </div>
   <div class='ocr_carea' id='block_1_23' title="bbox 1875 1697 2225 1731">
    <p class='ocr_par' dir='ltr' id='par_1_25' title="bbox 1875 1697 2225 1731">
     <span class='ocr_line' id='line_1_68' title="bbox 1875 1697 2225 1731; baseline 0 -5"><span class='ocrx_word' id='word_1_419' title='bbox 1875 1698 1963 1731; x_wconf 86' lang='lat' dir='ltr'>Rieti,</span> <span class='ocrx_word' id='word_1_420' title='bbox 1981 1698 1997 1726; x_wconf 83' lang='lat'>4</span> <span class='ocrx_word' id='word_1_421' title='bbox 2012 1697 2130 1726; x_wconf 87' lang='lat' dir='ltr'>octobre</span> <span class='ocrx_word' id='word_1_422' title='bbox 2146 1697 2225 1726; x_wconf 74' lang='lat'>1288.</span> 
     </span>
    </p>
   </div>
   <div class='ocr_carea' id='block_1_24' title="bbox 1288 1863 2295 2012">
    <p class='ocr_par' dir='ltr' id='par_1_26' title="bbox 1288 1863 2295 2012">
     <span class='ocr_line' id='line_1_69' title="bbox 1334 1863 2295 1903; baseline 0.001 -10"><span class='ocrx_word' id='word_1_423' title='bbox 1334 1863 1502 1893; x_wconf 82' lang='lat' dir='ltr'>Venerabili</span> <span class='ocrx_word' id='word_1_424' title='bbox 1522 1864 1619 1900; x_wconf 80' lang='lat' dir='ltr'>fratri</span> <span class='ocrx_word' id='word_1_425' title='bbox 1639 1887 1656 1893; x_wconf 91' lang='lat'>..</span> <span class='ocrx_word' id='word_1_426' title='bbox 1678 1864 1902 1902; x_wconf 83' lang='lat' dir='ltr'>archiepiscopo</span> <span class='ocrx_word' id='word_1_427' title='bbox 1922 1863 2070 1894; x_wconf 78' lang='lat' dir='ltr'>Consano.</span> <span class='ocrx_word' id='word_1_428' title='bbox 2093 1863 2131 1894; x_wconf 89' lang='lat' dir='ltr'>Ei</span> <span class='ocrx_word' id='word_1_429' title='bbox 2151 1863 2295 1903; x_wconf 83' lang='lat' dir='ltr'>praedic-</span> 
     </span>
     <span class='ocr_line' id='line_1_70' title="bbox 1288 1917 1738 1956; baseline -0.002 -8"><span class='ocrx_word' id='word_1_430' title='bbox 1288 1922 1358 1948; x_wconf 89' lang='lat' dir='ltr'>tum</span> <span class='ocrx_word' id='word_1_431' title='bbox 1374 1917 1540 1956; x_wconf 84' lang='lat' dir='ltr'>negotium</span> <span class='ocrx_word' id='word_1_432' title='bbox 1554 1917 1738 1948; x_wconf 86' lang='lat' dir='ltr'>committit.</span> 
     </span>
     <span class='ocr_line' id='line_1_71' title="bbox 1329 1972 2144 2012; baseline -0.002 -10"><span class='ocrx_word' id='word_1_433' title='bbox 1329 1981 1344 2002; x_wconf 88' lang='lat'>‹</span> <span class='ocrx_word' id='word_1_434' title='bbox 1360 1972 1571 2003; x_wconf 88' lang='lat' dir='ltr'>Attendentes</span> <span class='ocrx_word' id='word_1_435' title='bbox 1589 1972 1675 2012; x_wconf 89' lang='lat' dir='ltr'>quod</span> <span class='ocrx_word' id='word_1_436' title='bbox 1691 1976 1793 2004; x_wconf 88' lang='lat' dir='ltr'>tam...</span> <span class='ocrx_word' id='word_1_437' title='bbox 1809 1989 1849 1996; x_wconf 89' lang='lat'><strong>—</strong></span> <span class='ocrx_word' id='word_1_438' title='bbox 1864 1972 1936 2003; x_wconf 90' lang='lat' dir='ltr'>Dat.</span> <span class='ocrx_word' id='word_1_439' title='bbox 1954 1975 2110 2012; x_wconf 87' lang='lat' dir='ltr'>utsupra.</span> <span class='ocrx_word' id='word_1_440' title='bbox 2128 1983 2144 2000; x_wconf 84' lang='lat'>›&gt;</span> 
     </span>
    </p>
   </div>
   <div class='ocr_carea' id='block_1_25' title="bbox 1361 2151 2227 2184">
    <p class='ocr_par' dir='ltr' id='par_1_27' title="bbox 1361 2151 2227 2184">
     <span class='ocr_line' id='line_1_72' title="bbox 1361 2151 2227 2184; baseline 0 -4"><span class='ocrx_word' id='word_1_441' title='bbox 1361 2152 1478 2181; x_wconf 65' lang='lat'><strong>’2143</strong></span> <span class='ocrx_word' id='word_1_442' title='bbox 1879 2151 1967 2184; x_wconf 85' lang='lat' dir='ltr'>Rieti,</span> <span class='ocrx_word' id='word_1_443' title='bbox 1984 2151 2000 2179; x_wconf 81' lang='lat'>4</span> <span class='ocrx_word' id='word_1_444' title='bbox 2016 2151 2134 2179; x_wconf 83' lang='lat' dir='ltr'>octobre</span> <span class='ocrx_word' id='word_1_445' title='bbox 2148 2151 2227 2180; x_wconf 73' lang='lat'>1288.</span> 
     </span>
    </p>
   </div>
   <div class='ocr_carea' id='block_1_26' title="bbox 1289 2213 2298 2298">
    <p class='ocr_par' dir='ltr' id='par_1_28' title="bbox 1289 2213 2298 2298">
     <span class='ocr_line' id='line_1_73' title="bbox 1323 2213 2298 2250; baseline -0.001 -8"><span class='ocrx_word' id='word_1_446' title='bbox 1323 2215 1488 2242; x_wconf 80' lang='lat' dir='ltr'>lnfradictis</span> <span class='ocrx_word' id='word_1_447' title='bbox 1502 2215 1625 2242; x_wconf 82' lang='lat' dir='ltr'>Tusciae</span> <span class='ocrx_word' id='word_1_448' title='bbox 1638 2214 1752 2242; x_wconf 83' lang='lat' dir='ltr'>civibus</span> <span class='ocrx_word' id='word_1_449' title='bbox 1767 2214 1883 2242; x_wconf 81' lang='lat' dir='ltr'>mandat</span> <span class='ocrx_word' id='word_1_450' title='bbox 1897 2217 1930 2242; x_wconf 86' lang='lat' dir='ltr'>ut</span> <span class='ocrx_word' id='word_1_451' title='bbox 1947 2222 1964 2241; x_wconf 89' lang='lat' dir='ltr'>a</span> <span class='ocrx_word' id='word_1_452' title='bbox 1978 2214 2106 2250; x_wconf 87' lang='lat' dir='ltr'>quolibet</span> <span class='ocrx_word' id='word_1_453' title='bbox 2119 2213 2218 2247; x_wconf 73' lang='lat' dir='ltr'>hostili</span> <span class='ocrx_word' id='word_1_454' title='bbox 2232 2221 2298 2250; x_wconf 85' lang='lat' dir='ltr'>pro-</span> 
     </span>
     <span class='ocr_line' id='line_1_74' title="bbox 1289 2263 1814 2298; baseline 0 -8"><span class='ocrx_word' id='word_1_455' title='bbox 1289 2272 1375 2291; x_wconf 88' lang='lat' dir='ltr'>cessu</span> <span class='ocrx_word' id='word_1_456' title='bbox 1392 2272 1424 2290; x_wconf 87' lang='lat' dir='ltr'>se</span> <span class='ocrx_word' id='word_1_457' title='bbox 1439 2264 1612 2291; x_wconf 78' lang='lat' dir='ltr'>abstineant.</span> <span class='ocrx_word' id='word_1_458' title='bbox 1630 2263 1702 2298; x_wconf 82' lang='lat' dir='ltr'>(Fol.</span> <span class='ocrx_word' id='word_1_459' title='bbox 1717 2264 1751 2290; x_wconf 87' lang='grc'>27</span> <span class='ocrx_word' id='word_1_460' title='bbox 1766 2266 1814 2295; x_wconf 81' lang='lat'>1¹⁰.)</span> 
     </span>
    </p>
   </div>
   <div class='ocr_carea' id='block_1_27' title="bbox 1288 2365 2299 2619">
    <p class='ocr_par' dir='ltr' id='par_1_29' title="bbox 1288 2365 2299 2565">
     <span class='ocr_line' id='line_1_75' title="bbox 1331 2365 2299 2406; baseline 0 -10"><span class='ocrx_word' id='word_1_461' title='bbox 1331 2366 1462 2406; x_wconf 85' lang='lat' dir='ltr'>[Dilectis</span> <span class='ocrx_word' id='word_1_462' title='bbox 1476 2367 1603 2404; x_wconf 78' lang='lat' dir='ltr'>filiis...]</span> <span class='ocrx_word' id='word_1_463' title='bbox 1620 2367 1750 2403; x_wconf 83' lang='lat' dir='ltr'>ensibus,</span> <span class='ocrx_word' id='word_1_464' title='bbox 1764 2366 1907 2404; x_wconf 85' lang='lat' dir='ltr'>Lucanis,</span> <span class='ocrx_word' id='word_1_465' title='bbox 1925 2365 2048 2395; x_wconf 82' lang='lat' dir='ltr'>Pisanis</span> <span class='ocrx_word' id='word_1_466' title='bbox 2063 2370 2090 2396; x_wconf 85' lang='lat' dir='ltr'>et</span> <span class='ocrx_word' id='word_1_467' title='bbox 2107 2365 2244 2396; x_wconf 83' lang='lat' dir='ltr'>Aretinis</span> <span class='ocrx_word' id='word_1_468' title='bbox 2257 2365 2299 2396; x_wconf 80' lang='lat' dir='ltr'>ci-</span> 
     </span>
     <span class='ocr_line' id='line_1_76' title="bbox 1288 2417 2298 2458; baseline -0.001 -9"><span class='ocrx_word' id='word_1_469' title='bbox 1288 2421 1376 2450; x_wconf 80' lang='lat' dir='ltr'>vibus</span> <span class='ocrx_word' id='word_1_470' title='bbox 1393 2429 1510 2450; x_wconf 84' lang='lat' dir='ltr'>necnon</span> <span class='ocrx_word' id='word_1_471' title='bbox 1525 2424 1551 2449; x_wconf 89' lang='lat' dir='ltr'>et</span> <span class='ocrx_word' id='word_1_472' title='bbox 1569 2421 1807 2458; x_wconf 77' lang='lat' dir='ltr'>quibuscumque</span> <span class='ocrx_word' id='word_1_473' title='bbox 1826 2418 1986 2448; x_wconf 83' lang='lat' dir='ltr'>Gebellinis</span> <span class='ocrx_word' id='word_1_474' title='bbox 2003 2418 2038 2448; x_wconf 84' lang='lat' dir='ltr'>de</span> <span class='ocrx_word' id='word_1_475' title='bbox 2057 2417 2177 2458; x_wconf 83' lang='lat' dir='ltr'>Tu[scia</span> <span class='ocrx_word' id='word_1_476' title='bbox 2193 2427 2229 2448; x_wconf 85' lang='lat' dir='ltr'>ac</span> <span class='ocrx_word' id='word_1_477' title='bbox 2244 2425 2298 2448; x_wconf 71' lang='lat' dir='ltr'>em-</span> 
     </span>
     <span class='ocr_line' id='line_1_77' title="bbox 1290 2472 2297 2510; baseline -0.001 -8"><span class='ocrx_word' id='word_1_478' title='bbox 1290 2474 1429 2502; x_wconf 84' lang='lat' dir='ltr'>trinsecis</span> <span class='ocrx_word' id='word_1_479' title='bbox 1451 2473 1488 2510; x_wconf 89' lang='lat' dir='ltr'>et]</span> <span class='ocrx_word' id='word_1_480' title='bbox 1509 2473 1685 2502; x_wconf 80' lang='lat' dir='ltr'>intrinsecis</span> <span class='ocrx_word' id='word_1_481' title='bbox 1702 2480 1966 2510; x_wconf 79' lang='lat' dir='ltr'>quarumcumque</span> <span class='ocrx_word' id='word_1_482' title='bbox 1985 2472 2145 2501; x_wconf 85' lang='lat' dir='ltr'>civitatum</span> <span class='ocrx_word' id='word_1_483' title='bbox 2158 2495 2165 2508; x_wconf 92' lang='lat'>‚</span> <span class='ocrx_word' id='word_1_484' title='bbox 2183 2475 2297 2501; x_wconf 81' lang='lat' dir='ltr'>castro-</span> 
     </span>
     <span class='ocr_line' id='line_1_78' title="bbox 1288 2525 2296 2565; baseline -0.001 -9"><span class='ocrx_word' id='word_1_485' title='bbox 1288 2535 1360 2556; x_wconf 84' lang='lat' dir='ltr'>rum</span> <span class='ocrx_word' id='word_1_486' title='bbox 1380 2528 1574 2565; x_wconf 82' lang='lat' dir='ltr'>aliorumque</span> <span class='ocrx_word' id='word_1_487' title='bbox 1595 2527 1730 2556; x_wconf 79' lang='lat' dir='ltr'>locorum</span> <span class='ocrx_word' id='word_1_488' title='bbox 1754 2527 1856 2556; x_wconf 79' lang='lat' dir='ltr'>Tuscie</span> <span class='ocrx_word' id='word_1_489' title='bbox 1872 2534 1907 2555; x_wconf 88' lang='lat' dir='ltr'>ac</span> <span class='ocrx_word' id='word_1_490' title='bbox 1922 2526 2098 2563; x_wconf 83' lang='lat' dir='ltr'>sequacibus</span> <span class='ocrx_word' id='word_1_491' title='bbox 2112 2525 2296 2556; x_wconf 82' lang='lat' dir='ltr'>eorumdem.</span> 
     </span>
    </p>

    <p class='ocr_par' dir='ltr' id='par_1_30' title="bbox 1331 2578 2173 2619">
     <span class='ocr_line' id='line_1_79' title="bbox 1331 2578 2173 2619; baseline -0.004 -9"><span class='ocrx_word' id='word_1_492' title='bbox 1331 2591 1345 2606; x_wconf 78' lang='grc' dir='ltr'>α</span> <span class='ocrx_word' id='word_1_493' title='bbox 1364 2579 1587 2619; x_wconf 88' lang='lat' dir='ltr'>[Attendentes</span> <span class='ocrx_word' id='word_1_494' title='bbox 1603 2579 1687 2618; x_wconf 87' lang='lat' dir='ltr'>quod</span> <span class='ocrx_word' id='word_1_495' title='bbox 1704 2578 1820 2618; x_wconf 90' lang='lat' dir='ltr'>tam]...</span> <span class='ocrx_word' id='word_1_496' title='bbox 1840 2595 1879 2601; x_wconf 88' lang='lat'>—</span> <span class='ocrx_word' id='word_1_497' title='bbox 1893 2578 1967 2608; x_wconf 88' lang='lat' dir='ltr'>Dat.</span> <span class='ocrx_word' id='word_1_498' title='bbox 1985 2581 2019 2608; x_wconf 89' lang='lat' dir='ltr'>ut</span> <span class='ocrx_word' id='word_1_499' title='bbox 2035 2586 2142 2618; x_wconf 89' lang='lat' dir='ltr'>supra.</span> <span class='ocrx_word' id='word_1_500' title='bbox 2159 2590 2173 2605; x_wconf 76' lang='grc' dir='ltr'><strong><em>ι</em></strong></span> 
     </span>
    </p>
   </div>
   <div class='ocr_carea' id='block_1_28' title="bbox 1323 2758 2014 2856">
    <p class='ocr_par' dir='ltr' id='par_1_31' title="bbox 1323 2758 2014 2856">
     <span class='ocr_line' id='line_1_80' title="bbox 1361 2758 1478 2787; baseline -0.009 0"><span class='ocrx_word' id='word_1_501' title='bbox 1361 2758 1478 2787; x_wconf 60' lang='lat'><em>*2144</em></span> 
     </span>
     <span class='ocr_line' id='line_1_81' title="bbox 1323 2820 2014 2856; baseline -0.001 -7"><span class='ocrx_word' id='word_1_502' title='bbox 1323 2821 1429 2849; x_wconf 86' lang='lat' dir='ltr'>Contra</span> <span class='ocrx_word' id='word_1_503' title='bbox 1443 2822 1594 2849; x_wconf 86' lang='lat' dir='ltr'>invasores</span> <span class='ocrx_word' id='word_1_504' title='bbox 1608 2821 1695 2849; x_wconf 87' lang='lat' dir='ltr'>castri</span> <span class='ocrx_word' id='word_1_505' title='bbox 1709 2820 1811 2849; x_wconf 90' lang='lat' dir='ltr'>Albae.</span> <span class='ocrx_word' id='word_1_506' title='bbox 1827 2820 1900 2856; x_wconf 83' lang='lat' dir='ltr'>(Fol.</span> <span class='ocrx_word' id='word_1_507' title='bbox 1916 2820 1949 2848; x_wconf 84' lang='grc'>27</span> <span class='ocrx_word' id='word_1_508' title='bbox 1966 2821 2014 2853; x_wconf 67' lang='grc' dir='ltr'><strong>ιὀ.)</strong></span> 
     </span>
    </p>
   </div>
   <div class='ocr_carea' id='block_1_29' title="bbox 2040 2754 2226 2789">
    <p class='ocr_par' dir='ltr' id='par_1_32' title="bbox 2040 2754 2226 2789">
     <span class='ocr_line' id='line_1_82' title="bbox 2040 2754 2226 2789; baseline 0 -6"><span class='ocrx_word' id='word_1_509' title='bbox 2040 2755 2129 2789; x_wconf 87' lang='lat' dir='ltr'>Rieti,</span> <span class='ocrx_word' id='word_1_510' title='bbox 2147 2754 2226 2784; x_wconf 77' lang='lat'>1288.</span> 
     </span>
    </p>
   </div>
   <div class='ocr_carea' id='block_1_30' title="bbox 1288 2920 2296 3019">
    <p class='ocr_par' dir='ltr' id='par_1_33' title="bbox 1288 2920 2296 3019">
     <span class='ocr_line' id='line_1_83' title="bbox 1328 2920 2296 2963; baseline -0.004 -8"><span class='ocrx_word' id='word_1_511' title='bbox 1328 2923 1435 2955; x_wconf 83' lang='lat' dir='ltr'>Dilecto</span> <span class='ocrx_word' id='word_1_512' title='bbox 1445 2925 1510 2963; x_wconf 85' lang='lat' dir='ltr'>filio</span> <span class='ocrx_word' id='word_1_513' title='bbox 1522 2925 1618 2954; x_wconf 85' lang='lat' dir='ltr'>nobili</span> <span class='ocrx_word' id='word_1_514' title='bbox 1630 2925 1696 2954; x_wconf 85' lang='lat' dir='ltr'>viro</span> <span class='ocrx_word' id='word_1_515' title='bbox 1711 2946 1732 2955; x_wconf 89' lang='lat'>..</span> <span class='ocrx_word' id='word_1_516' title='bbox 1742 2924 1916 2962; x_wconf 79' lang='lat' dir='ltr'>justitiario</span> <span class='ocrx_word' id='word_1_517' title='bbox 1930 2923 2093 2962; x_wconf 79' lang='lat' dir='ltr'>Aprutino.</span> <span class='ocrx_word' id='word_1_518' title='bbox 2109 2920 2296 2959; x_wconf 75' lang='lat' dir='ltr'>«Mirantes</span> 
     </span>
     <span class='ocr_line' id='line_1_84' title="bbox 1288 2973 2295 3019; baseline -0.006 -9"><span class='ocrx_word' id='word_1_519' title='bbox 1288 2987 1391 3019; x_wconf 88' lang='lat' dir='ltr'>nuper</span> <span class='ocrx_word' id='word_1_520' title='bbox 1405 2979 1586 3010; x_wconf 88' lang='lat' dir='ltr'>audivimus</span> <span class='ocrx_word' id='word_1_521' title='bbox 1600 2983 1630 3010; x_wconf 91' lang='lat' dir='ltr'>et</span> <span class='ocrx_word' id='word_1_522' title='bbox 1644 2978 1812 3010; x_wconf 79' lang='lat' dir='ltr'>referimus</span> <span class='ocrx_word' id='word_1_523' title='bbox 1829 2976 2004 3017; x_wconf 88' lang='lat' dir='ltr'>perturbati</span> <span class='ocrx_word' id='word_1_524' title='bbox 2018 2975 2105 3016; x_wconf 86' lang='lat' dir='ltr'>quod</span> <span class='ocrx_word' id='word_1_525' title='bbox 2119 2997 2141 3007; x_wconf 90' lang='lat'>..</span> <span class='ocrx_word' id='word_1_526' title='bbox 2157 2973 2295 3006; x_wconf 76' lang='lat' dir='ltr'>vicarius</span> 
     </span>
    </p>
   </div>
   <div class='ocr_carea' id='block_1_31' title="bbox 2307 658 2393 3496">
    <p class='ocr_par' dir='ltr' id='par_1_34' title="bbox 2307 658 2393 3496">
     <span class='ocr_line' id='line_1_85' title="bbox 2307 658 2393 3496; baseline 0 0"><span class='ocrx_word' id='word_1_527' title='bbox 2307 658 2393 3496; x_wconf 95' lang='lat' dir='ltr'> </span> 
     </span>
    </p>
   </div>
  </div>
 </body>
</html>
