2393 3496
618 321 871 365 QUATRIEME
893 317 1050 355 ANNEE.
1073 338 1113 345 —
1136 321 1321 351 LETTRES
1345 319 1571 351 CURIALES.
2090 318 2157 347 915*

56 404 154 439 modis
174 406 204 432 et
221 397 459 431 conditionibus
474 396 626 435 appositis
641 395 674 424 in
692 393 812 433 prefato
829 391 967 421 termino
988 394 1062 419 tota-

56 459 126 490 liter
139 452 316 492 adimpleri.
341 450 538 480 Petitionem
555 457 629 478 vero
649 452 736 477 tuam
753 446 792 475 de
807 445 930 474 decima
945 443 1062 473 Cister-

58 509 170 542 ciensis
185 505 308 537 ordinis
328 503 472 542 preteriti
496 491 646 540 temporis
669 509 722 530 sex
746 507 905 529 annorum
927 496 1064 535 qualiter

59 571 129 595 num
152 561 264 591 effectu
288 557 448 596 possimus
469 556 636 585 admittere
657 563 720 583 non
743 553 908 587 videmus,
934 559 1007 580 cum
1026 550 1064 579 de

58 617 125 656 ipsa
135 613 270 648 decima,
281 611 386 649 quein
396 614 525 639 centum
534 608 665 638 milibus
673 607 829 636 librarum
841 604 1064 634 turonensium

60 669 119 700 fuit
133 665 269 705 gratiose
289 668 403 699 taxata,
421 662 468 692 nil
483 662 588 692 adhuc
600 662 639 690 ab
655 660 788 690 ecclesia
803 659 843 688 sit
859 658 1002 687 habitum
1016 655 1065 684 vel

63 725 236 759 receptum,
253 722 283 748 et
298 717 416 755 ipsum,
434 715 508 745 licet
525 724 587 744 non
602 714 745 744 habitum
763 713 817 742 sed
831 716 1003 750 speratum,
1021 714 1066 739 est

64 772 228 816 progaleis
245 771 312 810 jam
328 770 435 799 missis
459 774 489 799 et
512 767 768 797 transmittendis
792 774 845 804 pro
868 765 966 803 ipsius
986 767 1066 793 terre

60 825 202 859 :subsidio
226 823 414 853 necessitate
434 821 662 860 urgentissima
683 820 877 858 deputatum.
902 818 944 847 Ut
961 821 1067 846 autem

57 878 304 915 crucesignatos,
317 875 373 914 qui
385 874 593 914 personaliter
605 874 639 903 in
652 873 748 902 'serre
761 872 875 901 Sancte
888 869 1065 899 subsidium

59 931 265 964 :transfretare
285 933 446 962 tenentur,
471 927 511 956 ad
532 927 564 956 id
587 926 771 956 auctoritate
794 923 966 962 apostolica
981 930 1066 951 com-

62 984 230 1026 pellamu5‚
249 991 317 1018 nos,
335 982 419 1011 sicut
435 981 557 1011 dudum
576 980 632 1009 tibi
647 978 832 1011 obtulimus,
849 977 893 1006 516
910 985 966 1005 nos
980 983 1068 1014 para-

61 1043 110 1070 105
123 1037 286 1068 offerimus
304 1034 495 1073 compellere
516 1042 595 1072 quos
618 1032 767 1070 temporis
788 1029 925 1068 qualitas
942 1032 971 1058 et
989 1028 1070 1066 ipso-

52 1097 134 1124 ‘mm
148 1089 287 1120 conditio
302 1088 483 1118 suadebunt
499 1095 534 1116 ac
555 1086 623 1125 ipsa
642 1084 773 1115 ecclesia
790 1082 938 1121 expedire
955 1081 1071 1110 viderit

55 1142 308 1183 1mmpellend05.
329 1141 392 1170 Sed
411 1144 485 1170 ante
504 1140 596 1169 istius
611 1137 841 1177 compulsionis
860 1136 999 1165 edictum
1018 1135 1071 1164 de-

64 1206 136 1231 ,cere
149 1200 296 1236 putamus
313 1199 342 1224 et
357 1203 552 1232 congruum,
575 1201 615 1222 ne
636 1196 721 1222 tante
738 1190 938 1220 multitudini
956 1189 1071 1218 illuda-

68 1255 128 1288 tur,
149 1258 189 1280 06
212 1258 249 1278 ex
270 1248 329 1278 hoc
349 1247 471 1286 aliquid
494 1246 627 1277 ecclesie
649 1246 857 1284 impingatur,
882 1243 966 1282 quod
986 1246 1071 1272 tanta

67 1304 218 1336 habeatur
243 1301 398 1332 certitudo
430 1300 566 1339 passagii
596 1299 680 1338 quod
707 1297 921 1335 crucesignati
950 1296 1073 1334 possint

69 1365 122 1397 spe
137 1359 220 1386 certa
234 1355 351 1385 sentire
369 1359 494 1392 tempus
509 1358 539 1383 et
555 1353 659 1383 locum
677 1353 709 1381 in
728 1360 792 1390 quo
811 1356 841 1380 et
855 1350 894 1379 ad
911 1359 1007 1388 quem
1020 1350 1072 1378 de-

68 1411 162 1443 beant
176 1409 394 1443 transfretare;
413 1416 489 1436 nam
511 1407 589 1436 alias
615 1410 645 1436 et
666 1406 727 1444 ipsi
746 1405 889 1443 passagio
913 1408 944 1433 et
962 1412 1071 1433 611166-

19 1471 22 1474 ⁴
51 1476 54 1482 ¹
70 1463 200 1504 signatis
214 1462 365 1493 omnibus
381 1461 544 1491 videretur
559 1460 664 1490 illudi.
680 1451 772 1495 Quod
792 1467 864 1488 vero
880 1462 915 1487 ut
931 1457 1072 1495 legatum

71 1517 108 1548 de
126 1516 275 1557 [ratribus
291 1515 410 1544 nostris
426 1523 481 1553 pro
497 1513 601 1552 ipsius
619 1517 698 1542 terre
719 1512 844 1549 negotio
859 1511 1051 1549 deputemus
1063 1533 1071 1546 ‚

67 1571 114 1602 sic
127 1569 242 1600 sentire
263 1572 291 1598 te
306 1567 458 1598 volumus
479 1566 583 1605 quod,
604 1575 677 1595 6001
693 1565 876 1604 passagium
894 1569 984 1593 tuum
999 1573 1072 1593 sen-

71 1623 206 1655 serimus
230 1626 432 1661 preparatum
464 1626 494 1650 et
514 1620 655 1661 legatum
681 1620 788 1657 ipsum
814 1627 956 1656 congruo
982 1617 1074 1647 modo

71 1676 201 1716 petitum
214 1697 222 1710 ,
239 1674 383 1713 aliquem
399 1674 437 1703 de
459 1673 613 1703 fratribus
635 1673 750 1702 nostris
772 1671 820 1701 vel
839 1672 939 1701 alium
960 1671 999 1700 ad
1017 1671 1075 1701 hoc

72 1728 303 1769 deputabimuS,
320 1730 412 1765 prout
426 1727 483 1756 Dei
498 1731 528 1755 et
543 1726 645 1764 ipsius
661 1725 792 1755 ecclesie
808 1725 923 1754 honori
939 1728 969 1753 et
979 1725 1076 1754 Terre

73 1783 183 1814 Sancte
196 1781 321 1820 negotio
334 1780 564 1810 deliberatione
581 1779 711 1818 provida
724 1779 905 1808 videbimus
917 1778 1074 1816 expedire.

74 1836 116 1867 Te
133 1840 258 1872 autem,
282 1838 317 1864 ut
337 1833 494 1873 postulas,
514 1838 544 1862 et
558 1841 670 1862 omnes
694 1820 829 1861 barones
853 1835 881 1860 et
898 1831 1022 1861 nobiles
1041 1839 1076 1860 ac

74 1888 191 1919 milites
212 1892 243 1917 et
263 1887 343 1917 alios
362 1881 419 1925 qui
445 1891 549 1916 tecum
572 1886 607 1915 111
632 1886 729 1914 Τ6116
754 1885 868 1914 Sancte
893 1884 1074 1913 subsidium

74 1941 320 1974 transfretabunt
334 1941 368 1970 in
381 1940 550 1978 apostolice
561 1939 644 1968 sedis
657 1939 884 1977 protectionem
900 1942 930 1966 et
942 1937 1076 1974 gratiam

48 2003 50 2006 ·
75 2004 134 2036 que
147 1994 377 2032 crucesignatis
393 2003 428 2023 ex
446 2001 541 2022 causa
557 1991 745 2030 hujusmodi
762 1991 829 2020 fieri
847 1990 926 2020 solet
948 1994 977 2019 et
999 1999 1076 2020 con-

71 2049 159 2090 gruit
172 2047 387 2078 favorabiliter
402 2046 622 2076 admittemus.
641 2046 690 2074 Ad
707 2045 766 2074 hec
777 2045 857 2074 scire
872 2049 900 2073 te
914 2043 1076 2079 volumus,

58 2099 120 2132 'fili
133 2100 311 2136 carissime,
329 2102 360 2129 et
380 2099 542 2128 attendere
561 2098 742 2136 diligenter,
769 2106 843 2126 nam
869 2101 900 2126 et
923 2105 979 2126 nos
999 2096 1077 2125 dili-

74 2157 182 2192 genter
194 2152 401 2189 attendimus,
415 2152 499 2191 quod
514 2160 579 2181 non
594 2151 747 2187 vidimus,
761 2159 823 2180 non
839 2150 998 2186 videmus,
1014 2158 1075 2178 non

73 2206 288 2237 intelleximus
301 2215 358 2236 nec
368 2205 521 2235 audimus
535 2205 689 2243 cuiquam
704 2213 816 2241 regum
832 2203 880 2232 vel
895 2203 1077 2241 principum

76 2259 214 2290 nominis
237 2259 405 2289 christiani
422 2259 517 2288 etiam
535 2267 590 2297 pro
608 2257 662 2287 tali
682 2257 809 2295 negotio
828 2257 872 2286 sic
892 2256 1076 2291 liberaliter,

75 2313 121 2343 sic
132 2313 241 2350 effuse,
259 2312 305 2342 sic
320 2312 487 2341 affluenter
502 2316 532 2342 et
548 2311 701 2340 habunde
718 2311 913 2340 subventum
928 2309 1027 2338 fuisse
1040 2310 1079 2338 ab

77 2365 204 2396 ecclesia
229 2365 279 2396 vel
302 2365 484 2404 provisum,
510 2365 594 2403 quod
618 2365 677 2394 etsi
700 2364 764 2394 tuis
784 2363 934 2402 preclaris
957 2362 1079 2391 meritis

77 2418 170 2458 digne
181 2419 291 2450 cedere
304 2419 459 2453 videatur,
474 2427 537 2448 non
555 2423 661 2447 tamen
678 2417 749 2447 sine
765 2415 1080 2446 murmurationibus

77 2476 108 2503 et
125 2472 378 2503 oblocutionibus
399 2471 615 2510 plurimorum
640 2470 759 2500 factum
779 2469 936 2507 arguitur,
964 2468 1019 2507 qui
1043 2468 1080 2497 de

78 2527 140 2556 tam
155 2526 254 2556 effusa
268 2525 414 2564 largitate
428 2525 598 2554 mirantur.
617 2524 687 2554 Dat.
706 2524 816 2559 Rome,
835 2522 918 2561 apud
932 2522 1081 2552 Sanctam

81 2578 212 2609 Mariam
228 2579 400 2618 Majorem,
419 2587 440 2607 11
456 2577 530 2608 idus
544 2577 717 2613 februarii,
734 2585 821 2606 anuo
837 2579 958 2614 quarto.
978 2587 991 2602 n

149 2744 264 2773 ‘3858

114 2804 188 2841 Regi
202 2806 324 2840 Angliae
339 2805 440 2832 scribit
462 2805 497 2831 de
517 2805 651 2840 passagio
676 2805 741 2838 ejus
765 2805 792 2830 in
815 2803 930 2830 Terram
950 2802 1084 2828 Sanctam

81 2854 272 2882 accelerando.
291 2854 372 2888 (Rae.
390 2854 433 2888 46,
448 2863 474 2881 c.
491 2854 536 2887 89,
552 2854 571 2880 f.
591 2854 638 2880 184
655 2861 700 2886 v⁰;
719 2853 834 2885 Pori-n„
853 2853 961 2885 23922.)

389 2742 750 2777 Sainte-Marie-Majeure,
769 2742 799 2768 1²2
813 2742 917 2768 fevrier
936 2740 1011 2767 1292.

121 2942 234 2972 Eidem.

124 3007 136 3022 ι
153 2995 252 3026 Novit
265 2995 395 3025 animus
410 2995 689 3034 magnificentie...
707 3011 743 3016 —
760 2995 831 3024 Dat.
849 2998 884 3024 ut
902 3002 1007 3032 snpra.
1029 3004 1043 3019 »

1216 387 1332 416 6859

1182 448 1318 481 Queritur
1326 449 1472 475 libertates
1481 448 1693 474 ecclesiasticas
1702 447 1731 473 in
1741 446 1846 480 Anglia
1857 445 2003 480 regalibus
2016 446 2155 472 ministr-Is

1146 505 1232 532 saepe
1248 498 1358 524 violari.
1373 497 1455 530 (Rea.
1474 497 1517 530 46,
1534 504 1558 522 c.
1575 496 1618 527 90,
1636 496 1655 522 f.
1677 495 1724 522 185
1741 496 1788 527 10.)

1457 385 1829 419 Sainte-ltlarie-Majeure,·
1840 383 1870 409 18
1885 383 1989 409 fevi-ier
2007 383 2082 410 1292.

1189 594 1302 622 Eidem.
1323 605 1335 619 «
1354 592 1404 621 Ad
1423 598 1562 621 nostram
1583 591 1705 619 dudum
1726 589 1878 620 relatione
1894 588 2069 627 multiplici
2089 598 2156 627 per-

1147 645 1240 674 ducto
1257 646 1402 674 notitiam
1421 645 1505 682 quod
1524 645 1719 682 frequenter,
1735 652 1807 672 cum
1826 643 1859 671 in
1877 650 1975 679 regno
1993 646 2045 671 tuo
2064 650 2159 679 super

1149 698 1282 735 negotiis
1296 697 1335 726 ad
1349 697 1602 726 ecclesiasticum
1618 696 1722 725 forum
1740 695 1955 734 spectantibus
1972 693 2157 732 apostolicas

1149 751 1305 787 contingit
1316 750 1438 778 litteras
1453 758 1613 784 emanare,
1628 749 1873 778 sicutenianant
1886 747 1982 776 etiam
1998 747 2158 776 cotidiano

1150 813 1208 832 0511
1225 803 1259 832 in
1278 802 1349 832 aliis
1368 802 1615 832 christianorum
1630 802 1748 838 regnis,
1769 806 1798 829 et
1814 805 1876 830 tam
1896 801 1930 829 in
1948 805 2000 830 tuo
2015 809 2110 838 quam
2124 800 2158 828 in

1149 857 1242 885 dictis
1256 856 1364 893 regnis
1380 860 1617 885 consueverunt
1633 855 1787 883 hactenus
1804 862 1964 887 emanare,
1984 853 2057 882 illas
2071 853 2158 892 judi-

1150 910 1239 940 cibus
1255 911 1387 948 impune
1405 908 1581 946 presentari
1596 916 1658 937 11011
1676 907 1761 944 licet,
1780 911 1820 943 et,
1841 907 1868 935 si
1884 907 2016 936 forsitan
2033 915 2158 944 presen-

1152 968 1268 998 tentur,
1287 963 1387 992 currit
1403 961 1509 990 statim
1528 961 1623 990 breve
1638 961 1775 997 regium,
1793 964 1827 988 ut
1845 959 1946 998 patrie
1964 959 2070 988 verbis
2085 964 2158 988 uta-

1152 1026 1235 1052 mur,
1252 1020 1282 1045 et
1296 1024 1389 1045 usum
1407 1015 1536 1044 illarum
1554 1014 1614 1043 sub
1630 1023 1710 1052 pene
1728 1012 1995 1047 comminatione,
2012 1012 2112 1040 inimo
2133 1015 2161 1040 et

1152 1069 1348 1105 executione,
1372 1069 1398 1098 si
1424 1068 1477 1097 fiat
1500 1067 1716 1101 contrarium,
1742 1065 1919 1095 interdicit.
1938 1065 2018 1103 Sepe
2037 1073 2162 1103 quoque

1152 1123 1323 1161 capiuntur
1345 1121 1411 1151 illis
1433 1125 1569 1156 utentes,
1596 1119 1692 1149 etiam
1714 1119 1740 1147 si
1765 1118 1978 1148 ecclesiastice
2001 1118 2066 1146 sint
2091 1126 2162 1156 per-

1153 1185 1241 1206 sone.
1263 1176 1323 1205 Pro
1346 1175 1470 1204 levibus
1489 1174 1622 1212 insuper
1641 1172 1774 1202 offensis
1789 1180 1940 1210 personas
1956 1170 2161 1210 hujusmodi,

1154 1230 1273 1268 absque
1285 1228 1452 1266 dignitatis
1466 1232 1604 1256 statusve
1623 1226 1759 1262 delectu,
1774 1234 1830 1264 pro
1845 1225 1938 1263 regali
1960 1229 1990 1254 et
2008 1224 2163 1262 regalium

1155 1284 1377 1313 ministrorum
1403 1281 1493 1311 libito
1520 1281 1627 1318 regius
1647 1288 1755 1309 carcer
1775 1278 1921 1308 includit.
1946 1278 2013 1308 Nec
2032 1286 2166 1315 persone

1156 1336 1368 1367 ecclesiastice
1385 1334 1615 1374 permittuntur
1633 1330 1874 1370 extra⁸regnum
1899 1332 2004 1369 ipsum
2025 1330 2164 1360 auctori-

1158 1394 1217 1419 tate
1239 1388 1412 1427 apostolica
1437 1387 1580 1421 evoca1·i;
1611 1386 1720 1424 tuique
1744 1385 1886 1414 ministri
1911 1393 1975 1414 non
2000 1386 2166 1422 patiuntur

1155 1443 1349 1482 quandoque
1370 1447 1403 1471 ut
1423 1449 1557 1479 persone
1577 1439 1788 1469 ecclesiastice
1810 1439 1844 1467 in
1861 1438 1943 1467 dicto
1961 1446 2060 1475 regno
2078 1437 2164 1466 ordi-

1157 1496 1282 1525 nariam
1295 1494 1552 1534 jurisdictionem
1566 1492 1720 1521 habentes
1737 1491 1983 1521 ecclesiasticam
1996 1498 2165 1520 censuram

1158 1554 1336 1584 exerceant,
1354 1551 1446 1586 prout
1461 1552 1505 1576 est
1519 1547 1564 1575 eis
1578 1555 1595 1575 a
1606 1546 1679 1584 jure
1692 1553 1897 1580 concessum;
1917 1548 1945 1573 et
1959 1543 2165 1573 ecclesiarum

1159 1593 1272 1642 prelati
1287 1607 1317 1631 et
1332 1601 1441 1631 clerici
1457 1600 1533 1629 dicti
1553 1599 1643 1636 regui
1657 1602 1815 1635 coguntur
1831 1606 1926 1635 super
1943 1597 2035 1626 terris
2051 1600 2081 1626 et
2097 1604 2167 1634 pos-

1159 1656 1355 1686 sessionibus
1376 1663 1439 1684 non
1459 1652 1656 1688 feudalibus,
1679 1650 1802 1680 collatis
1820 1650 1964 1680 ecclesiis
1979 1650 2018 1679 ab
2034 1650 2167 1687 antiquo

1159 1715 1187 1739 et
1199 1718 1278 1748 quas
1293 1712 1400 1738 tenent
1418 1711 1447 1736 et
1462 1706 1636 1745 possident,
1651 1713 1757 1734 coram
1774 1703 1908 1733 seculari
1919 1703 2027 1742 judice
2039 1710 2170 1740 respon-

1160 1763 1245 1798 dere,
1273 1762 1299 1790 si
1325 1761 1371 1790 eis
1397 1761 1436 1789 ab
1461 1759 1570 1797 aliquo
1589 1757 1712 1796 questio
1731 1760 1907 1786 moveatur.
1927 1755 1965 1785 Et
1983 1764 2047 1785 non
2065 1754 2168 1784 50111111

1160 1816 1329 1845 inferiores
1361 1813 1485 1848 clerici,
1520 1820 1630 1840 verum
1661 1810 1756 1840 etiam
1787 1808 1916 1848 prelati,
1949 1808 2171 1846 cujuscunque

1161 1867 1373 1908 preminentie
1399 1867 1465 1895 sive
1489 1869 1600 1900 status,
1627 1864 1665 1893 de
1690 1862 1869 1892 venationis
1890 1862 2035 1900 captione
2061 1860 2168 1895 delati,

1162 1933 1215 1962 per
1233 1921 1413 1952 forestarios
1436 1919 1540 1957 regios
1559 1918 1700 1948 custodie
1717 1916 1943 1954 mancipantur
1959 1915 2059 1944 donec
2075 1923 2170 1952 super

1162 1977 1323 2015 hocjuxta
1340 1974 1537 2004 voluntatem
1561 1972 1681 2009 regiam
1703 1969 1856 2005 satisfiat,
1881 1973 1910 1998 et
1928 1968 2006 1997 alias
2028 1968 2062 1996 in
2086 1975 2168 1996 non-

1162 2030 1260 2061 nullis
1278 2029 1404 2059 casibus
1421 2026 1529 2056 clerici
1548 2035 1602 2064 per
1626 2025 1722 2054 laicos
1749 2024 1920 2061 capiuntur
1941 2026 1970 2051 et
1988 2031 2043 2060 per
2061 2021 2171 2059 inqui-

1161 2085 1295 2114 sitiones
1310 2082 1465 2111 laicorum
1481 2079 1667 2118 judicantur
1685 2078 1718 2106 in
1737 2077 1826 2106 curia
1845 2075 1998 2107 seculari:
2020 2075 2172 2112 regiaque

1162 2137 1250 2167 curia
1268 2145 1300 2165 se
1316 2135 1355 2164 de
1371 2133 1535 2163 nonnullis
1555 2131 1660 2161 causis
1678 2130 1717 2159 ad
1734 2129 1982 2159 ecclesiasticum
1999 2128 2105 2168 forum
2121 2128 2174 2155 in-

1162 2191 1344 2221 dubitanter
1367 2185 1621 2226 pertinentibus,
1638 2192 1774 2222 quarum
1794 2182 1933 2220 cognitio
1955 2189 2018 2210 non
2036 2180 2120 2210 cadit
2137 2180 2171 2208 in

1161 2244 1291 2278 laicum,
1308 2241 1421 2280 spretis
1445 2239 1543 2268 sacris
1564 2237 1740 2267 canonibus
1756 2235 1952 2265 intromittit.
1969 2234 2122 2272 Aliasque
2139 2233 2172 2262 in

1162 2305 1261 2335 regno
1279 2295 1398 2334 prefato
1410 2292 1598 2322 multimode
1609 2291 1738 2320 libertas
1754 2288 1967 2319 ecclesiastica
1984 2296 2049 2317 non
2066 2296 2174 2317 serva-

1163 2355 1224 2386 tur,
1244 2358 1302 2378 nec
1318 2348 1420 2386 ipsam
1440 2346 1559 2376 servari
1580 2344 1719 2373 ministri
1738 2342 1819 2380 regii
1840 2342 2017 2380 patiuntur.
2038 2340 2173 2378 Regiam

1162 2404 1313 2433 duximus
1329 2409 1384 2439 per
1401 2399 1543 2428 diversas
1560 2396 1746 2435 apostolicas
1760 2395 1819 2424 sub
1833 2399 1917 2424 certa
1934 2394 2036 2423 forma
2051 2393 2175 2421 litteras

1163 2454 1388 2487 celsitudinem
1416 2450 1645 2482 obsecrandam
1678 2453 1722 2483 nt,
1752 2449 1778 2477 si
1804 2450 2018 2478 consonarent
2043 2446 2079 2475 in
2110 2445 2175 2474 hiis

1164 2511 1243 2540 facta
1260 2507 1425 2542 relatibus,
1442 2505 1511 2544 ipsa
1530 2505 1576 2534 sic
1591 2503 1739 2534 celeriter
1759 2501 1959 2537 emendares,
1978 2500 2023 2529 sic
2040 2499 2176 2529 omnino

1164 2563 1350 2600 corrigeres,
1366 2559 1467 2589 edicto
1484 2557 1628 2596 generali
1644 2565 1680 2586 ea
1698 2555 1849 2586 omnibus
1866 2554 2052 2592 prohibens,
2068 2552 2172 2582 omni—

1165 2617 1223 2646 bus
1241 2614 1452 2649 interdicens,
1468 2611 1553 2650 quod
1571 2609 1626 2639 illa
1645 2609 1683 2638 de
1700 2608 1776 2638 dicti
1794 2607 1886 2645 regni
1910 2606 2031 2635 finibus
2048 2606 2175 2644 penitus

1165 2670 1334 2706 effugareS,
1351 2674 1479 2705 prorsus
1495 2663 1691 2703 exploderes,
1711 2666 1741 2691 et
1756 2661 1961 2691 correctionis
1976 2669 2013 2690 ac
2027 2658 2178 2689 emenda-

1168 2722 1261 2752 tionis
1274 2721 1365 2760 plene
1377 2718 1521 2749 celeritas
1535 2715 1724 2754 corrigentis
1737 2719 1768 2744 et
1782 2713 1984 2744 emendantis
1997 2711 2177 2742 ostenderet

1167 2776 1354 2816 puritatem,
1379 2777 1408 2802 et
1430 2771 1603 2809 diligenter
1625 2768 1804 2798 attenderes
1827 2766 1911 2804 quod
1934 2764 2176 2803 circumspectio

1167 2827 1337 2868 apostolice
1353 2825 1438 2855 sedis
1451 2832 1513 2854 non
1526 2827 1630 2862 posset
1646 2821 1720 2851 talia
1732 2820 1791 2850 sub
1804 2818 2063 2849 dissimulatione
2076 2821 2177 2846 trans-

1167 2884 1231 2918 ire;
1255 2881 1293 2910 ad
1314 2884 1401 2909 tuam
1423 2876 1658 2907 nichilominus
1682 2875 1763 2905 bone
1787 2872 1943 2903 memorie
1967 2872 2015 2907 B.,
2041 2870 2173 2899 (ξι-0556-

1169 2942 1242 2966 1600
1265 2934 1420 2972 episcopo,
1444 2934 1610 2969 propterea
1636 2916 1829 2967 presentiam
1854 2925 2025 2960 destinato,
2047 2928 2082 2952 ut
2102 2931 2177 2952 nos-

1170 2994 1255 3019 trum
1268 2992 1298 3017 et
1312 2986 1446 3015 fratrum
1458 2988 1640 3013 nostrorum
1655 2979 1895 3019 beneplacitum
1907 2977 2037 3007 referret
2048 2975 2178 3014 plenius
