2393 3496
247 316 304 345 ⁸74

249 382 351 411 tussann
368 390 402 411 ac
423 383 588 418 inagisirOs
608 382 809 410 Eustachium
829 387 856 410 ct
876 382 1100 420 hadulphum,
1125 391 1247 412 necnon

247 438 277 463 et
302 434 542 463 universitatem
569 442 602 462 ac
624 434 778 462 decanum
802 434 997 463 Mcldeusem
1020 435 1186 472 predictos,
1213 443 1247 464 ex

245 486 354 523 altera,
374 497 466 525 sup-»r
484 487 539 515 hoc
553 492 657 515 exorta
671 487 782 521 extitit,
799 486 837 514 ad
855 489 960 515 sedem
973 488 1177 525 apostolicam
1196 498 1250 526 per

246 540 431 568 eorumdem
450 539 558 567 decani
576 543 602 566 et
619 539 745 576 capituli
761 544 789 567 et
807 539 905 576 ipsius
922 541 1063 577 magistri
1081 540 1248 570 Guillelmi

243 592 470 630 appellationes
493 592 633 627 legitime
655 591 811 624 devoluta,
834 592 986 622 dilectum
1008 593 1109 622 filium
1132 595 1247 631 tnagis—

247 650 326 672 trum
348 644 516 673 tinini-nnn
536 644 573 671 ἀρ
595 643 742 679 sator-no,
762 645 1025 675 archidiaronuni
1048 647 1246 676 Panormita-

243 704 338 725 num.
360 695 558 732 capellanum
578 702 732 732 nostrum,
752 697 930 727 auditorem
954 708 1121 728 causarum
1141 701 1246 738 palatii

241 748 353 777 nostri.
371 748 516 776 dedimus
541 749 682 786 partibus
698 750 887 780 auditorem.
913 752 1119 782 Postmodum
1139 758 1245 783 antem

240 800 347 828 dilecti
369 800 425 828 tilii
447 801 591 837 magistri
618 802 804 840 llaynaldus
830 804 867 833 de
889 804 1093 842 Castronovo,
1117 806 1245 835 thesau-

239 853 341 881 rarius
359 858 387 881 et
405 853 589 891 capellanus
609 860 724 889 noster,
744 861 773 885 et
791 857 946 893 Roget-ins
965 858 1066 888 dictus
1083 860 1244 894 Carnifex,

237 906 383 934 canonici
404 906 627 943 liin-oicenses,
650 909 781 939 nomine
797 911 897 948 ipsius
913 911 1061 947 ecclesie,
1079 913 1117 941 ad
1133 913 1243 942 defen-

236 958 360 988 sionem
380 959 462 989 dicte
481 961 612 990 ecclesie
631 968 738 991 contra
764 964 919 1001 prefatum
946 965 1134 1001 magistrum
1152 967 1244 996 Guil-

236 1010 369 1041 leltnum
386 1012 425 1041 ab
438 1013 581 1043 auditore
594 1015 732 1052 predicto
746 1025 778 1045 se
795 1017 1034 1053 postulaverunt
1050 1019 1186 1056 admitti,
1205 1020 1243 1049 ad

234 1065 317 1102 quod
343 1065 444 1094 dictus
468 1067 592 1096 auditor
617 1068 746 1097 admisit
770 1070 910 1105 eosdem,
938 1071 1057 1108 justitia
1084 1073 1241 1110 exigente.

234 1116 379 1155 Cumque
395 1119 498 1147 dictus
516 1121 666 1155 magister
683 1121 894 1159 Guillelmus,
913 1129 1077 1162 postquam
1095 1126 1241 1164 aliquan-

234 1170 288 1199 diu
314 1171 345 1199 in
372 1172 509 1209 predicta
531 1182 624 1202 causa
650 1182 830 1211 processum
850 1177 950 1205 extitit
972 1183 1082 1207 contra
1102 1179 1241 1209 eundem

233 1223 423 1260 magistrum
462 1225 665 1263 Itaynaldum
679 1251 685 1263 ‚
725 1228 883 1266 quoddam
921 1230 1081 1268 publicum
1118 1232 1240 1263 instru-

232 1281 389 1309 mentum,
407 1278 585 1307 consectum
604 1288 701 1308 manu
717 1280 871 1318 Stephani
885 1282 923 1311 de
936 1283 1158 1322 Montebarris,
1176 1285 1241 1316 cle-

232 1329 289 1358 rici
317 1330 511 1360 Senonensis
534 1332 677 1368 diocesis,
707 1334 898 1369 tabellionis,
924 1340 958 1365 ut
977 1336 1061 1366 idem
1088 1339 1241 1377 magister

231 1381 423 1412 Guillelmus
442 1385 618 1421 asserebat,
646 1385 679 1414 in
697 1386 798 1424 ipsius
817 1388 972 1418 auditoris
989 1391 1150 1427 presentia
1166 1401 1238 1431 pro-

230 1435 383 1472 duxisset,
402 1441 429 1465 et
447 1436 501 1466 illo
517 1438 687 1476 injudicio
705 1449 738 1469 se
756 1441 798 1469 uti
817 1441 897 1470 velle
915 1442 1050 1479 diceret,
1071 1443 1239 1484 dictusque

230 1490 380 1525 magister
404 1490 590 1528 Raynaldus
614 1492 869 1523 instrumentum
894 1495 999 1533 ipsum
1028 1496 1146 1527 diceret
1170 1507 1239 1529 esse

228 1541 356 1579 salsum,
382 1541 454 1571 licet
478 1543 598 1573 dictum
620 1545 885 1585 instrumentum,
911 1549 995 1587 quod
1021 1551 1111 1580 nobis
1137 1553 1238 1581 extitit

227 1599 456 1632 presentatum,
487 1605 544 1626 nos
573 1602 635 1627 tam
662 1607 698 1627 ex
725 1600 925 1630 consessione
943 1603 1062 1640 ,prefati
1091 1605 1237 1642 magistri

226 1647 393 1677 Guillelmi
421 1658 516 1688 quam
540 1660 576 1680 ex
602 1651 747 1689 pluribus
772 1653 843 1683 aliis
872 1654 1025 1692 legitimis
1044 1658 1237 1696 conjecturis

225 1702 337 1730 merite
360 1703 616 1740 reputaverimus
639 1705 784 1736 salsitatis
803 1708 952 1746 scrupulo
977 1719 1041 1740 non
1062 1719 1180 1749 carere,
1204 1717 1238 1742 ut

226 1759 330 1784 tamen
345 1761 455 1785 contra
469 1756 589 1787 dictum
605 1758 804 1798 Stephanum
822 1770 916 1800 snper
929 1763 999 1800 hoc,
1013 1766 1235 1804 proutjustum

225 1812 286 1843 est,
313 1809 456 1838 securius
485 1811 652 1847 procedere
678 1812 873 1850 valeremus,
904 1817 1103 1853 providimus
1129 1819 1235 1857 ipsum

224 1860 289 1890 sore
315 1867 442 1899 propter
468 1862 527 1893 hoc
556 1864 595 1892 ad
626 1870 765 1895 nostram
797 1868 990 1905 presentiam
1019 1872 1233 1910 evocandum3

223 1914 368 1952 injuncto
385 1925 439 1953 per
456 1921 580 1947 nostras
596 1917 716 1948 litteras
738 1921 976 1952 venerabilibus
993 1923 1143 1955 fratribus
1160 1935 1234 1956 nos-

223 1967 280 1995 tris
301 1989 320 1996 ..
340 1968 494 1998 Remensi
512 1975 579 1999 et..
597 1970 780 2002 Senonensi
796 1974 1044 2014 archiepiscopis
1059 1987 1095 2007 ac
1117 2002 1135 2007 ..
1152 1981 1234 2017 epis—

221 2028 298 2057 copo
315 2020 490 2051 Parisiensi
506 2027 537 2052 ut
549 2023 611 2062 ipsi
627 2028 679 2054 aut
693 2026 754 2055 duo
767 2026 815 2056 vel
832 2037 914 2057 unns
928 2038 1038 2060 eornm
1055 2032 1231 2069 predictum

221 2071 421 2111 Stephanum
442 2084 476 2104 ex
503 2081 590 2114 parte
610 2083 716 2107 nostra
738 2082 947 2119 peremptorie
971 2083 1067 2113 citare
1083 2091 1234 2116 curarent

222 2131 256 2155 ut
273 2127 358 2156 infra
377 2128 456 2157 duos
480 2139 606 2160 menses
630 2137 697 2169 post
715 2133 902 2164 citationem
922 2144 1012 2166 suam
1034 2146 1234 2177 compareret

221 2180 431 2216 personaliter
458 2190 564 2212 coram
591 2185 694 2221 nobis,
722 2195 812 2216 suam
840 2197 935 2226 super
961 2189 1031 2226 hoc,
1059 2192 1085 2221 si
1114 2199 1230 2232 posset,

221 2231 437 2263 innocentiam
456 2240 654 2273 ostensurus,
674 2238 734 2275 vel,
753 2240 779 2268 si
795 2240 962 2279 culpabilis
981 2249 1073 2281 esset,
1093 2255 1148 2284 pro
1164 2256 1231 2278 me-

220 2284 290 2314 ritis
320 2293 514 2325 recepturus.
547 2288 635 2324 Quod
665 2291 692 2320 si
725 2292 803 2322 forte
835 2293 921 2324 idem
951 2296 1144 2336 Stephanus,
1176 2310 1232 2339 per

219 2338 471 2379 archiepiscopos
489 2348 518 2370 et
534 2343 717 2382 episcopum
737 2347 917 2378 nominatos
931 2350 1021 2387 Juxta
1041 2353 1230 2385 mandatum

220 2396 364 2421 nostrum
388 2394 511 2431 citatus,
541 2396 625 2425 infra
650 2398 806 2435 prefatum
833 2402 1006 2432 terminum
1032 2415 1127 2444 quem
1150 2410 1230 2439 assi-

218 2450 355 2482 gnarent
373 2447 474 2476 eidem
495 2453 602 2478 nostro
620 2460 652 2480 se
668 2458 850 2489 presentare
866 2459 1047 2495 conspectui
1064 2465 1230 2492 contuma-

218 2498 296 2528 citer
319 2508 383 2529 non
410 2506 544 2539 curaret,
575 2503 734 2535 voluimus
756 2512 786 2536 et
810 2508 1010 2541 decrevimus
1032 2514 1118 2552 quod
1142 2516 1228 2546 idem

219 2552 403 2590 Stephanus
416 2554 519 2585 officio
535 2556 758 2589 tabellionatus
771 2560 831 2590 sibi
844 2571 898 2600 per
915 2572 971 2593 nos
987 2574 1135 2598 concesso
1148 2575 1230 2600 esset

219 2613 254 2634 ex
277 2608 351 2635 tnnc
368 2615 403 2636 eo
420 2607 487 2645 ipso
506 2609 666 2647 privatus,
695 2616 724 2641 et
746 2615 830 2652 quod
851 2617 1082 2658 archiepiscopi
1101 2626 1131 2651 et
1146 2624 1227 2662 epis-

217 2665 314 2697 copus
327 2659 440 2698 prefati
453 2660 539 2691 diem
553 2663 714 2695 citationis
727 2671 757 2696 et
768 2667 901 2699 formam
918 2675 948 2700 et
963 2673 1117 2712 quicquid
1134 2685 1229 2715 super

215 2710 276 2741 hoc
293 2712 434 2742 facerent
452 2715 543 2744 nobis
564 2726 619 2754 per
635 2727 707 2748 suas
725 2719 843 2751 litteras
860 2722 974 2754 harum
991 2727 1107 2757 seriem
1124 2730 1227 2760 conti·

216 2770 329 2795 nentes
359 2767 523 2798 studerent
551 2770 687 2801 fideliter
708 2773 869 2805 intimare.
894 2777 1041 2817 Cumque
1067 2782 1227 2820 predictus

217 2818 399 2858 episcopus,
425 2822 479 2859 qui
500 2822 586 2852 solus
602 2829 671 2863 post
688 2830 956 2864 presentationem
977 2833 1039 2862 sibi
1055 2834 1169 2866 factam
1188 2837 1226 2868 de

214 2871 365 2909 predictis
379 2872 495 2903 litteris
507 2878 624 2906 nostris
638 2877 671 2907 in
687 2878 871 2918 hujusmodi
883 2885 1011 2922 negotio
1026 2888 1224 2928 procedebat,

212 2925 370 2962 prefatum
388 2926 600 2967 Stephanum,
612 2937 705 2969 prout
718 2933 756 2963 de
768 2934 838 2972 jure
852 2941 983 2975 poterat,
996 2939 1089 2970 citari
1102 2942 1225 2973 fecisset

214 2982 248 3007 ut
275 2979 358 3008 infra
384 2982 577 3019 premissum
608 2989 731 3024 teinpus
760 2996 865 3019 coram
893 2991 985 3022 nohis
1013 2999 1138 3033 propter
1164 2996 1224 3028 hoc

996 316 1230 346 REGISTRES
1252 317 1305 347 DE
1329 317 1511 347 NICOLAS
1534 319 1589 348 lv.

1333 383 1544 420 personaliter
1561 390 1767 424 compareret,
1787 388 1921 426 proutin
1937 389 2118 426 patentibus
2134 389 2246 420 litteris
2264 391 2338 425 inde

1332 436 1482 466 consectis
1504 437 1605 475 ipsius
1630 438 1767 477 episcopi
1789 440 1896 477 sigillo
1917 441 2051 478 signatis
2074 446 2104 471 et
2125 444 2336 481 quorumdam

1332 488 1568 526 fidedignorum
1583 491 1765 521 testimonio
1777 492 1900 531 plenius
1912 494 2051 525 vidimus
2066 496 2234 533 contineri,
2252 497 2336 529 idem

1331 541 1513 581 Stephanus
1532 549 1683 582 tanquam
1705 545 1788 575 male
1809 546 1955 576 conscius
1975 547 2008 576 in
2030 547 2139 577 eodem
2157 550 2293 581 termino
2307 556 2338 582 et

1331 600 1400 632 post
1429 596 1523 625 etiam
1550 596 1670 626 diutins
1697 603 1878 636 expectatus
1903 608 2008 629 corani
2038 601 2130 630 nobis
2157 610 2336 641 comparere

1330 649 1528 687 contempsit.
1546 650 1700 685 Quocirca
1711 651 1898 682 discretioni
1913 656 1963 682 tue
1974 662 2030 690 per
2042 653 2211 691 apostolica
2224 656 2338 695 scripta

1330 701 1523 731 mandamus
1539 703 1692 740 quatinus
1709 704 1864 742 prefatum
1881 704 2081 743 Stephanum
2099 716 2152 744 per
2169 711 2197 737 te
2217 708 2266 738 vel
2283 718 2338 748 per

1328 754 1428 783 alium
1443 755 1552 785 eodem
1565 755 1790 786 tabellionatus
1801 757 1915 789 officio.
1930 758 2021 796 juxta
2038 758 2222 797 hujusmodi
2240 761 2336 794 bene-

1330 807 1481 846 placitum
1491 813 1521 837 et
1529 809 1692 839 decretum
1704 815 1859 846 nostrum,
1871 811 2030 849 privatum
2040 813 2159 843 auctori
2166 818 2224 843 tate
2233 817 2338 845 nostra

1329 861 1454 899 publice
1472 863 1601 892 nunties
1618 867 1647 892 et
1666 872 1720 901 per
1734 864 1844 893 omnia
1860 864 1927 895 loca
1943 865 1976 894 in
1994 866 2110 904 quibus
2127 867 2275 905 expedire
2291 869 2336 898 vi-
2359 879 2364 883 ·

1329 915 1412 944 deris
1429 915 1526 944 facias
1543 916 1697 947 nuntiari.
1714 917 1783 946 Dat.
1804 918 1915 954 Rome,
1932 919 2015 957 apud
2033 919 2184 949 Sanctam
2202 920 2335 952 Mariam

1328 969 1495 1007 Majorem,
1515 969 1609 998 nonis
1626 969 1791 1005 februarii,
1809 979 1894 1001 anno
1911 976 2033 1010 quarto.
2057 985 2069 997 ι

1397 1154 1518 1183 (3542

1362 1215 1568 1241 Monasterium
1585 1215 1707 1241 Sanctae
1724 1215 1826 1242 Crucis
1843 1215 1979 1248 Saxivivi,
1995 1216 2166 1252 Fuliginatis
2181 1217 2332 1251 dioecesis.

1325 1264 1379 1290 sub
1396 1272 1449 1290 sua
1466 1263 1643 1299 protectione
1659 1265 1793 1299 suscipit.
1811 1264 1894 1298 (Risu.
1912 1265 1954 1297 46,
1971 1273 1997 1292 c.
2014 1265 2075 1297 7‘2‘2,
2092 1266 2112 1292 f.
2130 1266 2180 1293 144
2196 1267 2244 1300 ν’.)

1656 1154 2016 1190 Sainte-Marie-Majeure‚
2034 1157 2048 1183 5
2065 1157 2169 1183 fevrier
2186 1157 2262 1185 ¹292.

1365 1389 1386 1395 ..
1407 1367 1509 1396 abbati
1534 1367 1711 1395 monasterii
1729 1365 1836 1396 Sancte
1857 1367 1962 1396 Crucis
1983 1367 2142 1404 δαωίυἰυί,
2163 1367 2283 1399 ordinis
2300 1369 2330 1400 S.
2358 1388 2362 1392 ·

1323 1421 1490 1456 Benedicti,
1509 1420 1631 1457 ejusque
1647 1420 1799 1456 fratribus
1816 1425 1878 1449 tam
1895 1421 2086 1457 presentibus
2101 1430 2196 1459 quam
2214 1423 2334 1459 suturis
2368 1448 2379 1459 ,-

1322 1475 1493 1511 reyularem
1511 1475 1607 1503 vitam
1624 1474 1766 1510 professis
1783 1475 1815 1503 in
1832 1479 2024 1512 perpetuum.

1364 1539 1378 1553 α
1407 1526 1602 1564 Religiosam
1628 1527 1725 1556 vitam
1750 1526 1980 1564 eligentibus...
2004 1544 2043 1549 -—
2069 1528 2134 1566 Ego
2156 1528 2330 1567 Nicolaus,

1321 1580 1476 1610 catholice
1493 1580 1624 1610 ecclesie
1647 1580 1827 1619 episcopus,
1846 1581 2015 1619 suscripsi3
2033 1581 2100 1619 Ego
2122 1581 2219 1612 frater
2241 1582 2329 1613 Lati-

1321 1642 1394 1671 nus,
1412 1634 1569 1664 Ostiensis
1588 1638 1618 1663 et
1635 1633 1845 1663 velletrensis
1862 1634 2039 1672 episcopus,
2054 1643 2114 1671 ss.;
2135 1634 2200 1673 Ego
2215 1635 2331 1666 Gerar-

1321 1687 1400 1723 dus,
1421 1687 1610 1717 Sabinensis
1627 1687 1801 1726 episcopus,
1820 1695 1880 1723 ss.;
1902 1687 1966 1724 Ego
1981 1687 2159 1723 Johannes,
2179 1688 2332 1720 Tuscula-

1321 1750 1382 1770 nus
1400 1741 1586 1779 episcopus,
1614 1749 1673 1776 SS.;
1696 1740 1763 1778 Ego
1786 1740 1882 1770 frater
1900 1740 2069 1777 Matheus,
2090 1741 2279 1772 portuensis
2300 1745 2331 1773 et

1319 1794 1435 1825 Sancte
1469 1794 1586 1824 Rufine
1616 1794 1783 1832 episcopus
1799 1817 1805 1829 ,
1837 1802 1878 1823 ss.
1895 1804 1901 1830 ς
1931 1794 1996 1832 Ego
2022 1793 2189 1824 Johannes
2202 1817 2210 1832 ,
2243 1794 2330 1826 tituli

1319 1848 1434 1878 Sancte
1446 1847 1558 1877 Cicilie
1573 1847 1740 1886 presbyter
1755 1846 1938 1884 cardinalis,
1954 1856 1994 1876 ss.
2008 1858 2015 1884 3
2033 1847 2099 1885 Ego
2114 1847 2211 1877 frater
2223 1848 2328 1887 Hugo,

1319 1901 1404 1931 tituli
1423 1902 1538 1931 Sancte
1561 1901 1679 1930 Sabine
1700 1901 1866 1939 presbyter
1886 1899 2059 1930 cardinalis
2073 1924 2080 1938 ,
2104 1910 2163 1938 ss.;
2184 1901 2250 1940 Ego
2266 1902 2328 1932 Pe-

1319 1960 1401 1992 trus,
1430 1954 1512 1984 tituli
1532 1954 1640 1984 Sancti
1663 1954 1763 1984 Marci
1785 1954 1951 1993 presbyter
1974 1954 2157 1992 cardinalis,
2178 1963 2243 1992 ss.;
2263 1955 2329 1994 Ego

1319 2008 1522 2044 Benedictus,
1538 2007 1622 2037 tituli
1635 2007 1744 2037 Sancti
1754 2007 1884 2036 Martini
1894 2007 2059 2046 presbyter
2069 2007 2254 2045 cardinalis,
2266 2016 2326 2045 ss.;

1317 2062 1383 2099 Ego
1401 2060 1559 2097 Matheus,
1578 2060 1693 2090 Sancte
1708 2060 1811 2089 Mai-ie
1824 2060 1858 2089 in
1874 2060 2001 2090 Porticu
2017 2060 2169 2090 diaconus
2184 2061 2329 2091 cardina-

1315 2115 1368 2150 lis,
1386 2125 1444 2151 ss.;
1466 2115 1531 2153 Ego
1549 2114 1697 2151 Jacobus,
1715 2114 1830 2144 Sancte
1848 2114 1949 2143 Mai-ie
1966 2113 2001 2143 in
2019 2113 2078 2143 Via
2096 2114 2158 2144 lata
2173 2114 2327 2146 diaconus

1315 2168 1510 2203 cardinalis,
1531 2176 1592 2204 ss.;
1614 2167 1679 2205 Ego
1701 2166 1862 2205 Napoleo,
1885 2167 1993 2196 Sancti
2014 2166 2149 2196 Adriani
2171 2167 2326 2198 diaconus

1314 2221 1506 2258 cardinalis,
1526 2230 1589 2258 ss.;
1615 2221 1680 2258 Ego
1704 2220 1838 2255 Petrus,
1861 2220 1968 2250 Sancti
1992 2220 2153 2250 Eustachii
2171 2221 2325 2252 diaconus

1314 2274 1499 2311 cardinalis,
1517 2284 1558 2304 ss.
1578 2275 1650 2304 Dat.
1669 2274 1781 2311 Rome,
1801 2273 1884 2312 apud
1901 2274 2051 2303 Sanctam
2070 2273 2208 2304 Mariam
2226 2274 2325 2314 Majo-

1314 2338 1394 2365 rem,
1414 2338 1469 2367 per
1488 2337 1621 2358 manum
1641 2328 1787 2366 magistri
1802 2327 1976 2364 Johannis,
1994 2327 2109 2357 decani
2126 2327 2323 2367 Bajocensis,

1314 2388 1421 2413 sancte
1440 2391 1572 2412 romane
1592 2381 1725 2412 ecclesie
1744 2380 2016 2417 vicecancellarii,
2035 2381 2129 2410 nonis
2148 2381 2321 2418 februarii,
2350 2394 2362 2404 ··

1313 2436 1492 2466 indictione
1518 2435 1645 2474 quinta,
1677 2434 1911 2464 incarnationis
1939 2433 2101 2464 dominice
2123 2442 2210 2464 anno
2236 2442 2321 2465 mcc.

1313 2499 1461 2526 Lxxxxn„
1479 2488 1682 2527 pontificatus
1700 2496 1774 2518 vero
1791 2487 1902 2517 domni
1918 2486 2046 2517 Nicolai
2061 2496 2140 2526 pape
2153 2487 2221 2517 IIII
2236 2495 2324 2518 anuo

1312 2547 1436 2582 quarto.
1456 2555 1469 2569 n

1382 2728 1500 2756 (3543
1612 2726 1978 2761 Sainte-Marie-Majeure,
1993 2725 2028 2753 23
2039 2725 2154 2762 janvier
2170 2725 2247 2754 1292.

2363 1962 2386 2052 ’Πᾶνα
2364 1804 2382 1916 ,pq-⁴⁸,
2364 1756 2382 1785 ’ξ

2363 2134 2375 2189 οι»

1346 2790 1531 2826 Dispensatio
1543 2799 1630 2826 super
1640 2790 1753 2817 defectu
1763 2789 1909 2817 natalium.
1921 2789 2004 2824 (Rm.
2016 2788 2060 2820 46,
2072 2797 2098 2816 e.
2109 2788 2259 2821 723,f.144
2268 2789 2319 2822 νῦ.)
2362 2783 2363 2786 “

1352 2916 1372 2924 ..
1390 2895 1523 2932 episcopo
1539 2892 1687 2923 Fesulano
1703 2892 1835 2923 mandat
1855 2896 1887 2922 ut
1898 2900 1971 2922 cum
1986 2890 2138 2921 Johaune
2154 2891 2193 2921 de
2203 2890 2319 2922 Casen-
2359 2918 2362 2923 ,

1309 2946 1390 2985 tino,
1409 2947 1604 2986 presbytero,
1623 2947 1786 2986 dispenset
1807 2950 1856 2982 ut,
1875 2953 1939 2975 non
1957 2944 2103 2975 obstante
2117 2943 2241 2974 defectu
2258 2952 2316 2974 na-

1309 2999 1421 3030 talium
1438 3010 1534 3040 quem
1552 3000 1592 3031 de
1611 3000 1794 3040 presbytero
1812 2999 1941 3037 genitus
1962 3002 1993 3028 et
2015 2997 2118 3028 soluta
2136 2998 2264 3037 patitur,
2281 2997 2317 3028 in
