2393 3496
199 288 254 317 782
943 286 1174 316 REGISTRES
1197 285 1251 314 DE
1274 284 1457 314 NICOLAS
1480 286 1535 315 lV.

267 354 383 382 5284
794 353 919 382 Orvieto,
936 353 951 378 8
966 353 1033 378 aot'lt
1050 352 1126 378 129¹.

235 415 364 442 Paeonas
381 416 517 449 largiendi
538 416 738 450 indulgentias.
755 414 837 447 (Rae.
856 414 903 443 46,
927 422 951 439 c.
975 414 1039 443 405,
1063 414 1080 439 s.
1099 412 1132 439 80
1148 416 1193 442 ΓΜ

239 531 414 564 ‹inille-lum,
438 530 535 558 abbati
558 529 732 557 monaszeru‘
753 528 955 563 Fiscanensis,
978 528 1017 556 ad
1036 535 1196 556 romanam

196 584 347 612 ecclesiam
367 584 450 611 nullo
468 583 562 610 medio
577 582 766 618 pertinentis,
783 581 903 609 ordinis·
916 580 946 609 S.
965 580 1126 614 Benedicti,
1144 580 1197 608 Ro-

198 636 395 671 ehomnyensis
418 635 550 662 aiot-esis.
574 633 722 670 Indulget
737 638 770 661 ut
787 632 1073 671 quotienscumque
1090 632 1194 669 ipsum

197 688 229 716 in
252 686 442 716 monasterio
465 685 647 714 Fiscauensi
667 685 713 714 vel
733 684 805 714 aliis
824 685 899 714 locis
919 684 1073 722 exemptis
1091 685 1195 714 eidem

196 739 386 768 monasterio
402 739 550 777 subjectis
565 748 621 768 con
629 739 732 776 tigerit
748 738 918 767 missarum
933 738 1101 768 sollemnia
1116 737 1194 768 ccle-

194 792 282 820 brare
305 796 333 820 et
354 800 526 829 proponere
550 792 664 830 populo
689 791 820 821 verbum
850 791 924 827 Dei⁷
949 791 1100 820 omuibus
1121 799 1194 820 vere

195 844 429 881 poenitentibus
449 849 479 873 et
498 844 648 873 confessis
668 844 867 874 adstantibus
886 854 923 873 Μ,
941 844 1065 873 dicrum
1084 844 1194 874 indul-

193 897 332 934 gentiam
350 897 459 934 largiri
474 898 585 928 valeat.

235 963 247 976 «1
263 950 326 979 Etsi
342 960 375 979 ex
389 952 550 980 meritis...
564 968 599 972 -—
612 952 680 980 Dat.
696 951 778 989 apud
792 951 1064 988 Urbemveterem,
1079 962 1108 981 vx
1122 953 1195 983 idus

192 1004 330 1041 augusti,
349 1012 433 1034 auno
449 1009 571 1042 quarto.
593 1017 604 1030 n

261 1195 377 1223 5585
786 1196 911 1228 Orvieto,
929 1197 943 1224 5
960 1199 1028 1224 aout
1044 1198 1121 1226 1291.

229 1256 399 1282 Facultatem
421 1257 551 1283 concedit
573 1258 727 1292 capellanis
748 1259 871 1292 capellae
891 1259 926 1284 de
946 1259 1063 1291 Manna,
1086 1260 1194 1296 Lingo—

191 1305 289 1330 nensis
306 1305 456 1336 dioecesis,
473 1313 504 1332 se
522 1306 699 1332 absentandi.
720 1306 799 1339 (Rau.
821 1307 863 1337 46.
881 1316 905 1334 c.
924 1308 984 1342 406,
1001 1309 1019 1335 s.
1038 1308 1072 1336 80
1087 1311 1139 1341 vo.)

232 1422 349 1449 Dileclis
377 1422 450 1457 siliis
479 1422 629 1458 perpetuis
656 1422 820 1458 capellanis
844 1424 953 1459 capelle
974 1424 1007 1452 de
1033 1430 1131 1454 castro
1159 1427 1194 1456 de

189 1474 311 1509 Manna,
330 1475 524 1510 Lt'nyoueusis
542 1474 677 1510 diocesis,
698 1479 728 1504 et
745 1476 979 1506 successoribus
997 1485 1119 1516 eorum,
1137 1479 1193 1509 ol)-

190 1530 275 1555 tentu
295 1527 495 1564 Margaritae,
511 1528 639 1565 reginae
656 1527 792 1563 Siciliae,
811 1528 939 1559 relictae
955 1530 1056 1561 bonae
1071 1541 1192 1563 memo-

189 1580 255 1609 riae
273 1579 376 1609 Caroli
394 1580 476 1617 regis
493 1580 636 1618 Siciliae,
655 1582 836 1611 comitissae
851 1583 1121 1621 Tornodorensis,
1139 1586 1191 1615 in-

188 1632 295 1670 dulget
316 1638 348 1661 ut
365 1642 382 1662 a
400 1633 519 1672 capella
541 1642 637 1672 quam
657 1635 767 1664 eadem
787 1636 959 1674 Margarita
982 1638 1016 1666 in
1037 1643 1139 1669 castro
1153 1639 1193 1669 de

191 1686 327 1719 Manna,
355 1686 567 1724 Lingone1isis
588 1687 756 1724 dioecesis,
776 1689 815 1719 de
834 1690 926 1720 bonis
945 1693 1080 1730 propriis
1097 1701 1192 1723 cous-

189 1739 297 1776 truxit‚
317 1743 347 1768 et
362 1739 395 1768 iu
413 1748 474 1778 qua
493 1741 550 1769 tria
565 1740 677 1770 altaria
691 1741 823 1779 dotavit,
836 1744 989 1774 ordinans
1005 1747 1090 1784 quod
1106 1747 1140 1776 iu
1156 1756 1194 1777 ea

187 1797 292 1822 essent
317 1798 376 1822 tres
399 1794 539 1831 perpetui
559 1794 735 1832 capellani,
755 1797 809 1834 qni
828 1797 1026 1828 deservirent
1043 1809 1192 1838 persona-

186 1845 260 1875 liter
274 1846 305 1874 in
323 1846 444 1875 divinis
457 1847 569 1876 officiis
586 1852 616 1876 et
631 1849 816 1878 continuam
831 1850 1039 1882 residentiam
1053 1853 1194 1884 lacerent

185 1899 218 1928 in
239 1899 370 1935 eadem,
390 1908 447 1929 nec
468 1909 500 1929 se
521 1906 666 1938 possent,
690 1902 754 1931 nisi
772 1902 811 1932 ad
830 1903 940 1934 horam
962 1905 1009 1935 vel
1029 1907 1192 1938 modicum

184 1956 325 1991 tempus,
348 1962 419 1982 cum
442 1953 627 1983 immineret
648 1956 838 1992 necessitas,
857 1958 1040 1996 absentare,
1062 1964 1092 1989 et
1107 1962 1191 2000 qnod

183 2006 280 2035 iidem
297 2006 451 2045 capellani
471 2016 503 2036 se
519 2007 558 2036 ad
574 2008 606 2036 id
623 2010 840 2047 astringerent
855 2021 910 2050 per
925 2013 1086 2051 corporale
1099 2016 1190 2052 jura-

182 2063 338 2096 meutum,
353 2060 536 2098 juramento
549 2062 708 2099 praedicto
722 2073 924 2103 nequaquam
936 2066 1091 2104 obstante,
1102 2076 1190 2098 anuo

182 2112 321 2151 quolibet
337 2122 391 2150 per
406 2113 484 2143 duos
500 2123 625 2144 meuses
641 2115 858 2155 interpolatim
876 2119 923 2148 vel
940 2121 1090 2150 continue
1106 2130 1190 2151 com-

180 2166 337 2203 putandos
361 2174 393 2195 se
413 2166 581 2197 absentare
603 2169 743 2206 possint,
766 2170 808 2199 ita
835 2175 941 2201 tamen
961 2173 1045 2211 quod
1069 2174 1114 2203 sic
1133 2174 1186 2204 ab·

182 2223 286 2248 sentes
308 2219 341 2248 iu
368 2228 404 2249 ea
430 2220 546 2250 saciant
571 2231 625 2260 per
650 2223 787 2253 vicarios
812 2224 942 2255 idoneos
967 2235 1107 2265 congrue
1132 2228 1187 2258 de-

181 2281 306 2303 servm.

226 2337 238 2351 ‹
254 2326 425 2356 Carissime
440 2327 473 2356 iu
491 2326 657 2359 Christo...
672 2347 709 2351 —
724 2331 795 2360 Dat.
810 2331 893 2370 apud
909 2332 1184 2371 Urbemveterem,

181 2380 275 2409 nonis
293 2380 430 2417 augusti,
447 2390 533 2411 auno
550 2387 672 2420 quarto.
692 2396 705 2409 υ

248 2571 365 2600 ὅῖἓθ

213 2633 367 2659 Confirmat
385 2635 491 2661 litteras
503 2635 608 2669 quibus
625 2636 732 2664 Lucius
749 2647 819 2673 papa
835 2640 938 2665 tertius
953 2641 1106 2667 conventui
1122 2649 1185 2668 mo-

754 2576 886 2608 (lrvieto‚
906 2577 937 2604 13
952 2579 1015 2612 juin
1035 2578 1112 2606 1291.

177 2684 294 2709 nasterii
320 2683 417 2709 Sancti
443 2683 550 2710 Bertiui
574 2685 607 2711 dc
634 2685 738 2712 Sancto
759 2687 935 2715 Annorum-io
959 2690 1089 2723 permisit
1110 2691 1183 2717 utin

175 2731 310 2757 omnibus
328 2732 485 2766 parrochiis
501 2733 562 2759 suis
578 2734 698 2760 clericos
715 2735 934 2771 instituerctqui
953 2739 1079 2772 regimen
1097 2739 1182 2765 scho-

175 2780 265 2806 larum
280 2780 427 2807 haberent.
445 2781 528 2814 (Hm.
545 2782 589 2814 46,
605 2790 630 2808 c.
647 2783 707 2814 407,
726 2784 743 2810 s.
761 2784 794 2811 80
811 2786 863 2818 vo.)

216 2917 235 2924 ..
255 2897 352 2925 abbati
368 2900 393 2925 et
409 2899 572 2926 conventui
586 2899 765 2928 monasterii
775 2900 879 2929 Sancti
894 2901 1010 2931 Bertini
1024 2904 1058 2932 de
1069 2903 1180 2933 Sancto

173 2949 374 2986 Audomario.
397 2950 514 2980 ordinis
531 2951 561 2981 S.
579 2952 741 2989 Benedicti,
758 2954 937 2984 illorinensz's
953 2956 1088 2986 diocesis.

1321 350 1513 380 Litterarum
1535 351 1622 381 Lucii
1641 356 1729 382 tenor
1746 352 1798 382 hic
1815 357 1861 382 est
1878 362 1884 382 z

1323 414 1335 428 ιι
1359 402 1485 439 Lucius,
1501 404 1665 443 episeopus
1675 413 1785 434 servus
1798 413 1962 436 servorum
1973 406 2042 436 Dei.
2060 406 2191 437 Dilectis
2205 406 2283 437 filiis

1283 466 1295 480 n
1322 476 1340 484 ..
1359 454 1465 485 abbati
1481 460 1512 485 et
1526 456 1698 486 conventui
1715 456 1824 487 Sancti
1841 457 1975 496 Bet-tini,
1995 458 2130 489 salutem
2148 463 2179 489 et
2192 467 2284 498 apos-

1282 519 1294 534 »
1321 507 1446 538 tolicam
1472 508 1740 540 benedictionem.
1766 509 1847 540 Cum
1869 519 1887 540 a
1906 511 2016 541 sede...
2042 512 2112 542 Dat.
2141 512 2282 547 Verone,

1282 573 1295 588 n
1321 571 1354 591 111
1371 561 1444 592 idus
1461 563 1600 600 augusti.
1620 574 1634 588 ν»
1654 563 1756 601 (Jaffe,
1776 564 1930 599 REGESTA,
1949 565 1979 594 ‘2⁹
1994 565 2057 602 ed„
2078 565 2197 604 15232.)

1321 627 1334 642 «
1359 615 1515 646 Teuorem
1541 617 1754 655 quarumdam
1779 617 1997 649 litterarum...
2029 635 2067 641 -
2096 618 2166 648 Dat.
2200 619 2283 658 apud

1281 668 1557 706 Urbemveteiem,
1574 669 1679 700 idibus
1691 671 1788 710 junii.
1807 680 1893 702 anno
1909 676 2031 710 quarto.
2051 684 2063 699 n

1349 868 1464 896 5¹⁷8&
1872 869 2005 903 Orvieto.
2021 871 2037 898 9
2052 872 2119 897 aout
2134 870 2212 898 1291.

1314 928 1464 965 Exemptio
1481 931 1702 964 jurisdictionis.
1720 931 1803 962 (Rue.
1822 931 1865 966 46,
1883 940 1908 959 c.
1927 932 1987 963 408,
2005 932 2024 959 f.
2042 932 2075 959 80
2090 934 2141 964 v⁰.)

1320 1049 1519 1078 Unz'versitati
1535 1050 1698 1078 hominum
1719 1051 1851 1080 civitatt's
1866 1056 1892 1079 ει
1906 1050 2064 1080 surburbii
2080 1051 2284 1087 Remensium,

1276 1102 1406 1133 obtentu
1422 1103 1569 1140 magistri
1584 1103 1743 1133 ‚Iohannis
1760 1104 1902 1141 Judicis,
1922 1104 2038 1134 notarii
2054 1105 2104 1134 sui
2115 1127 2122 1141 ‚
2139 1103 2286 1143 indulget

1277 1159 1311 1185 ut
1337 1156 1398 1194 ipsi
1424 1156 1474 1186 vel
1497 1156 1598 1195 aliqui
1624 1165 1735 1187 eorum
1761 1161 1847 1187 extra
1872 1157 2044 1187 dioecesim
2069 1157 2282 1195 Remensem,

1277 1218 1311 1238 su
1319 1218 1371 1247 per
1387 1209 1450 1239 hiis
1465 1219 1545 1249 quae
1560 1210 1644 1240 infra
1656 1219 1725 1240 eam
1742 1210 1871 1246 habent,
1888 1210 2033 1250 quaudiu
2051 1211 2152 1250 parati
2163 1211 2285 1241 fuerint

1276 1263 1360 1292 infra
1383 1272 1453 1292 eam
1480 1272 1586 1293 coram
1611 1265 1802 1302 competenti
1821 1264 1930 1303 judice
1955 1269 2055 1302 stare,
2081 1273 2137 1303 per
2163 1263 2284 1294 litteras

1275 1316 1466 1355 apostolicae
1488 1317 1570 1346 sedis
1591 1317 1640 1347 vel
1655 1317 1832 1355 legatorum
1849 1318 1917 1357 ejus
1935 1317 1969 1347 in
1985 1326 2114 1348 cansam
2132 1317 2216 1348 trahi
2233 1316 2284 1347 vel

1275 1368 1314 1398 ad
1328 1369 1486 1408 judicium
1503 1371 1628 1400 evocari
1645 1379 1707 1400 non
1724 1371 1856 1409 possint.

1317 1434 1330 1449 α
1356 1423 1467 1452 Vestre
1484 1423 1568 1462 pacis
1583 1428 1789 1462 querentes...
1811 1441 1849 1445 —
1872 1424 1942 1454 Dat.
1964 1424 2048 1463 apud
2073 1423 2283 1455 Urbemvete-

1276 1484 1355 1513 rem,
1372 1485 1392 1505 v
1410 1475 1483 1506 idus
1499 1477 1638 1514 augusti,
1658 1485 1744 1507 anno
1758 1481 1880 1516 quarto.
1902 1489 1915 1504 »

1345 1670 1463 1698 5788

1311 1731 1353 1757 De
1373 1731 1545 1766 quibusdam
1569 1733 1806 1766 possessionibus
1827 1733 1993 1760 monasterii
2011 1733 2197 1761 Fiscanensis
2211 1734 2284 1761 alie-

1276 1780 1387 1807 nandis.
1405 1780 1487 1813 (nm.
1506 1780 1549 1811 46,
1566 1789 1591 1807 c.
1609 1781 1670 1813 409,
1687 1782 1706 1808 s.
1723 1781 1756 1809 80
1771 1783 1823 1815 vo.)

1853 1671 1984 1705 Orvieto‚
2002 1671 2034 1698 13
2050 1673 2118 1698 aotlt
2133 1671 2212 1699 1291.

1316 1918 1335 1925 ..
1356 1897 1488 1934 episcopo
1510 1897 1684 1926 Lexoviensz·
1708 1897 1839 1927 mandat
1861 1901 1896 1927 ut
1916 1897 2058 1937 inquirat
2075 1897 2113 1928 de
2130 1901 2282 1937 opportu—

1273 1949 1373 1979 nitate
1396 1949 1559 1988 petitionis
1581 1958 1644 1988 qua
1670 1973 1689 1979 ..
1715 1950 1812 1980 abbas
1838 1955 1868 1980 et
1893 1954 2069 1981 conventus
2094 1951 2284 1982 monasterii

1273 2003 1493 2040 Fiscauensis,
1514 2003 1553 2033 ad
1576 2012 1743 2034 romanam
1765 2003 1931 2034 ecclesiam
1953 2004 2044 2035 nullo
2064 2005 2169 2035 medio
2186 2005 2282 2044 perti-

1274 2057 1396 2094 nentiS,
1413 2057 1536 2087 ordinis
1557 2056 1590 2086 S.
1615 2057 1796 2094 Benedicti,
1818 2058 2085 2096 Rotliomagensis
2108 2058 2280 2096 dioecesis,

1273 2115 1405 2149 poscunt
1425 2110 1588 2140 licentiam
1610 2111 1814 2149 permutandi
1835 2120 1890 2141 seu
1913 2112 2109 2142 concedendi
2131 2117 2282 2152 perpetuo

1270 2164 1309 2193 ad
1326 2164 1453 2193 firmam
1470 2163 1595 2200 domos,
1615 2169 1729 2199 terras,
1747 2166 1978 2204 possessiones,
1996 2165 2154 2204 redditus,
2175 2170 2279 2208 prata,

1271 2226 1397 2257 pascua,
1416 2226 1558 2256 nemora,
1573 2219 1657 2257 jura⁷
1672 2219 1913 2258 jurisdictiones
1929 2224 1959 2250 et
1975 2219 2040 2250 alia
2057 2220 2141 2251 bona
2160 2221 2279 2251 immo-

1270 2271 1365 2307 bilia,
1384 2280 1466 2310 quae
1487 2272 1593 2310 ipsum
1612 2274 1855 2310 monasterium,
1872 2275 2028 2312 prioratus
2044 2278 2075 2304 et
2092 2274 2237 2305 membra
2252 2275 2281 2305 ei

1273 2323 1364 2363 pleno
1389 2325 1462 2363 jure
1489 2326 1630 2364 subjecta
1658 2327 1691 2356 in
1723 2335 1822 2364 regno
1846 2327 1985 2365 Angliae
2013 2327 2221 2358 consistentia
2245 2328 2280 2358 in

1271 2377 1382 2407 eodem
1399 2387 1498 2416 regno
1515 2379 1670 2409 obtinent.

1312 2443 1325 2457 «
1352 2431 1394 2460 Ex
1410 2435 1498 2469 parte
1511 2431 1740 2462 dilectorum...
1758 2449 1798 2455 -—
1813 2434 1883 2463 Dat.
1902 2434 1987 2473 apud
2001 2434 2278 2472 Urbemveterem‚

1270 2483 1377 2514 idibus
1393 2486 1533 2523 augusti⁷
1550 2494 1638 2516 anuo
1653 2491 1777 2524 quarto.
1796 2499 1809 2513 1>

1338 2676 1454 2706 5781)
1864 2679 1980 2707 Orvieto
1990 2675 2029 2712 {9
2043 2681 2110 2708 aotit
2125 2680 2204 2708 1291.

1303 2737 1434 2765 Facultas
1454 2740 1575 2766 habendi
1592 2741 1678 2768 altare
1695 2743 1836 2776 portatile.
1855 2742 1936 2776 (Rea.
1955 2743 1997 2776 46,
2013 2751 2039 2770 c.
2053 2743 2125 2778 4092,
2139 2743 2158 2771 s.
2174 2743 2208 2771 80
2223 2745 2275 2777 v0.)

1303 2854 1462 2892 Αάετηανο,
1482 2857 1614 2895 episcopo
1630 2857 1884 2889 Claromonlensi.

1306 2918 1318 2933 α
1344 2907 1532 2939 Devotiouis
1553 2914 1603 2940 tue
1617 2911 1801 2949 precibus...
1818 2929 1857 2933 —
1872 2912 1943 2942 Dat.
1963 2912 2047 2951 apud
2066 2912 2272 2944 Urhemvete-

1263 2968 1343 2999 rem,
1363 2971 1382 2990 v
1398 2962 1470 2992 idus
1488 2964 1627 3002 augusti,
1645 2973 1730 2996 anno
1745 2970 1866 3005 quarto.
1895 2978 1907 2993 »
