2393 3496
749 357 935 389 LETTRES
957 356 1047 387 NON
1070 345 1403 387 ENREGISTREES.
2052 355 2125 387 1037

105 427 220 458 ’7564

79 514 98 521 ..
110 489 328 527 archiepiscopo
341 489 536 527 Luydunensz·
551 488 683 518 mandat
698 493 732 518 ut
744 496 872 518 causam
886 485 1034 522 Amedei,

39 543 158 576 comitis
173 541 361 579 Sabaudiae,
374 542 430 581 qui
446 543 628 581 episcopum
643 541 891 572 Gebennensem
907 547 1036 569 accusa-

39 596 116 628 verit
135 599 165 626 et
184 595 251 634 jam
273 595 365 624 tertio
386 594 426 624 ad
448 595 557 625 sedem
582 594 785 633 apostolicam
807 592 1036 633 appellaverit,

38 650 153 688 absque
168 648 300 686 strepitu
314 647 429 686 judicii
446 647 606 678 decernat.

77 714 92 730 α
107 701 308 739 Significavit
325 701 417 731 nobis
433 700 605 732 dilectus...
622 717 661 722 —
672 700 744 730 Dat.
762 700 846 739 apud
863 699 1038 729 Urbemve-

40 761 145 792 terem,
163 754 260 785 nonis
275 754 414 792 augusti,
428 762 514 784 anno
534 753 635 784 tertio.
655 765 668 780 n
685 753 837 792 (Pomm,
855 752 979 790 23349.)

631 425 758 458 Orvieto,
773 425 788 452 5
802 426 870 452 aont
886 424 963 451 1290.

107 915 223 945 ’7565

79 999 100 1010 ..
115 979 247 1016 episcopo
262 978 474 1008 Matisconensi
491 977 623 1007 mandat
639 980 674 1007 ut
693 985 819 1007 cansam
845 977 928 1006 inter
943 976 1042 1005 Ame-

39 1032 147 1070 deum,
163 1032 312 1061 comitem
335 1030 527 1067 Sabaudiae,
547 1034 577 1060 et
594 1029 835 1065 Guillielmum,
857 1029 1042 1068 episcopum

39 1084 296 1121 Gebennensem,
321 1085 394 1123 qui,
416 1087 580 1122 praetextu
597 1083 764 1122 cujusdam
787 1083 896 1113 statuti
918 1083 952 1111 in
969 1090 1042 1121 pro-

39 1137 168 1170 vinciali
183 1137 319 1168 concilio
334 1137 515 1167 Viennensi
532 1146 637 1176 nuper
657 1136 815 1167 celebrato
836 1136 929 1172 editi,
948 1134 1043 1164 illum

0 1225 1 1231 ἵ
39 1196 69 1224 et
80 1190 257 1222 Gerardum
272 1190 311 1220 de
331 1190 506 1229 Compeys,
526 1189 739 1220 Guillelmum
760 1189 799 1219 de
820 1189 920 1219 Urses
940 1192 970 1218 et
986 1188 1042 1218 Jo-

37 1243 176 1275 hannem
191 1244 230 1274 de
239 1244 393 1280 Revorea‚
403 1243 547 1274 custodes
560 1243 657 1273 castri
667 1233 1042 1278 InsufaeGebennensis,

38 1299 160 1341 publice
180 1299 489 1337 excommunicavit,
512 1299 621 1329 audiat
639 1303 670 1328 et
689 1297 900 1338 appellatione
922 1301 1044 1327 remota

39 1353 170 1385 decidat.

77 1420 93 1437 «
109 1407 251 1438 Dilectus
266 1406 353 1437 filius
364 1406 523 1437 nobilis...
537 1422 575 1428 —
586 1406 657 1436 Dat.
669 1405 753 1444 apud
766 1405 1041 1441 Urbemveterem,

19 1471 22 1474 ⁴
39 1462 132 1494 nouis
146 1461 286 1500 augusti,
303 1469 389 1491 anno
403 1461 504 1491 tertio.
524 1473 537 1487 ³>
557 1460 709 1500 (Po-rra,
730 1458 854 1498 ζ23350.)

633 913 760 946 OrvietO,
776 913 791 940 5
806 913 874 939 aout
892 913 967 940 1290.

111 1621 226 1650 ’7566

83 1707 102 1714 ..
114 1684 214 1714 abbati
223 1684 404 1713 monasterii
413 1683 572 1713 Scotorum
582 1684 614 1712 in
631 1683 756 1719 Vienna,
766 1682 957 1712 Patctviensis
968 1682 1048 1711 dioe-

43 1738 123 1774 cesis,
139 1737 271 1767 mandat
287 1741 320 1766 ut
336 1744 465 1766 causam
478 1736 562 1766 inter
579 1735 810 1765 monasterium
829 1735 965 1765 Sanctae
979 1735 1048 1765 Ma-

43 1789 108 1820 riae
122 1790 161 1820 de
180 1789 292 1820 Insula
308 1789 466 1825 Danubii,
489 1789 612 1819 ordinis
628 1788 660 1818 S.
678 1788 873 1827 Augustini,
898 1793 928 1819 et
944 1788 1046 1819 Lodo-

43 1843 178 1880 mirum,
215 1843 528 1882 archipresbyterum
560 1842 834 1880 strigoniensem,
869 1846 1047 1872 vertentem

43 1897 199 1934 decernat.

82 1963 96 1979 «
116 1950 296 1990 Conqueste
318 1954 393 1980 sunt
413 1950 542 1980 nobis...
569 1966 609 1972 --
631 1950 703 1980 Dat.
726 1950 810 1988 apud
836 1949 1046 1980 Urbemvete-

42 2012 118 2041 rem,
143 2014 162 2034 x
190 2003 344 2034 kalendas
368 2003 578 2042 septembris,
603 2011 688 2033 anno
719 2002 820 2032 tertio.
850 2015 863 2029 »
891 2002 1045 2041 (Pomm,

43 2057 163 2096 23369.)

618 1618 750 1650 Orvieto,
765 1618 799 1645 ς,23
813 1620 880 1645 aont
896 1619 973 1646 1290.

111 2217 224 2246 7567

80 2280 254 2310 Monosterii
264 2281 464 2310 Einsidlensz's
475 2279 694 2318 exemptiones
708 2283 737 2309 et
753 2278 921 2317 privilegia
932 2278 1047 2309 confir-

0 2342 1 2349 *
43 2327 116 2364 mat.
140 2334 212 2364 Dat.
229 2333 312 2373 apud
328 2333 609 2367 Urbemveterem,
632 2342 651 2362 x
667 2332 821 2362 kalendas
838 2332 1027 2371 septembris
1038 2355 1046 2368 ‚

0 2396 2 2433 ζ
45 2395 128 2432 anno
142 2387 244 2418 tertio.
263 2387 412 2426 (porra,
431 2386 555 2425 23371.)

618 2215 745 2246 Orvieto,
762 2215 795 2242 23
812 2216 880 2242 aout
898 2215 973 2242 1290.

113 2547 228 2576 Ι7568

21 2644 25 2648 .
84 2632 104 2640 ..
114 2611 282 2648 praeposito
293 2609 430 2638 ecclesiae
440 2608 682 2637 Constanciensis
693 2607 823 2637 mandat
833 2611 867 2637 ut
880 2607 1050 2646 compellat

44 2661 174 2693 clericos
188 2666 219 2692 et
232 2661 330 2692 laicos
345 2660 592 2699 Argentinensis
603 2684 610 2697 ,
628 2659 889 2690 Constanciensis
907 2665 937 2690 et
954 2661 1048 2691 Basi-

44 2713 153 2745 liensis
171 2714 365 2745 dioecesium
383 2714 440 2753 qui
457 2713 673 2753 possessiones
688 2713 875 2743 monasterii
893 2713 933 2743 de
951 2714 1046 2744 Gun-

45 2767 160 2805 terstal,
185 2766 408 2798 cisterciensis
431 2766 568 2803 ordinis,
590 2765 853 2796 Constanciensis
879 2765 1046 2804 dioecesis,

44 2821 102 2852 sub
121 2829 230 2852 annuo
250 2829 348 2851 censu
371 2823 516 2857 teneant,
533 2819 573 2849 ad
591 2819 812 2849 exhibendum
835 2827 969 2849 censum
993 2819 1047 2850 de-

46 2874 155 2905 bitum.

62 2933 65 2939 *
86 2940 100 2956 «
114 2927 347 2967 Significarunt
359 2927 451 2958 nobis
461 2925 658 2956 abbatissa...
675 2943 713 2948 —
726 2926 798 2956 Dat.
815 2926 899 2965 apud
914 2926 1050 2957 Urbem-

46 2985 198 3018 veterem,
225 2990 245 3010 v
275 2980 349 3010 idus
375 2979 576 3019 septembris,
608 2987 694 3009 anno
719 2979 821 3010 tertio.
851 2991 864 3006 n
895 2980 1049 3019 (Pomm,

48 3033 168 3073 23393.)

547 2544 674 2576 Orvieto,
687 2546 702 2572 9
719 2545 883 2580 septembre
899 2546 976 2574 1290.

1192 423 1306 451 ’7569

1159 484 1328 523 Componit
1347 485 1505 524 quaedam
1521 485 1654 515 dissidia
1674 485 1758 515 circa
1771 484 2029 523 jurisdictionem
2047 484 2127 514 civi-

1120 538 1191 567 tatis
1207 542 1237 567 et
1254 537 1405 568 ecclesiae
1423 538 1660 576 Lugdunensis.
1677 538 1828 577 (Poma,
1848 537 1968 576 23397.)

1606 422 1734 456 Orvieto‚
1752 422 1783 449 1-3
1799 422 1963 458 septembre
1983 422 2058 450 1290.

1195 696 1314 725 7570

1166 758 1320 788 Universis
1331 759 1445 788 Christi
1458 759 1607 796 fidelibus.
1623 758 1703 789 Cum
1716 758 1884 789 Albertum
1898 759 1936 789 de
1950 758 2130 794 Grundula,

1123 812 1313 841 canonicum
1344 812 1527 845 Lucanum.
1556 812 1742 850 scriptorem
1779 821 1891 849 suum,
1926 813 1960 842 in
1995 821 2131 851 regnum

1124 864 1278 894 Franciae
1297 869 1327 894 et
1348 869 1452 903 partes
1475 865 1683 902 Burgundiae
1702 870 1733 894 et
1755 865 1963 901 Provinciae,
1985 870 2055 901 etc,
2076 873 2132 903 pro

1125 917 1312 956 colligendis
1339 917 1489 947 censibus
1516 922 1546 947 et
1568 917 1640 947 aliis
1665 918 1816 948 ecclesiae
1839 927 1991 948 romanae
2015 918 2132 948 debitis

1606 696 1733 731 Orviet0‚
1752 697 1782 724 13
1801 697 1964 732 septembre
1982 696 2056 724 1290.

1110 971 1275 1022 ‘destinet,
1290 979 1404 1000 census
1416 975 1446 1000 et
1458 971 1592 1001 nomina
1608 979 1819 1010 personarum
1836 976 1866 1000 et
1880 971 2033 1007 locorum,
2052 971 2134 1000 sicut

1125 1025 1159 1054 in
1173 1024 1316 1062 registris
1329 1032 1481 1054 romanae
1494 1023 1646 1054 ecclesiae
1664 1025 1882 1061 continentur,
1901 1024 1959 1054 sub
1975 1023 2062 1054 bulla
2078 1033 2134 1053 sua

1125 1077 1279 1107 notificat.

1168 1143 1182 1158 <a
1202 1130 1282 1161 Cum
1299 1131 1452 1161 dilectum
1463 1131 1607 1162 filium...
1623 1148 1661 1154 —
1675 1131 1747 1161 Dat.
1760 1131 1843 1170 apud
1858 1131 2134 1166 Urbemveterem,

1126 1185 1233 1215 idibus
1249 1184 1447 1224 septembris,
1468 1193 1553 1215 anno
1573 1185 1676 1216 tertio.
1696 1196 1709 1211 n
1727 1184 1878 1224 (Porri-1„
1900 1184 2023 1223 23399.)

1201 1346 1284 1375 ’757
1293 1345 1312 1372 1

1167 1408 1295 1447 Ayapz'lo
1328 1408 1362 1437 de
1392 1408 1573 1445 Columpncz,
1602 1408 1754 1436 Marchiae
1778 1407 1989 1436 Anoom‘tonoe
2012 1407 2136 1442 vicario,

1129 1461 1261 1491 mandat
1278 1465 1313 1490 nt
1329 1464 1417 1491 curet
1441 1460 1589 1490 homines
1608 1460 1702 1490 castri
1722 1460 1857 1490 Sanctae
1875 1460 2053 1496 Victoriae,
2070 1459 2139 1488 Fir-

1129 1524 1245 1545 manae
1262 1515 1434 1550 dioecesis,
1453 1515 1491 1544 ab
1507 1514 1608 1553 ipsius
1624 1513 1814 1544 officialibus
1831 1522 1894 1543 non
1914 1513 2092 1549 molestari,
2109 1517 2139 1542 et

1130 1568 1303 1607 syndicum
1319 1572 1349 1597 et
1365 1576 1417 1597 sex
1434 1567 1582 1597 homines
1599 1567 1637 1597 de
1653 1567 1840 1596 melioribus
1856 1566 1970 1604 castri,
1986 1575 2004 1595 a
2021 1566 2138 1596 Jacobo

1129 1622 1168 1651 de
1184 1621 1358 1660 Fulgineo‚
1377 1621 1484 1660 judice
1503 1621 1537 1650 in
1560 1620 1706 1650 Marchia
1726 1620 1948 1654 Anconitana‚
1970 1620 2003 1649 in
2023 1619 2137 1658 palatio

1130 1675 1312 1706 communis
1330 1674 1447 1704 Montis
1467 1673 1558 1704 Ulmi
1573 1673 1796 1709 incarceratos,
1816 1672 1957 1702 liberari.

1173 1741 1186 1755 «
1204 1728 1247 1758 Ex
1260 1732 1348 1767 parte
1358 1727 1611 1757 universitatis...
1629 1743 1667 1748 —-
1681 1726 1752 1755 Dat.
1765 1725 1849 1765 apud
1861 1725 2136 1761 Urbemveterem‚

1131 1792 1162 1812 iv
1182 1791 1284 1813 nonas
1299 1781 1448 1817 octobris,
1467 1789 1553 1811 anno
1569 1780 1670 1810 tertio.
1691 1792 1704 1807 n
1723 1780 1874 1819 (Formi,
1897 1779 2016 1816 234‘22.)

1679 1344 1806 1378 Orvieto,
1824 1344 1838 1370 4
1855 1344 1971 1370 octobre
1991 1343 2066 1370 1290.

1203 1941 1317 1970 ’7572

1174 2004 1326 2033 Universz's
1354 2003 1467 2032 Christi
1493 2002 1630 2039 fidelibus
1652 2010 1704 2038 per
1731 2001 1904 2037 Senensem,
1930 2002 2087 2030 ,treunam
2114 2006 2139 2030 et

1132 2057 1289 2086 Clusinum
1309 2057 1449 2085 dioeceses
1464 2055 1636 2084 constitutis
1652 2053 1854 2084 fabricandae
1870 2053 2022 2083 ecclesiae
2039 2062 2138 2083 novae

1131 2110 1266 2140 fratrum
1284 2110 1449 2139 minorum
1465 2108 1503 2138 de
1521 2108 1630 2138 Monte
1648 2106 1830 2143 Polieiano,
1848 2107 2000 2136 Aretinae
2017 2107 2138 2136 dioece—

1131 2165 1185 2201 sis,
1203 2163 1344 2193 suhsidia
1364 2162 1569 2200 erogantibus
1586 2160 1824 2198 indulgentiam
1844 2160 1998 2190 concedit.

1173 2230 1184 2244 «
1217 2216 1378 2252 Quoniam
1406 2219 1439 2245 ut
1463 2214 1545 2244 ait...
1575 2231 1613 2236 —-
1642 2214 1712 2243 Dat.
1743 2213 1827 2252 apud
1856 2213 2136 2249 Urbemveterem,

1131 2280 1171 2300 xv
1189 2269 1343 2299 kalendas
1364 2268 1565 2304 novembris,
1583 2276 1668 2297 anno
1689 2267 1788 2297 tertio.
1813 2279 1825 2293 ιι
1845 2266 1996 2305 (Pomm,
2016 2266 2138 2304 23436.)

1657 1938 1789 1970 Orvieto,
1810 1938 1840 1965 18
1856 1939 1973 1965 octobre
1991 1939 2066 1966 1290.

1204 2428 1320 2458 ’7573
1659 2426 1789 2456 Orvieto,
1808 2424 1840 2452 30
1857 2428 1973 2452 octobre
1992 2425 2067 2452 1290.

1174 2492 1307 2530 ..priori
1321 2490 1480 2520 Carcustae
1491 2493 1515 2519 et
1527 2490 1681 2518 universis
1692 2489 1850 2526 prioribus
1861 2493 1886 2516 et
1899 2488 2054 2524 fratribus
2067 2487 2139 2517 Cor-

1133 2545 1276 2574 tusiensis
1291 2544 1410 2573 ordinis
1425 2541 1607 2572 facultatem
1623 2541 1769 2571 concedit
1784 2540 1897 2570 utendi
1914 2540 2093 2578 privilegiis
2112 2545 2141 2569 et

1131 2597 1346 2636 indulgentiis
1363 2596 1423 2626 sibi
1436 2604 1453 2625 a
1465 2595 1607 2625 romanis
1623 2594 1828 2633 pontificibus
1845 2593 2005 2623 concessis
2021 2593 2137 2632 quibus

1131 2655 1257 2690 propter
1278 2649 1515 2688 simplicitatem
1534 2648 1583 2677 vel
1601 2647 1685 2687 juris
1706 2646 1925 2685 ignorantiam
1945 2646 2138 2684 temporibus

1130 2703 1295 2734 retroactis
1317 2702 1369 2732 nsi
1383 2710 1448 2732 non
1465 2701 1602 2732 fuerint.

1173 2767 1188 2787 ε
1207 2757 1289 2787 Cum
1304 2756 1386 2786 sicut
1401 2764 1474 2785 ex...
1494 2771 1534 2778 -
1552 2755 1622 2784 Dat.
1640 2754 1725 2793 apud
1745 2753 2017 2787 Urbemveterem,
2038 2761 2071 2781 111
2089 2751 2141 2781 ka-

1131 2810 1243 2841 lendas
1258 2809 1452 2844 novembris,
1469 2816 1556 2838 anno
1575 2808 1678 2838 tertio.
1697 2820 1711 2834 »
1730 2807 1880 2846 (Poma,
1902 2805 2024 2844 23447.)

1207 2969 1324 2998 ’7574

1176 3052 1196 3059 ..
1216 3031 1349 3068 episcopo
1366 3028 1524 3067 spoletano
1549 3026 1678 3057 mandat
1701 3035 1740 3056 ne
1759 3034 1776 3055 a
1796 3025 1946 3055 fratribus
1970 3023 2136 3064 hospitalis

1643 2965 1770 2999 Orvieto⁷
1789 2965 1803 2991 3
1820 2964 1974 2990 novembre
1991 2963 2068 2990 1290.
