2393 3496
185 289 240 318 tto-2
938 285 1172 316 REGISTRES
1194 285 1249 314 DE
1272 285 1456 315 NICOLAS
1480 287 1534 316 IV.

188 364 254 382 >ius
273 353 408 392 episcopi
435 352 595 391 presentia
612 351 752 389 legitime
772 354 944 381 contestata
959 355 989 380 et
1003 351 1042 380 de
1060 351 1191 380 veritate

185 406 318 436 dicenda
338 406 414 435 hinc
439 406 514 435 iude
533 405 661 443 prestito
678 405 873 441 juramento,
892 404 1070 440 Antonius,
1092 404 1190 433 Nico-

185 459 253 488 laus
278 464 308 488 et
331 458 387 488 alii
413 457 560 487 monachi
578 456 748 494 supradicti
775 455 859 484 iuter
873 455 953 484 alias
966 456 1119 494 quasdam
1137 465 1191 485 ex-

184 512 342 550 ceptiones
365 519 470 540 coram
493 510 638 548 episcopo
661 508 802 546 predicto
824 517 1000 547 proponere
1024 518 1060 538 ac
1082 518 1134 539 eas
1157 509 1190 538 in

180 564 303 601 judicio
319 563 471 592 exhibere
496 565 671 596 curarunt,
695 561 842 590 videlicet
868 562 952 600 quod
977 561 1059 591 dicta
1079 562 1191 592 electio

185 626 240 654 per
273 615 513 654 impressionem
552 613 696 643 laicalem
737 619 765 642 et
805 614 981 644 secularem
1018 616 1190 653 potentiam

184 670 262 698 sacta
283 669 383 696 suerat
398 671 427 695 et
449 666 532 704 quod
556 665 640 694 idem
663 665 781 695 electus
806 671 874 705 post
891 675 982 696 snam
1001 667 1190 698 electionem

182 729 214 750 se
243 724 358 748 temere
380 718 653 747 administrationi
678 718 836 749 bonorum
862 720 1041 758 ingesserat
1061 729 1190 751 monas—

184 773 252 801 terii
282 772 460 800 memorati.
490 771 685 809 Objccerunt
711 773 807 802 etiam
838 773 873 802 in
900 782 1066 812 personam
1090 773 1191 812 ipsius

181 825 271 854 electi
297 824 433 862 quedam
460 824 598 853 crimina
623 829 652 854 et
675 825 828 857 desectus.
859 827 1065 857 Postmodum
1084 832 1190 857 autem

182 878 268 906 sactis
285 877 324 906 ab
341 883 475 915 utraque
491 882 577 915 parte
594 878 788 916 quibusdam
807 880 1021 918 positionibus
1037 881 1121 910 etad
1140 890 1192 911 eas

182 930 443 968 responsionibus
468 930 646 960 subsecutis
673 935 703 960 et
731 932 881 962 exhibitis
902 933 1063 971 articulis,
1090 936 1190 964 Anto-

180 983 253 1012 nius
278 988 308 1012 et
332 983 483 1013 Nicolaus
508 988 538 1013 et
561 984 616 1013 alii
639 985 771 1023 predicti
795 995 827 1014 se
843 995 861 1015 a
884 995 1015 1016 romana
1033 988 1122 1017 curia
1137 988 1191 1017 ab·

179 1040 362 1071 sentarnnt;
388 1039 428 1071 et,
454 1035 525 1065 licet
551 1036 634 1066 idem
657 1038 822 1076 episcopus
844 1039 927 1077 ipsos
946 1040 983 1068 ad
1002 1040 1191 1070 instantiam

179 1090 254 1118 dicti
274 1089 364 1119 electi
383 1089 500 1128 pluries
516 1094 546 1119 et
560 1091 766 1129 peremptorie
782 1091 872 1121 citari
886 1092 996 1123 fecerit
1010 1093 1042 1122 iu
1060 1094 1192 1124 audien-

180 1143 222 1172 tia
240 1142 384 1180 publica.
404 1147 437 1171 ut
453 1148 498 1172 est
515 1144 632 1177 moris,
651 1144 710 1182 ipsi
735 1148 841 1174 tamen
865 1145 914 1174 vel
934 1145 1052 1184 aliquis
1071 1156 1126 1185 pro
1147 1148 1192 1177 eis

179 1205 232 1225 sen
251 1196 358 1234 quivis
374 1195 456 1225 alius
472 1204 655 1234 comparere
671 1206 776 1226 coram
794 1197 876 1228 dicto
892 1198 1038 1237 episcopo
1059 1200 1091 1228 in
1112 1200 1192 1229 assi-

178 1249 284 1285 gnatis
302 1250 347 1278 eis
367 1249 511 1278 terminis
529 1257 589 1278 nou
610 1255 774 1285 curarunt,
787 1251 871 1280 dicto
888 1251 984 1282 electo
1001 1252 1035 1282 in
1055 1253 1192 1291 singulis

179 1302 325 1331 terminis
342 1307 545 1341 comparente
558 1312 593 1331 ac
607 1303 747 1341 ipsorum
762 1305 994 1335 contumatiam
1010 1312 1190 1337 accusante.

181 1354 284 1390 Unde,
303 1363 375 1383 cum
394 1355 456 1393 jam
477 1364 531 1393 per
548 1355 634 1391 long-*i
654 1356 803 1394 temporis
820 1358 957 1395 spatium
976 1359 1084 1389 nullus
1100 1369 1193 1398 appa-

179 1413 245 1437 reat
260 1409 313 1447 qui
333 1413 441 1437 contra
457 1408 563 1446 ipsum
583 1408 719 1438 electum
736 1418 865 1440 cansam
882 1411 1068 1449 hujusmodi
1083 1423 1191 1452 prose—

178 1466 308 1499 quatur,
330 1473 342 1488 n
360 1462 490 1490 mandat
506 1471 584 1500 papa
600 1463 746 1501 episcopo
765 1464 964 1495 Ferrariensi
987 1471 1019 1495 ut
1041 1476 1192 1505 persona-

178 1515 250 1545 liter
263 1515 302 1544 ad
322 1516 551 1544 monasterium
570 1516 745 1554 praefatum
769 1518 939 1555 accedens,
967 1529 1008 1549 an
1033 1521 1194 1559 praedicta

178 1568 288 1599 electio
310 1578 362 1607 per
381 1569 626 1607 impressionem
649 1570 793 1600 laicalem
815 1577 845 1601 et
867 1573 1062 1603 saecularem
1087 1579 1194 1613 poten-

179 1623 254 1651 tiam
275 1622 354 1651 sacta
371 1622 466 1651 suerit
482 1627 511 1651 et
527 1631 567 1651 an
584 1623 765 1662 praedictus
784 1625 902 1655 electus
918 1626 1193 1658 administrationi

179 1675 412 1713 praedictorum
430 1675 585 1705 bonorum
605 1686 637 1706 se
653 1677 837 1714 ingesserit,
857 1687 981 1708 necnon
1000 1679 1039 1709 de
1058 1690 1194 1718 persona

177 1728 265 1758 electi
284 1729 427 1767 inquirat
442 1729 621 1766 veritatem,
638 1735 669 1760 et
681 1731 763 1769 quod
781 1732 952 1770 superbiis
968 1734 1131 1764 invenerit
1143 1745 1194 1774 pa-

178 1790 235 1820 pae
262 1782 403 1818 intimet;
432 1782 570 1821 praefixo
594 1783 700 1812 eidem
721 1784 820 1814 electo
838 1788 867 1814 et
888 1785 1040 1816 omnibus
1062 1788 1116 1826 qui
1136 1797 1194 1818 sua

178 1835 372 1863 crediderint
388 1834 541 1864 interesse
559 1836 698 1866 termino
713 1845 775 1876 quo
793 1838 1005 1876 personaliter
1022 1841 1194 1878 apostolico

178 1897 210 1917 se
226 1889 409 1926 conspectui
428 1893 642 1927 praesentent.

220 1953 233 1967 ιι
253 1941 393 1971 Vacante
411 1942 533 1971 dudum
550 1944 782 1976 monasterio...
800 1962 838 1966 —
862 1946 932 1976 Dat.
951 1947 1035 1986 apud
1052 1948 1192 1979 Urbem-

177 1998 327 2031 veterem,
346 2004 378 2023 111
395 1994 467 2024 idus
484 1997 684 2033 septembris.
703 2006 789 2028 anno
805 2003 928 2038 quarto.
950 2012 964 2027 »

248 2193 368 2222 5384

214 2255 362 2287 Quoddam
378 2257 496 2291 capituli
510 2258 648 2286 Metensis
663 2264 803 2288 statutum
815 2267 921 2290 cassat.
937 2264 1019 2297 (Reti.
1033 2266 1075 2301 46,
1089 2276 1114 2294 c.
1129 2268 1188 2300 471,

178 2304 196 2328 l'v
215 2304 247 2329 ¹³2
265 2305 312 2336 νυ.)

682 2198 811 2234 Orvieto‚
829 2200 843 2226 3
859 2203 1023 2236 septembre
1041 2203 1118 2231 1291.

220 2420 262 2449 Act
288 2426 466 2458 perpetuam
494 2425 538 2453 rei
561 2427 753 2456 memoriam.
785 2439 798 2454 ιι
828 2427 910 2458 Cum
940 2440 976 2460 ex
1007 2432 1190 2470 injuncto...

182 2473 230 2501 Ad
248 2474 446 2504 audientiam
470 2476 627 2515 siquidem
650 2484 791 2510 nostram
814 2484 959 2520 pervenit
984 2486 1070 2523 quod
1092 2510 1112 2516 ..
1137 2488 1193 2518 de-

179 2535 278 2556 canus
294 2532 324 2556 et
346 2529 522 2567 capitulum
546 2532 699 2562 Metensis
719 2535 868 2574 ecclesie,
893 2539 1028 2577 propriis
1051 2542 1192 2572 comodis

179 2579 330 2616 iniantes,
342 2582 518 2613 temeritate
528 2586 651 2624 propria
662 2591 841 2619 statuerunt
851 2594 880 2619 et
889 2591 899 2629 j
908 2598 1073 2623 uramento
1089 2594 1193 2625 firma·

179 2638 255 2663 runt
269 2634 352 2673 quod
369 2635 477 2675 aliquo
498 2638 641 2676 ipsorum
658 2642 896 2674 contradicente
916 2646 1041 2676 nemini
1058 2648 1194 2686 preben—

179 2687 251 2715 dam
273 2687 312 2717 de
329 2696 410 2718 novo
426 2689 544 2720 ibidem
563 2692 676 2732 adepto
696 2692 854 2726 cotidiane
878 2697 1122 2730 distributiones
1142 2712 1194 2732 va-

179 2739 266 2769 leant
287 2741 484 2780 ministrari,
509 2745 658 2784 qnodque
683 2747 790 2777 nullus
810 2751 970 2788 prebende
997 2762 1052 2783 sue
1074 2754 1194 2785 fructus

181 2793 342 2832 percipiat,
368 2795 435 2825 nisi·
449 2797 536 2835 prins
556 2798 582 2827 ei
600 2799 843 2833 distributiones
865 2803 1050 2843 hujusmodi
1069 2817 1124 2846 per
1140 2809 1195 2839 de-

179 2851 303 2884 putatos
317 2856 412 2886 super
429 2849 486 2879 hoc
502 2851 542 2879 ab
554 2851 622 2889 ipso
636 2854 774 2891 capitulo
791 2856 908 2886 suerint
923 2858 1113 2891 ministrate.
1130 2861 1196 2891 Ilu-

175 2899 318 2936 jusmodi
336 2905 442 2931 antem
460 2905 626 2934 occasione
641 2907 761 2942 statuti,
784 2908 944 2947 aliquibus
963 2912 1002 2941 de
1022 2913 1090 2951 ipso
1108 2915 1195 2953 capi-

179 2952 244 2982 tnlo
259 2962 291 2983 se
308 2956 543 2993 opponentibus
561 2959 795 2996 provisionibus
811 2964 1086 3003 quamplurimum
1106 2967 1195 2998 sactis

1274 350 1333 379 sibi
1349 350 1415 388 (sic)
1431 352 1616 381 anctoritate
1632 351 1804 390 apostolica
1821 352 1852 381 in
1868 351 1938 391 ipsa
1953 352 2086 382 ecclesia
2099 352 2139 382 de
2153 354 2286 384 canoni-

1273 403 1396 432 catibus
1421 408 1451 432 et
1473 403 1658 442 prebendis,
1687 403 1788 434 iidem
1805 404 1946 434 decanus
1961 409 1991 434 et
2009 404 2183 443 capitulum
2202 406 2286 436 sruc-

1274 459 1324 484 tus
1340 455 1524 485 earumdem
1543 456 1777 494 prebendarum
1800 466 1854 495 per
1872 465 1933 487 non
1952 457 2114 487 modicum
2137 459 2286 497 temporis

1274 508 1411 546 spatium
1431 509 1585 538 hactenns
1602 513 1813 548 perceperunt
1828 514 1858 539 et
1871 510 1977 539 adbuc
1996 510 2157 549 percipere
2177 510 2285 542 dinos—
2332 534 2335 537 .
2359 535 2362 538 .
2379 543 2381 546 ,

1273 565 1401 597 cuntur,
1420 561 1616 599 denegantes
1631 561 1808 591 cotidianas
1828 561 2069 592 distributiones
2093 562 2210 592 talibus
2225 564 2286 594 mi-
2329 573 2335 593 ,’

1274 614 1429 648 nistrare,
1457 619 1580 653 propter
1607 615 1690 654 quod
1716 624 1771 653 per
1794 620 1976 645 executores
2001 624 2095 654 super
2121 615 2178 646 hoc
2199 617 2244 646 eis
2269 625 2287 646 a

1274 667 1348 697 sede
1365 667 1536 706 apostolica
1552 668 1718 707 deputatos
1734 668 1767 697 in
1785 668 1911 698 eosdem
1936 668 2092 698 decanum
2118 673 2149 698 et
2165 669 2286 708 capitu·
2315 683 2320 714 ⁴,

1274 719 1341 749 lum
1362 724 1392 750 et
1414 729 1524 750 eorum
1546 721 1693 759 singulos
1714 730 1838 752 necnon
1860 726 1890 752 et
1914 723 2087 761 predictam
2112 723 2288 753 Metensem

1275 774 1439 804 ecclesiam
1458 774 1584 804 diverse
1603 779 1677 805 sunt
1694 776 2050 811 excommunicationis.
2069 776 2288 815 suspensionis

1274 832 1303 856 et
1320 827 1484 857 interdicti
1500 828 1660 858 sententie
1680 828 1890 867 promulgate,
1909 829 2017 868 sicque
2034 829 2174 867 predicta
2189 828 2287 860 eccle-

1275 880 1323 909 sia
1343 885 1468 919 propter
1483 881 1542 910 hoc
1560 881 1721 911 defectum
1738 882 1932 912 sustinuisse
1949 882 2127 912 dinoscitur
2145 891 2208 912 non
2223 891 2289 913 mo-

1275 934 1383 963 dicum
1402 934 1434 963 in
1452 934 1584 970 divinis,
1601 943 1675 964 cum
1694 944 1712 965 a
1727 935 1822 973 longo
1839 939 1979 974 tempore
1994 935 2075 965 citra
2092 935 2290 974 Frequentius

1274 988 1318 1017 ibi
1337 988 1394 1018 bac
1412 988 1449 1017 de
1468 997 1561 1017 causa
1577 993 1734 1018 cessatum
1758 989 1898 1019 extiterit
1915 998 1933 1018 a
1956 989 2076 1018 divinis
2099 998 2196 1028 qnam
2219 989 2290 1019 fue-

1276 1042 1341 1070 rint
1357 1042 1436 1070 inibi
1457 1051 1509 1080 per
1528 1041 1655 1071 eosdem
1672 1042 1829 1072 decanum
1852 1047 1882 1072 et
1900 1042 2075 1081 capitulum
2097 1043 2204 1072 divina
2221 1042 2291 1073 offi-

1276 1096 1324 1125 cia
1351 1095 1518 1125 celebrata.
1554 1094 1694 1125 Dilectus
1722 1104 1848 1134 quoque
1878 1095 1963 1125 filins
1996 1095 2164 1126 Johannes
2186 1095 2292 1126 dictus

1276 1149 1467 1185 Avemaria,
1491 1148 1665 1178 canonicus
1685 1148 1861 1185 Metensis,
1891 1148 2075 1187 capellanus
2099 1149 2206 1179 dilecti
2230 1148 2292 1179 filii

1278 1202 1377 1232 nostri
1397 1202 1444 1236 R,
1464 1203 1573 1231 Sancti
1590 1201 1715 1231 Nicolai
1731 1202 1764 1231 in
1781 1202 1915 1232 Carcere
1927 1202 2077 1233 Tulliano
2088 1202 2291 1232 diaconicar-

1277 1254 1416 1290 dinalis‚
1445 1259 1475 1284 et
1500 1254 1651 1285 nonnulli
1682 1254 1738 1284 alii
1770 1255 1919 1285 canonici
1948 1255 2091 1292 ejusdem
2119 1255 2290 1286 ecclesie...

1276 1307 1496 1347 querimonias
1514 1317 1608 1346 super
1625 1308 1683 1338 boc
1700 1308 1884 1346 Frequenter
1901 1308 2019 1338 nostris
2034 1309 2168 1339 auribus
2183 1308 2292 1338 incul-

1275 1366 1425 1395 carunt...
1454 1361 1519 1391 Nos
1539 1361 1676 1399 igitur...
1701 1361 1822 1391 dictum
1847 1365 1999 1391 statutum
2024 1367 2055 1391 et
2075 1361 2232 1400 quicquid
2254 1369 2292 1391 ex

1276 1423 1313 1445 eo
1328 1420 1472 1444 secutum
1489 1419 1535 1444 est
1553 1414 1602 1444 vel
1620 1415 1659 1445 ob
1676 1415 1792 1453 ipsum,
1812 1415 1909 1444 etiam
1926 1415 1952 1444 si
1972 1424 2067 1454 super
2088 1415 2147 1444 hoc
2164 1415 2199 1444 iu
2216 1422 2292 1444 nos-

1277 1473 1324 1498 tra
1334 1467 1425 1498 curia
1438 1467 1487 1498 vel
1500 1467 1576 1497 alibi
1590 1476 1696 1497 coram
1712 1468 1824 1507 quovis
1839 1468 1982 1498 auditore
1994 1478 2048 1498 seu
2060 1467 2187 1507 Jeudice
2199 1475 2293 1506 ques-

1279 1523 1320 1552 tio
1350 1522 1539 1557 ventiletur,
1568 1521 1788 1552 annullamus.
1823 1522 1979 1552 Volumus
2010 1527 2116 1552 autem
2144 1521 2230 1560 quod
2251 1521 2290 1556 si,

1278 1576 1391 1614 majori
1408 1581 1438 1605 et
1456 1575 1577 1605 saniori
1597 1580 1681 1614 parte
1699 1575 1831 1614 predicti
1855 1574 1986 1613 capituli
2005 1574 2142 1614 alicujus
2163 1574 2213 1604 vel
2230 1574 2291 1604 ali-

1277 1638 1414 1668 quorum
1433 1629 1631 1668 provisiones
1651 1629 1747 1659 factas
1764 1629 1812 1658 vel
1826 1629 1988 1658 faciendas
2000 1629 2035 1658 in
2051 1629 2135 1658 dicta
2145 1627 2291 1666 ecclesia,

1277 1687 1312 1712 ut
1328 1683 1517 1721 predicitur,
1535 1682 1746 1721 approbante,
1765 1683 1873 1712 minor
1885 1691 1955 1721 pars
1973 1683 2073 1720 ipsius
2089 1681 2220 1721 capituli
2235 1690 2293 1712 seu

1277 1737 1372 1766 etiam
1391 1745 1476 1765 unus
1490 1745 1525 1766 ex
1547 1736 1594 1765 eis
1618 1745 1650 1765 se
1671 1736 1857 1775 hujusmodi
1880 1728 2119 1774 provisionibus
2142 1736 2295 1766 duxerint

1276 1790 1499 1830 opponendOS,
1519 1789 1570 1819 illi
1586 1790 1704 1829 quibus
1723 1789 1828 1820 taliter
1850 1790 2010 1829 provisum
2034 1790 2132 1819 fuerit
2155 1789 2294 1820 nullate-

1278 1853 1338 1874 nus
1362 1854 1417 1882 per
1443 1844 1501 1873 hoc
1520 1843 1647 1873 valeant
1664 1842 1818 1881 impediri
1835 1843 2010 1882 quominus
2025 1843 2146 1872 fructus
2162 1850 2294 1872 suarum

1277 1899 1402 1936 integre
1425 1897 1603 1937 percipiant
1627 1896 1879 1936 prebendarum;
1896 1897 2093 1936 oppositores
2110 1901 2215 1926 tamen
2231 1895 2295 1927 hu-

1273 1952 1415 1991 jusmodi
1445 1950 1692 1990 appellationes,
1723 1951 1749 1980 si
1779 1958 1859 1989 quas
1875 1959 1908 1979 se
1927 1950 2158 1989 interposuisse
2179 1948 2244 1989 (sic)
2259 1957 2295 1979 ac

1275 2005 1364 2035 aliud
1378 2006 1431 2043 jus
1447 2005 1531 2043 quod
1545 2004 1605 2033 sibi
1620 2008 1798 2043 competere
1816 2004 2012 2033 asseruerint
2029 2003 2129 2033 libere
2147 2007 2296 2043 poterunt

1275 2058 1427 2098 prosequi
1443 2063 1553 2088 contra
1566 2066 1630 2088 eos.
1644 2057 1734 2093 Quod
1750 2057 1776 2087 si
1795 2057 1952 2096 prefatum
1969 2056 2144 2096 capitulum
2164 2056 2213 2087 vel
2226 2066 2294 2088 ma-

1273 2113 1323 2152 j0r
1339 2121 1410 2150 pars
1426 2111 1527 2151 ipsius
1552 2110 1699 2149 predictis
1724 2110 1959 2149 oppositoribus
1981 2110 2115 2149 prefatas
2138 2110 2294 2149 provisio-

1277 2175 1333 2204 nes
1349 2166 1394 2195 sic
1407 2164 1674 2203 impugnantibus
1686 2164 1816 2193 forsitan
1831 2163 2028 2193 adheserunt
2043 2163 2092 2193 vel
2106 2163 2187 2193 alias
2199 2171 2296 2203 super

1276 2220 1336 2249 hoc
1352 2228 1385 2249 se
1400 2223 1628 2257 opposuerunt,
1648 2217 1852 2256 impediendo
1867 2222 2006 2256 pretextu
2024 2216 2099 2246 dicti
2118 2216 2227 2246 statuti
2242 2225 2295 2247 eos

1275 2273 1392 2312 quibus
1407 2272 1484 2302 tales
1507 2271 1707 2310 provisiones
1727 2271 1808 2301 facte
1831 2270 1951 2300 suerint
1973 2279 2014 2299 ne
2039 2270 2160 2299 fructus
2175 2265 2207 2299 et
2223 2277 2294 2308 pro-

1276 2330 1390 2356 ventus
1406 2334 1537 2355 suarum
1552 2325 1713 2364 percipere
1728 2323 1856 2353 valeant
1872 2322 2119 2362 prebendarum‚
2138 2328 2169 2352 et
2181 2322 2243 2353 hac
2255 2322 2295 2353 de

1277 2390 1372 2411 cansa
1385 2380 1505 2410 dictum
1522 2378 1697 2417 capitutum
1714 2387 1769 2407 seu
1787 2378 1939 2416 majorem
1959 2382 2079 2416 partem
2096 2377 2196 2416 ipsius
2210 2385 2294 2407 ace-

1276 2435 1452 2464 lebratione
1468 2433 1655 2463 divinorum
1675 2433 1708 2462 iu
1728 2432 1796 2471 ipsa
1819 2430 1952 2462 ecclesia
1969 2439 2092 2461 cessare
2111 2430 2292 2469 continget,

1276 2488 1419 2528 quandiu
1434 2488 1479 2517 sic
1491 2496 1507 2516 a
1521 2486 1734 2517 celebratione
1751 2485 1893 2524 ipsorum
1911 2484 2095 2514 divinorum
2112 2483 2295 2521 cessabunt,

1278 2541 1379 2571 nichil
1396 2541 1433 2570 de
1450 2540 1645 2575 redditibus,
1664 2538 1874 2578 proventibus
1891 2537 1941 2567 vel
1957 2536 2208 2568 obventionibus
2225 2545 2295 2576 pre-

1277 2595 1358 2625 dicte
1376 2594 1529 2624 Metensis
1543 2592 1676 2623 ecclesie
1693 2592 1834 2631 recipere
1852 2591 2078 2631 quoquomodo
2098 2595 2294 2630 presumant,

1278 2653 1452 2679 statuentes
1468 2647 1552 2687 quod
1567 2647 1594 2677 si
1608 2655 1718 2677 eorum
1738 2646 1841 2685 aliqui
1853 2650 1961 2676 contra
1978 2645 2111 2676 fecerint
2123 2645 2297 2684 quicquam

1279 2701 1482 2741 percipiendo
1497 2701 1535 2730 de
1550 2700 1740 2736 redditibnS,
1758 2699 1965 2739 proventibus
1983 2697 2031 2727 vel
2047 2697 2296 2728 obventionibus

1279 2755 1484 2795 supradictis,
1502 2755 1585 2784 infra
1609 2763 1752 2783 mensem
1775 2762 1793 2782 a
1816 2752 1868 2783 die
1891 2751 2082 2791 receptionis
2107 2751 2296 2791 hujusmodi

1281 2814 1460 2844 teneantur,
1481 2807 1570 2837 nulla
1587 2817 1681 2846 snper
1695 2807 1753 2837 boc
1769 2806 1832 2835 alia
1848 2805 2026 2835 monitione
2039 2804 2205 2843 premissa,
2222 2803 2298 2835 dare

1280 2862 1412 2901 duplum
1440 2861 1529 2891 illins
1552 2860 1635 2900 quod
1658 2861 1702 2890 sic
1724 2864 1884 2898 receptum
1908 2858 2002 2888 suerit
2026 2857 2143 2887 fabrice
2166 2856 2298 2888 ecclesie

1282 2920 1465 2955 memorate.
1480 2914 1571 2951 Quod
1589 2914 1615 2944 si
1633 2922 1696 2943 uon
1715 2913 1859 2948 fecerint,
1879 2920 1896 2941 a
1913 2910 2114 2950 perceptione
2134 2910 2296 2940 fructuum

1282 2969 1516 3008 prebendarum
1535 2976 1667 2998 suarum
1689 2975 1742 3005 per
1761 2965 1936 2996 triennium
1954 2965 2016 2994 sint
2034 2964 2202 3003 suspensi,
2221 2967 2252 2994 et
2269 2963 2298 2993 si
