2393 3496
226 315 285 346 998
979 315 1214 346 REGISTRES
1236 316 1290 344 DE
1313 315 1496 345 NICOLAS
1520 317 1574 346 IV.

227 382 367 408 ecclesiae
378 386 495 408 centurn
507 386 532 407 ct
545 382 642 407 tlt-com
656 382 742 408 libras
756 386 941 407 ravennatum
954 382 1055 408 solvat.
1069 380 1180 414 (Forte
1190 386 1215 406 r⁰
1229 392 1233 409 ·.

227 430 345 463 ΡοττΗ.,
363 430 471 463 2345113.)

267 533 384 561 Dilectis
397 533 473 569 filiis
487 553 506 560 ..
523 533 648 560 consitio
664 537 689 560 ct
706 533 862 561 communi
877 533 968 561 castri
985 533 1090 562 Sancti
1107 533 1232 569 Genesii,

226 585 448 614 Camerinensis
463 585 596 614 diocesis.

266 649 279 663 ιι
306 637 438 666 Sincere
458 636 635 666 devotionis
657 637 825 668 affectus...
842 654 881 660 —
900 639 971 668 Dat.
996 639 1077 678 apud
1098 639 1233 669 Urbem-

224 694 378 726 veterem‚
397 693 454 719 etc.
474 702 487 716 n

294 854 409 883 ’7308

258 916 441 944 patriarchae
456 918 649 954 Aquilegensi
666 919 781 946 mandat
798 928 832 946 ne
853 921 996 955 permittat
1015 921 1147 947 subditos
1162 930 1232 948 suos

220 966 282 992 sivo
293 966 320 992 in
331 970 406 992 terra
415 967 476 994 sive
486 968 514 993 in
526 968 597 994 mari
607 967 686 995 cives
694 968 1081 997 Anchonitanosmolestare.
1094 969 1134 1002 (F.
1143 971 1174 997 53
1183 972 1232 1004 vo.)

714 856 842 888 Orvieto,
858 857 891 884 '27
909 858 1063 884 novembre
1083 858 1158 885 1390.

267 1069 433 1099 Venerabili
447 1071 543 1106 fratri
561 1093 580 1101 ..
600 1071 774 1108 patriarche
791 1071 997 1109 Aquiteyensi.

261 1135 274 1149 u
292 1122 405 1152 Gravis
420 1123 459 1152 ad
475 1131 568 1153 nos...
590 1140 628 1145 —
644 1124 729 1162 Dat.,
747 1129 805 1154 etc.
825 1137 838 1151 ι,

290 1288 405 1317 ἵ3θ9

254 1349 378 1377 plebano
394 1351 429 1377 de
446 1351 568 1378 Astiano
585 1352 701 1379 mandat
716 1356 747 1379 ut
762 1354 931 1389 episcopum
944 1358 971 1381 et
982 1354 1091 1381 clerum
1104 1356 1229 1382 civitatis

735 1289 862 1325 Orvieto,
880 1291 895 1318 9
909 1291 1060 1319 decembre
1081 1293 1157 1320 1290.

218 1404 245 1426 et
261 1399 404 1427 dioecesis
420 1401 557 1428 Aretinae
573 1402 725 1437 compellat
735 1403 769 1429 ad
782 1403 1023 1430 contribuendum
1035 1413 1101 1431 cum
1116 1405 1228 1432 clericis

216 1449 251 1476 de
276 1449 519 1485 Montepuliciano
544 1451 572 1477 in
597 1452 848 1486 procurationibus
873 1454 982 1480 nuntiis
1008 1457 1035 1479 et
1060 1455 1228 1481 cursoribus

215 1500 390 1534 apostolicae
406 1499 485 1526 sedis
501 1500 616 1528 debitis.
633 1500 703 1535 (Fol.
722 1502 754 1528 54
770 1503 818 1536 r0.)

257 1600 377 1640 [Dilecto
399 1602 464 1639 filio
481 1626 500 1632 ..
520 1604 648 1640 plebano
666 1604 771 1643 plebis]
793 1605 826 1634 tle
850 1605 994 1642 Astiano,
1019 1608 1140 1636 Aretine
1159 1608 1226 1636 dio-

214 1663 296 1685 CCSIS.

256 1719 269 1733 α
291 1707 340 1736 Ad
357 1707 554 1738 audientiam
572 1714 751 1740 nostram...
770 1728 808 1732 —
826 1711 896 1741 Dat.
915 1712 998 1750 apud
1016 1712 1224 1743 Urbemvete-

218 1769 298 1797 rem,
315 1771 335 1790 v
350 1761 422 1791 idus
438 1763 625 1801 decembris,
643 1773 729 1795 auno
747 1765 848 1795 tertio.
873 1778 885 1791 n

289 1927 405 1956 ‘2310

251 1988 457 2024 Anconitanis,
474 1991 580 2025 quibus
597 1992 631 2018 ail
646 1996 762 2027 portum
783 1994 973 2029 reparandum
993 1996 1092 2029 gravia
1113 1997 1228 2023 incum-

215 2037 287 2064 bunt
302 2046 402 2070 onera,
421 2040 552 2067 concedit
569 2045 614 2072 ut,
632 2041 655 2067 si
678 2050 817 2077 personae
834 2051 906 2077 quae
925 2043 1045 2070 durante
1061 2044 1134 2071 bello
1154 2045 1227 2080 ipsis

215 2086 322 2120 aliquid
350 2087 551 2123 subrepserint
577 2098 643 2116 cum
674 2091 716 2117 eis
745 2100 796 2126 pro
825 2096 905 2126 parte
931 2093 1098 2120 satisfacere
1125 2094 1225 2125 velint,

213 2134 279 2162 illae
294 2136 328 2162 ad
344 2137 555 2165 restitutionem
572 2139 680 2166 residui
697 2148 752 2167 non
770 2144 931 2168 teneantur.
949 2141 1020 2175 (Fol.
1037 2143 1069 2170 54
1087 2145 1132 2177 ΓΟ.)

733 1930 860 1963 Orvieto,
878 1932 893 1958 9
909 1931 1060 1959 decembre
1078 1933 1154 1960 1290.

256 2240 374 2269 Dilectis
393 2241 467 2277 filiis
491 2264 511 2270 ..
530 2244 688 2279 potestati,
716 2245 842 2274 consilio
866 2250 891 2274 et
914 2247 1072 2275 communi
1097 2247 1227 2276 Anconi-

216 2294 309 2322 tanis.

257 2357 270 2372 «
290 2345 438 2384 Exliibita
454 2347 546 2378 nobis
561 2357 636 2378 ex...
654 2366 692 2372 —
708 2350 793 2387 Dat.,
811 2356 867 2382 etc.
890 2364 903 2379 ι)

286 2513 402 2541 '7311

249 2576 395 2612 Raynerio
412 2576 447 2603 de
462 2577 576 2605 Casulis
591 2579 707 2606 mandat
723 2583 754 2606 ut
774 2580 808 2607 ad
828 2581 973 2608 civitatem
990 2581 1223 2609 Beneventanum

213 2633 245 2652 se
261 2625 423 2656 conferens,
435 2625 561 2661 inquirat
575 2627 609 2654 de
626 2628 841 2656 conditionibus
856 2634 882 2657 et
898 2630 991 2657 modis
1002 2631 1108 2665 quibus
1123 2631 1224 2658 civitas

212 2675 260 2703 illa
278 2678 432 2710 antequam
455 2684 471 2702 a
488 2674 640 2703 Frederico
664 2678 836 2712 imperatore
859 2679 1082 2714 depopularetur
1102 2684 1130 2707 et
1150 2684 1224 2707 tem-

212 2732 281 2760 pore
297 2723 453 2750 Clementis
469 2723 544 2751 1111¹i
561 2725 721 2759 gubernata
737 2730 824 2754 esset.
842 2727 914 2761 (Fol.
930 2728 962 2755 54
979 2730 1024 2760 r0.)

716 2516 841 2550 Orvieto,
857 2518 890 2545 ‘23
905 2518 1057 2545 decembre
1075 2520 1153 2547 1‘290.

253 2827 364 2856 Dilecto
391 2827 456 2864 filio
483 2827 629 2865 maytstro
659 2829 809 2867 Raynerto
838 2831 873 2860 de
901 2830 1040 2866 Castalis,
1069 2832 1223 2869 capellano

211 2884 326 2909 nostro.

254 2944 268 2959 «
285 2933 332 2963 De
348 2932 584 2964 conditionibus
600 2938 667 2965 et...
684 2950 724 2957 —
739 2935 810 2965 Dat.
833 2937 916 2974 apud
942 2937 1220 2974 Urbemveterem,

213 2997 230 3016 x
248 2987 402 3019 kalendas
417 2989 576 3028 januarii,
594 2989 799 3029 pontificatus
816 2992 914 3021 nostri
931 3001 1017 3023 anuo
1036 2993 1137 3025 tertio.
1157 3005 1170 3020 n

1392 381 1470 409 ’7:3¹
1480 382 1506 409 2
2032 382 2158 416 Ori-icto,
2180 383 2254 412 1290.

1356 442 1408 475 It,
1426 443 1523 469 comiti
1550 444 1745 477 Atrebatensi‚
1765 444 1879 470 mandat
1895 448 1925 470 ut
1945 452 1996 470 sex
2021 444 2107 470 millia
2122 448 2322 481 castratorum,
2370 430 2371 450 ³

1320 491 1372 516 tria
1389 491 1475 517 millia
1492 500 1643 526 porcorum
1657 497 1684 519 et
1695 492 1925 527 quadringentos
1937 492 2025 519 boves
2036 496 2064 519 et
2077 501 2188 523 vaccas.
2201 502 2250 529 pro
2264 495 2324 524 suis
2370 499 2372 524 1

1319 541 1451 574 coquinis
1469 541 1494 567 in
1514 549 1602 575 reguo
1619 542 1732 568 Siciliae
1749 545 1855 576 empta,
1874 541 1908 568 ab
1923 541 2000 568 omni
2019 542 2167 569 exactione
2182 543 2225 569 vel
2241 543 2324 578 peda-

1319 589 1365 622 gio
1382 589 1547 616 liberentur.
1566 590 1636 623 (Fol.
1656 591 1686 616 54
1704 592 1754 623 vo.)

1359 691 1480 730 [Dilecto
1503 694 1567 729 filio
1595 694 1690 722 nobiti
1708 695 1775 722 viro
1798 694 1843 729 st,
1867 694 1971 722 comiti
1990 694 2195 730 Atrebatcnsi‚
2215 698 2240 722 et
2260 703 2323 725 una

1317 752 1385 773 cum
1405 745 1571 775 venerabili
1591 747 1690 782 fratre
1708 751 1810 775 nostro
1831 747 1874 782 G.,
1893 747 2024 785 episcopo
2043 745 2200 775 Sabinensi
2213 769 2220 783 ,
2237 755 2320 784 apos-

1318 799 1403 827 tolice
1416 799 1494 827 sedis
1515 800 1609 835 leyato
1621 823 1627 835 ‚
1645 801 1745 837 bajulo
1766 801 1852 837 reyni
1871 799 1976 829 Sicilie
1989 808 2042 837 per·
2056 808 2216 828 romanam
2236 800 2321 830 eccle·

1316 853 1393 880 sium
1411 853 1595 889 constituto}

1359 917 1371 930 α
1391 904 1472 934 Cum
1489 905 1623 935 dilectus
1640 905 1761 935 filius...
1783 918 1796 931 1>
1813 905 1869 944 (1).

1387 1098 1506 1126 5313
1814 1098 1940 1131 Orvieto,
1956 1098 1990 1125 ‘23
2007 1097 2158 1125 decembre
2176 1097 2251 1125 1290.

1350 1161 1562 1203 Narniensibus
1594 1161 1708 1187 mandat
1738 1170 1771 1187 ue
1800 1161 1867 1195 quid
1896 1164 1995 1187 contra
2023 1165 2150 1187 castrum
2178 1160 2321 1190 Mirandae

1314 1214 1434 1236 tentent.
1453 1209 1524 1243 (Ful.
1544 1210 1574 1236 54
1592 1211 1642 1242 νο.)

1354 1313 1472 1341 Dilectis
1493 1313 1569 1349 filiis
1589 1335 1608 1342 ..
1624 1314 1774 1350 potestati,
1796 1313 1923 1341 consilio
1944 1317 1970 1341 ct
1992 1314 2150 1342 communi
2169 1312 2320 1343 Narnien-

1312 1366 1403 1395 sibus.
1424 1378 1436 1391 u
1459 1366 1498 1394 Ex
1516 1366 1600 1395 farne
1616 1365 1768 1395 relatibus
1784 1365 1915 1395 aui-ilius
1932 1365 2052 1396 nostris
2069 1365 2253 1404 frequenter
2267 1359 2329 1396 in·-

1312 1420 1419 1450 sonuit
1438 1419 1521 1458 quod
1543 1428 1613 1456 vos,
1636 1420 1748 1449 vestris
1770 1419 1890 1449 finibus
1914 1427 1977 1449 non
1996 1419 2153 1455 contenti,
2172 1418 2212 1449 ad
2229 1427 2320 1451 occu·

1311 1473 1452 1512 pandum
1470 1478 1500 1502 et
1515 1473 1735 1502 invadendum
1751 1472 1947 1502 territorium
1959 1473 2053 1502 castri
2068 1472 2224 1509 Mirande,
2236 1472 2320 1511 quod

1311 1525 1349 1555 ad
1371 1534 1427 1555 nos
1451 1530 1480 1555 et
1498 1534 1665 1555 romanam
1689 1525 1855 1555 ecclesiam
1879 1526 2015 1564 pertinet
2034 1525 2230 1564 plenojure,
2251 1534 2319 1557 ma—

1312 1588 1372 1608 nus
1396 1583 1515 1608 vestras
1540 1579 1728 1615 extenditis,
1753 1588 1811 1608 nec
1831 1578 2015 1617 permittitis
2037 1578 2247 1609 castellanum
2266 1587 2320 1619 per

1311 1641 1370 1663 nos
1401 1632 1482 1661 inibi
1513 1640 1568 1670 pro
1595 1632 1705 1662 eadem
1735 1632 1867 1662 ecclesia
1898 1632 2084 1672 deputatum
2115 1637 2144 1662 et
2173 1631 2320 1663 homines

1311 1685 1455 1724 ejusdem
1477 1686 1572 1715 castri
1596 1685 1715 1715 dictum
1741 1685 1938 1715 territorium
1959 1685 2090 1724 pacifice
2109 1685 2268 1724 possidere
2285 1693 2320 1716 ac

1311 1739 1435 1768 tructus
1461 1739 1585 1776 integre
1605 1739 1766 1777 percipere
1785 1748 1820 1768 ex
1842 1739 1965 1768 eodem.
1985 1738 2067 1768 Cum
2092 1738 2217 1777 itaque,
2241 1738 2321 1769 sicut

1312 1801 1366 1822 vos
1386 1792 1484 1821 latere
1501 1800 1565 1821 non
1581 1791 1757 1829 credimus,
1776 1791 1879 1822 felicis
1899 1791 2132 1822 recordationis
2147 1791 2320 1830 Gregorius

1313 1854 1391 1884 papa
1408 1845 1547 1881 VIIIIUS,
1567 1845 1769 1883 predecessor
1785 1849 1902 1881 noster,
1919 1853 1955 1874 ac
1970 1853 2026 1874 nos
2040 1845 2241 1884 postmodum
2257 1844 2321 1875 dio-

1313 1903 1379 1928 tum
1398 1902 1552 1935 castrum,
1573 1907 1644 1928 cum
1659 1899 1785 1936 juribus
1803 1903 1832 1928 et
1851 1898 2052 1937 pertinentiis
2076 1899 2154 1936 suis,
2172 1897 2320 1929 videlicet

1312 1961 1413 1990 usque
1436 1952 1474 1981 ad
1502 1957 1623 1990 petram
1652 1953 1840 1991 posatoriam
1863 1956 1893 1982 et
1917 1952 2053 1982 sormam
2075 1952 2320 1991 Interampneu-

1311 2014 1391 2042 sem,
1416 2004 1530 2035 collem
1558 2005 1596 2034 de
1623 2005 1769 2043 Majano.
1795 2005 1910 2034 vallem
1938 2005 1976 2035 de
1997 2005 2122 2044 Caprile
2146 2013 2182 2035 ac
2208 2004 2320 2044 pedem

1311 2058 1462 2098 Schoppli
1478 2059 1670 2095 emerimus,
1689 2068 1753 2088 non
1771 2059 1895 2089 modico
1911 2063 2039 2098 propter
2054 2058 2114 2089 hoc
2134 2058 2235 2097 pretio
2251 2067 2320 2097 per-

1311 2112 1427 2150 soluto,
1455 2121 1513 2142 uec
1540 2112 1748 2142 intendamus
1773 2113 1847 2151 jura
1874 2112 2019 2151 ejusdem
2042 2111 2174 2143 ecclesie
2197 2112 2232 2141 in
2261 2112 2320 2143 hac

1309 2171 1397 2205 parte
1413 2166 1593 2204 negligere,
1612 2166 1668 2204 qui
1683 2166 1821 2195 aliarum
1837 2166 2043 2196 ecclesiarum
2061 2171 2228 2196 teneamur
2246 2173 2318 2205 pos-

1310 2219 1469 2250 sessiones
1485 2224 1515 2249 et
1529 2221 1602 2258 jura
1619 2228 1655 2249 ex
1670 2220 1817 2258 injuncto
1831 2219 1922 2250 nobis
1937 2219 2130 2258 apostolatus
2145 2219 2249 2254 officio
2265 2219 2319 2249 de-

1309 2273 1451 2308 fensare,
1480 2273 1680 2302 universitati
1706 2278 1808 2303 vestre
1836 2272 1895 2302 sub
1920 2281 2002 2311 pena
2024 2272 2168 2312 quinque
2193 2271 2319 2302 milium

1309 2334 1491 2355 marcarum
1503 2327 1639 2363 argenti,
1654 2334 1750 2364 quam
1767 2334 1821 2356 vos
1837 2334 1874 2355 ex
1891 2334 1978 2355 nuuc.
1990 2325 2156 2355 incurrere
2171 2324 2318 2356 volumus

1308 2379 1335 2409 si
1353 2379 1549 2409 contrarium
1566 2379 1716 2415 feceritis,
1734 2388 1790 2418 per
1804 2378 1978 2418 apostolica
1994 2379 2111 2418 scripta
2129 2377 2319 2409 mandamus
2341 2374 2346 2380 '

1307 2433 1458 2472 quatinus
1470 2432 1681 2462 castellanum
1693 2437 1723 2462 et
1737 2432 1885 2462 homines
1902 2432 2034 2472 predicti
2048 2433 2143 2462 castri
2159 2432 2317 2470 Mil-ande,

1309 2486 1505 2517 territorium
1527 2491 1556 2516 et
1578 2486 1790 2525 pertinentias
1810 2485 1991 2524 supradicta
2011 2486 2143 2516 nomine
2166 2490 2273 2516 nostro
2288 2488 2318 2515 et

1308 2539 1440 2570 ecclesie
1455 2539 1611 2578 prelibate
1624 2539 1816 2578 permittatis
1829 2539 1959 2578 pacifice
1973 2539 2135 2578 possidere
2147 2547 2184 2569 ac
2197 2538 2318 2569 tructus

1306 2593 1468 2632 percipere
1488 2592 1687 2631 integraliter
1706 2601 1742 2622 ex
1761 2592 1899 2629 eisdem,
1920 2591 2042 2622 nullam
2064 2591 2109 2622 eis
2130 2600 2226 2632 super
2242 2599 2316 2631 pre-

1307 2646 1416 2676 missis
1438 2646 1618 2676 molestiam
1644 2645 1778 2676 ulterius
1799 2645 1933 2676 illaturi.
1958 2645 1990 2675 Si
2016 2653 2090 2675 vero
2109 2653 2164 2676 vos
2182 2649 2238 2675 aut
2258 2643 2316 2675 ali-

1306 2701 1380 2740 quis
1399 2705 1541 2731 vestrum
1563 2701 1597 2730 iu
1619 2700 1777 2730 territorio
1794 2705 1824 2730 et
1837 2699 2040 2738 pertinentiis
2060 2698 2249 2738 supradictis
2265 2697 2316 2729 vel

1306 2754 1414 2793 aliqua
1434 2758 1520 2793 parte
1545 2754 1689 2793 ipsorum
1711 2754 1765 2792 jus
1787 2753 1919 2792 aliquod
1942 2753 2074 2783 forsitan
2102 2761 2157 2783 vos
2182 2751 2316 2783 credatis

1307 2807 1441 2844 hahere,
1467 2816 1573 2838 coram
1604 2808 1696 2838 nobis
1719 2807 1805 2837 infra
1831 2816 1978 2838 mensem
2004 2815 2023 2836 a
2046 2805 2315 2846 representatione

1306 2861 1395 2892 vobis
1412 2861 1611 2900 presentium
1633 2861 1778 2892 facienda
1794 2869 1866 2891 cum
1886 2860 2037 2891 omnibus
2049 2859 2177 2900 juribus
2192 2863 2223 2889 et
2240 2866 2312 2889 mu-

1335 3002 1370 3031 ti)
1385 3000 1437 3026 Pas
1455 3002 1488 3026 de
1504 3002 1673 3033 suscription
1689 3003 1716 3025 ni
1733 3002 1766 3026 dc
1780 3002 1851 3026 date.
1867 3014 1897 3019 -
1913 3001 1953 3026 Cf.
1970 3005 2008 3024 ιν·
2026 3000 2086 3025 7003
2101 3003 2128 3025 et
2144 2999 2214 3024 7222.

2378 0 2393 41 ΔΞ
