2393 3496
913 308 1167 355 QUATRIEME
1190 308 1346 347 ANNEE.
2122 320 2178 350 745

81 389 233 426 Navillei,
249 389 381 418 fratrem
398 392 500 424 tuum,
517 386 690 417 Bisuntine
712 386 860 423 diocesis,
878 390 909 415 et
925 390 964 421 te,
981 384 1020 414 de
1035 383 1086 413 di-

81 442 230 474 videndis
240 446 304 472 tam
314 442 454 481 paternis
466 449 564 479 quam
579 440 734 470 maternis
749 443 779 469 et
788 439 862 469 aliis
876 439 969 469 bonis
984 438 1046 477 ipsi
1058 442 1088 467 et

82 496 140 527 tihi
155 495 384 526 communibus
399 497 558 532 ageretur,
578 493 708 523 tandem
725 497 757 523 tu
774 496 804 523 et
823 493 891 531 ipse
905 493 1088 530 juramento

80 549 211 589 prestito
231 547 421 587 promisistis
441 546 526 585 quod
546 555 641 584 super
662 545 821 575 divisione
841 546 1001 575 bonorum
1026 544 1088 574 hu-

79 601 223 642 jusmodi
238 601 362 630 staretis
377 599 510 630 arbitrio
528 599 741 638 quorumdam
762 599 985 628 communium
1008 598 1088 627 ami-

82 662 210 690 corum3
230 653 288 692 qui
304 653 402 682 nimis
417 652 530 690 inique
547 660 603 691 pro
623 661 678 682 sue
701 651 873 682 voluntatis
892 650 982 680 libito
1002 650 1088 679 arbi-

82 711 216 744 trantes,
237 707 295 737 tibi
312 707 365 736 vix
382 709 529 745 quartam
545 710 666 744 partem
685 706 783 744 partis
807 705 864 735 tibi
882 704 1089 743 competentis

82 760 119 790 in
135 760 229 791 honis
244 759 376 796 eisdem,
395 763 570 788 memorato
586 767 660 788 vero
684 758 786 788 nobili
806 762 906 788 totum
928 757 1089 796 reliquum

83 813 269 844 eorumdem
289 813 447 842 bonorum
470 820 525 850 per
549 811 720 841 arbitrium
744 811 1011 850 adjudicaverunt
1024 810 1090 839 ini-

82 875 195 906 quum,
213 875 288 896 cum
303 869 413 895 tamen
429 874 495 895 non
511 865 615 895 solum
631 865 670 894 de
684 865 756 904 jure
772 865 826 894 sed
853 865 948 894 etiam
973 873 1089 894 secuu—

82 920 160 950 dum
175 927 298 949 morem
314 918 414 957 patrie
430 918 514 948 dicta
528 918 613 948 bona
638 923 745 948 essent
765 918 850 948 inter
872 917 1011 947 eundem
1026 917 1089 946 fra-

83 977 165 1004 trem
184 976 273 1002 tuum
291 976 322 1002 et
336 975 365 1001 te
384 980 439 1011 pro
455 971 622 1010 equalibus
641 971 785 1010 partibus
807 971 1018 1001 dividenda...
1041 971 1090 1000 Ne

81 1026 183 1065 igitur
196 1025 362 1056 occasione
376 1025 564 1064 hujusmodi
575 1029 668 1054 tuum
681 1025 764 1055 circa
779 1025 875 1054 Terre
888 1024 1004 1054 Sancte
1019 1024 1091 1053 sub-

83 1079 202 1109 sidium
218 1079 344 1109 salubre
356 1079 521 1116 contingat
536 1078 732 1117 propositum
752 1077 920 1116 impediri,
947 1077 1005 1106 tibi
1018 1085 1090 1114 pre-

83 1133 223 1163 sentium
248 1132 435 1162 auctoritate
461 1131 667 1162 concedimus
690 1134 746 1168 ut,
773 1131 857 1160 veris
882 1129 1091 1159 existentibus

83 1195 145 1225 que
167 1186 205 1216 de
226 1186 398 1225 iniquitate
417 1185 547 1225 sepefati
568 1178 695 1215 arbitrii
716 1187 950 1223 proponuntur,
971 1183 1090 1222 prefato

80 1239 264 1278 juramento
279 1248 297 1269 a
312 1242 342 1269 te
358 1239 489 1278 prestito
502 1247 568 1268 non
585 1239 743 1275 obstante,
763 1241 849 1267 tuam
865 1237 1022 1276 justitiam
1038 1247 1090 1267 su-

83 1301 140 1332 per
157 1292 250 1322 dictis
263 1292 357 1322 bonis
372 1292 473 1322 libere
489 1291 639 1330 prosequi
652 1290 757 1320 valeas
770 1299 876 1320 coram
887 1290 996 1329 judice
1008 1299 1092 1320 com-

84 1346 215 1385 petenti.
243 1345 336 1376 Nulli
357 1354 447 1383 ergo,
465 1349 523 1375 etc.
539 1368 546 1381 ,
563 1348 670 1374 nostre
691 1343 923 1379 concessionis,
941 1346 998 1372 etc.
1017 1343 1089 1372 Dat.

85 1399 169 1438 apud
185 1399 462 1435 Urbemveterem,
481 1408 500 1427 v
516 1397 669 1427 kalendas
682 1396 767 1436 Julii,
787 1405 872 1426 anno
888 1400 1010 1435 quarto.
1030 1409 1043 1423 1>

156 1624 274 1652 5458

120 1686 255 1720 Indulget
276 1689 321 1720 ut,
338 1694 404 1712 cum
423 1686 631 1712 monasterium
646 1685 930 1712 Praemonstratense
948 1689 1024 1719 patre
1041 1686 1093 1712 ab-

85 1735 149 1763 bate
165 1739 193 1762 et
215 1735 353 1769 quaedam
375 1735 506 1769 ejusdem
527 1735 694 1761 monasterii
712 1735 834 1761 ecclesia
854 1735 955 1761 abbate
975 1735 1092 1761 insimul

84 1783 239 1815 vacabunt,
257 1784 334 1818 prior
350 1784 530 1815 monasterii,
549 1791 616 1810 cum
634 1792 689 1810 uno
705 1791 740 1809 ex
756 1783 903 1815 canonicis
919 1792 934 1809 a
948 1788 1093 1810 conventu

636 1622 763 1654 Orvieto,
782 1622 925 1656 terjuitlet
943 1622 1019 1650 1291.

85 1834 186 1864 electo.
203 1834 232 1860 in
247 1833 370 1859 ecclesia
385 1833 479 1859 facere
495 1833 586 1859 valeat
601 1842 674 1868 quae
689 1833 778 1860 abbas
794 1834 855 1868 ipse
873 1834 966 1860 facere
983 1834 1093 1869 potuis-

85 1885 139 1909 set.
155 1881 238 1916 (Rea.
254 1881 302 1916 46,
319 1890 345 1908 c.
362 1882 428 1914 308,
447 1882 466 1909 f.
483 1882 516 1910 60
532 1883 584 1915 vo.)

128 2031 147 2039 ..
169 2011 270 2040 abbati
289 2011 563 2040 Premonstratensi
580 2012 740 2049 ceterisque
759 2012 917 2041 abbatibus
939 2018 1090 2042 monaste-

84 2065 206 2093 riorum
222 2072 386 2102 eorumque
401 2066 597 2094 conventibus
612 2065 904 2094 Premonstratensz's
919 2066 1049 2095 ordinis.

125 2128 140 2143 «ι
158 2116 373 2147 Petitionibus
392 2117 505 2146 vestris
520 2117 694 2148 libenter...
707 2134 746 2138 —
761 2117 833 2146 Dat.
851 2117 935 2156 apud
954 2118 1091 2148 Urbem-

84 2173 240 2206 veterem,
258 2169 404 2199 kalendis
418 2169 511 2207 julii,
530 2178 615 2200 anno
633 2174 756 2208 quarto.
775 2182 789 2197 »

154 2394 275 2424 5453
667 2394 798 2427 Orvieto,
816 2396 848 2422 30
861 2396 924 2430 juin
941 2396 1018 2424 1291.

121 2457 280 2484 Confirmat
294 2457 403 2484 litteras
423 2457 530 2491 quibus
545 2457 693 2491 Mathaeo,
713 2457 809 2485 Sancti
825 2458 969 2486 Laurentii
985 2460 1013 2486 in
1032 2460 1092 2487 Da-

84 2514 164 2533 maso
181 2507 348 2541 presbytero
367 2505 519 2537 cardinali,
543 2505 650 2533 dudum
673 2508 880 2542 protectionem
900 2512 928 2535 et
946 2508 1091 2536 defensio-

85 2563 150 2582 nem
172 2577 189 2582 ..
211 2555 323 2582 abbatis
347 2559 376 2582 et
400 2559 561 2582 conventus
589 2556 755 2583 monasterii
779 2556 900 2583 Sanctae
925 2557 1030 2584 Mariae
1055 2558 1090 2584 dc

84 2603 221 2637 Famem,
238 2604 272 2630 ad
293 2612 440 2630 romanam
461 2604 614 2631 ecclesiam
637 2605 714 2631 nullo
731 2606 823 2632 medio
842 2607 1027 2641 pertinentis,
1045 2616 1092 2633 or-

84 2652 159 2679 dinis
181 2652 210 2679 S.
237 2652 399 2683 Benedicti,
421 2652 557 2679 Aretinae
581 2653 738 2688 dioecesis,
757 2656 912 2681 commisit.
935 2655 1019 2689 (Rm.
1042 2657 1090 2687 46,

37 2723 40 2725 ,
85 2708 112 2727 e.
127 2701 186 2734 309,
205 2701 224 2728 f.
241 2701 271 2728 61
291 2704 338 2732 ro.)

125 2829 249 2860 Matheo.
265 2830 349 2859 tituli
364 2830 469 2859 Sancti
481 2830 639 2860 Laurentii
652 2832 686 2860 in
699 2831 826 2861 Damaso
837 2833 1008 2871 presbytero
1022 2843 1091 2864 car-

86 2882 197 2912 dinatt.

127 2947 141 2962 ιι
161 2935 240 2965 Cum
254 2935 331 2965 olim
349 2936 442 2967 tibi...
462 2953 499 2957 —
516 2936 586 2966 Dat.
605 2937 688 2976 apud
704 2937 979 2976 Urbemveterem,
998 2949 1018 2969 n
1034 2939 1090 2969 ka-

85 2987 299 3027 lendasjulii‚
316 2997 402 3032 anno
417 2993 541 3028 quarto.
561 3001 574 3016 ι

227 3054 300 3081 Rae.
322 3054 445 3083 Nicoms
464 3055 516 3082 [V.

1241 383 1362 412 5480

1206 446 1390 481 Dispensatio
1406 446 1589 473 matrimonii.
1605 446 1688 479 (Rae.
1708 446 1751 479 46,
1767 453 1794 472 c.
1812 446 1874 479 310,
1892 446 1910 472 f.
1928 446 1960 473 61
1978 448 2029 479 r0.)

1757 384 1885 414 Orvieto,
1902 383 1935 410 22
1948 386 2011 418 juin
2031 385 2107 412 1291.

1214 549 1385 577 Venerabili
1400 549 1495 584 fratri
1513 571 1532 578 ..
1551 549 1685 586 episcopo
1701 549 1900 578 Narbonensi.
1921 548 2001 578 Cum
2018 570 2038 577 ..
2056 548 2179 579 archie-

1171 602 1317 640 piscopus
1334 602 1532 638 Autumnus,
1548 601 1757 631 dioecesanus
1774 601 1950 637 Bernardi,
1974 602 2101 632 comitis
2119 604 2180 632 As-

1172 654 1337 684 toricensis
1349 678 1356 690 ,
1388 658 1514 692 propter
1541 663 1654 692 graves
1686 654 1874 683 inimicitias
1900 655 1986 684 inter
2015 655 2120 694 ipsum
2151 659 2181 685 et

1171 707 1315 746 ejusdem
1331 707 1456 736 comitis
1474 707 1694 744 progenitores
1711 707 1832 737 dudum
1850 711 1983 744 exortas,
2001 708 2042 737 sit
2057 717 2181 746 suspec-

1172 763 1239 793 tus,
1257 759 1428 789 committit
1444 763 1478 788 ut
1492 768 1565 788 cum
1581 759 1724 797 Rogero⁷
1746 759 1813 790 filio
1830 760 1946 790 nobilis
1965 760 2026 790 viri
2042 760 2180 790 Arnaldi

1172 813 1210 842 de
1226 812 1379 851 Yspania,
1395 812 1650 842 Conseranensis
1664 812 1828 848 dioecesis,
1847 817 1877 842 et
1891 813 2019 849 Cecilia‚
2038 818 2112 843 nata
2127 823 2182 844 no-

1172 866 1246 896 bilis
1279 866 1341 895 viri
1371 865 1528 895 Bernardi
1544 889 1549 901 .
1585 866 1710 895 comitis
1741 867 1971 901 Astoricensis‚
2000 868 2181 897 Auxitanae

1173 920 1342 955 dioecesis,
1360 919 1432 958 qui⁷
1449 919 1489 948 ad
1505 919 1662 949 sedandas
1682 928 1793 957 graves
1808 920 1993 950 inimicitias
2010 921 2094 951 iuter
2110 930 2181 959 pro—

1174 974 1335 1011 genitores
1349 972 1532 1007 existentes,
1546 972 1790 1001 matrimonium
1802 972 1886 1002 inter
1897 982 1929 1002 se
1941 978 2178 1008 contraxerunt.

1173 1027 1228 1056 sed
1249 1034 1313 1056 non
1335 1029 1618 1060 consummarunt,
1635 1029 1762 1063 propter
1781 1030 1931 1063 quartum
1950 1027 2181 1063 consanguini-

1176 1080 1246 1109 tatis
1262 1079 1398 1117 gradum
1414 1087 1476 1117 quo
1495 1087 1529 1108 se
1546 1078 1757 1116 contingunt,
1776 1078 1939 1116 dispenset
1957 1083 1989 1108 ut
2011 1080 2045 1108 in
2071 1079 2181 1109 eodem

1172 1132 1380 1163 matrimonio
1403 1140 1576 1161 remanere
1595 1136 1625 1161 et
1641 1132 1680 1161 ad
1699 1132 1767 1170 ejus
1783 1132 2093 1161 consummationem
2112 1141 2183 1170 pro-

1173 1187 1286 1217 cedere
1302 1185 1438 1215 valeant.

1215 1252 1228 1267 <1
1251 1240 1343 1269 Lecta
1361 1247 1467 1268 coram
1487 1238 1619 1268 nobis...
1639 1254 1678 1259 —-
1694 1238 1765 1268 Dat.
1788 1237 1872 1276 apud
1897 1238 2156 1268 Urbemveterem
2174 1266 2179 1273 ,

1173 1304 1191 1323 x
1208 1294 1359 1324 kalendas
1373 1292 1467 1331 julii7
1486 1300 1571 1321 anno
1586 1296 1708 1330 quarto.
1731 1304 1743 1318 n

1245 1479 1332 1508 546
1340 1479 1359 1505 Ι

1211 1543 1305 1570 Priori
1320 1546 1348 1568 et
1362 1541 1486 1576 capitulo
1505 1540 1646 1566 ecclesiae
1656 1539 1857 1566 Lateranensis
1874 1538 2036 1565 facultatem
2053 1538 2184 1564 concedit

1756 1476 1884 1507 Orvieto,
1902 1476 1935 1502 '25
1951 1477 2016 1510 juin
2035 1476 2111 1503 1291.

1176 1591 1317 1619 vendendi
1333 1592 1407 1617 vites
1425 1590 1583 1622 vinearum,
1597 1588 1709 1615 locandi
1725 1589 1834 1619 vineas,
1848 1587 1970 1614 diversis
1981 1590 2074 1614 tamen
2088 1590 2114 1612 et
2128 1595 2182 1612 non

1176 1641 1340 1676 potentibus
1357 1640 1500 1675 personis,
1513 1639 1650 1673 episcopo
1666 1637 1869 1668 Recanatensi,
1882 1636 1970 1663 Urbis
1986 1636 2102 1667 vicario,
2115 1635 2184 1661 duo-

1174 1691 1287 1725 busque
1303 1689 1440 1716 fratribus
1456 1697 1491 1714 ex
1507 1692 1628 1721 utroque
1642 1686 1741 1712 ordine
1754 1686 1980 1721 praedicatorum
1996 1689 2024 1711 et
2040 1685 2180 1711 minorum

1175 1739 1326 1766 consultis.
1348 1737 1429 1769 (Rea.
1447 1737 1496 1767 46,
1514 1744 1539 1762 c.
1557 1736 1622 1766 311,
1639 1736 1658 1761 f.
1675 1735 1704 1762 61
1724 1742 1765 1765 r⁰;
1784 1734 1900 1766 Porrfl„
1918 1734 2027 1765 23714.)

1219 1865 1238 1870 ..
1254 1842 1357 1879 priori
1374 1845 1399 1869 et
1415 1840 1549 1876 capitulo
1564 1839 1680 1868 ecclesie
1695 1838 1916 1866 Later-ariensis.

1220 1907 1232 1921 α
1249 1894 1395 1932 Exposita
1411 1893 1502 1922 nobis
1515 1896 1656 1921 vestra...
1668 1906 1708 1913 —
1722 1890 1792 1919 Dat.
1806 1889 1889 1928 apud
1902 1888 2176 1921 Urbemveterem,

1175 1958 1218 1978 vu
1236 1947 1391 1977 kalendas
1404 1945 1490 1985 julii,
1507 1953 1594 1975 anno
1607 1948 1730 1983 quarto.
1750 1955 1763 1969 n

1246 2122 1506 2153 5462-5480
1756 2119 1887 2152 Orvieto‚
1907 2119 1935 2145 13
1949 2118 2012 2152 juin
2032 2117 2107 2144 1291.

1208 2186 1417 2222 Indulgentiae.
1439 2185 1519 2216 (Rae.
1538 2184 1581 2217 116,
1596 2191 1620 2209 c.
1639 2183 1710 2213 311²,
1726 2183 1743 2208 f.
1761 2181 1791 2209 61
1811 2183 1863 2214 v0.)

1216 2292 1368 2320 Universis
1388 2289 1504 2318 Christi
1522 2287 1661 2324 fidelibus
1678 2290 1828 2322 presentes
1850 2284 1967 2313 litteras
1991 2282 2178 2319 inspecturis.

1173 2343 1416 2382 Indulgentiam
1432 2341 1531 2371 unius
1549 2340 1627 2369 anni
1645 2343 1676 2369 et
1691 2348 1728 2368 xi.
1745 2338 1871 2367 dierum
1887 2335 2031 2366 concedit
2048 2336 2179 2364 visitan-

1174 2398 1258 2428 tibus
1282 2395 1449 2426 ecclesiam
1468 2417 1486 2423 ..
1505 2392 1675 2431 guardiani
1699 2395 1729 2420 et
1751 2393 1926 2421 conventus
1945 2389 1982 2418 de
2003 2388 2179 2423 Montibus,

1172 2450 1296 2481 ordinis
1321 2435 1456 2478 fratrum
1483 2447 1663 2481 minorum,
1688 2443 1927 2474 Cameracensis
1955 2441 2127 2475 dioecesis,
2146 2440 2178 2468 in

1173 2508 1308 2543 quatuor
1324 2503 1433 2532 beatae
1449 2500 1569 2530 Mariae
1585 2503 1615 2529 et
1629 2501 1811 2527 sanctorum
1822 2495 1985 2546 Francisci
2001 2498 2031 2524 et
2042 2492 2178 2523 Antonii

1173 2562 1204 2588 et
1228 2560 1355 2587 sanctae
1371 2554 1483 2585 Clarae
1504 2551 1744 2587 festivitatibus,
1761 2559 1816 2588 per
1835 2553 1903 2579 octo
1927 2548 1993 2577 dies
2012 2552 2180 2584 sequentes

1173 2615 1203 2640 et
1219 2611 1254 2640 in
1270 2607 1490 2639 anniversario
1508 2606 1560 2636 die
1579 2604 1787 2635 dedicationis
1804 2601 1948 2641 ejusdem
1965 2599 2126 2629 ecclesiae.

1215 2677 1229 2692 ι(
1248 2664 1319 2694 Vite
1336 2661 1487 2701 perennis
1503 2660 1643 2698 gloria...
1658 2675 1696 2679 -
1712 2655 1885 2695 Dat.·apud
1904 2654 2176 2687 Urbemveterem‚

1174 2718 1280 2748 idibus
1295 2715 1393 2755 junii,
1414 2722 1498 2744 anno
1515 2715 1638 2752 quarto.
1658 2724 1672 2739 »

1214 2771 1253 2800 In
1269 2779 1296 2799 e.
1314 2778 1371 2806 m.,
1389 2776 1444 2807 pro
1459 2765 1594 2797 ecclesia
1614 2787 1634 2794 ..
1651 2762 1820 2802 guardiani
1836 2766 1866 2791 et
1881 2762 2057 2791 conventus
2072 2757 2110 2787 de
2127 2757 2179 2785 Iu-

1173 2823 1263 2860 sutis,
1281 2822 1403 2852 ordinis
1419 2821 1594 2855 minorum,
1608 2815 1821 2848 Tornacensis
1839 2812 2002 2844 dioecesis.
2024 2811 2177 2849 (Poma,

1176 2875 1301 2915 23704.)

1760 2921 1886 2953 Orvieto,
1902 2919 1935 2945 ‘26
1949 2917 2012 2952 Juin
2032 2915 2107 2942 1291.

1216 2992 1255 3021 In
1273 3000 1301 3021 e.
1319 3000 1375 3028 m.,
1401 2997 1457 3029 pro
1473 2987 1606 3019 ecclesia
1621 2986 1660 3017 de
1676 2986 1814 3024 Payens,
1832 2980 1998 3012 Trecensis
2015 2976 2177 3011 dioecesis,

2005 3045 2037 3072 94
