2393 3496
878 338 1088 368 REGISTRE
1111 331 1327 366 CAMERAL.
2094 335 2151 365 947

132 410 246 441 ⁸201?
552 406 762 438 Saint-Pierre,
780 406 811 433 ‘26
828 405 897 431 avril
917 404 992 431 1288.

97 465 243 496 Perusinis
277 464 387 490 inhibet
412 471 446 489 ne
476 462 543 497 quid
572 467 672 489 contra
700 462 843 489 civitatem
874 459 1064 494 Fuliginatem

63 518 209 552 temptent.
226 512 296 547 (Fet.
316 512 331 539 8
347 514 399 544 νο.)

102 598 218 629 Dilectis
230 596 305 633 filiis
320 595 502 632 ..ροιεειαιί7
519 617 538 623 ..
555 595 721 632 capitaneo,
735 593 860 623 consilio
872 598 896 621 et
910 591 1066 621 communi

64 651 244 683 Peruscinis.
260 660 274 676 cx
290 648 400 686 Nuper
411 647 450 676 ad
464 647 661 676 audientiam
676 651 814 675 nostram
828 644 972 683 pervenit
982 643 1065 682 quod

64 713 128 740 vos,
143 703 252 732 divina
270 705 300 730 et
320 700 490 739 apostolice
507 700 590 729 sedis
605 708 641 728 ac
658 704 765 728 nostra
784 698 962 727 reverentia
979 705 1064 734 pror-

65 766 119 788 sus
132 757 251 794 abjecta
264 778 271 791 ,
292 762 424 791 magnos
446 761 608 783 armorum
628 757 658 781 et
677 752 780 789 gentis
795 760 831 781 ac
850 751 986 780 aliorum
1003 758 1066 788 que

64 809 269 848 requiruntur
291 807 323 836 in
345 806 462 836 talibus
482 806 584 835 facitis
606 809 795 844 apparatus,
818 808 928 834 contra
951 809 1065 833 terram

61 861 190 894 ecclesie
208 869 243 890 ac
258 859 437 898 specialiter
454 864 564 889 contra
582 859 742 888 civitatem
760 857 973 894 Fuliginatem
990 856 1065 886 hos-

65 914 157 946 tiliter
183 913 368 952 processuri.
396 912 478 942 Cum
503 912 611 950 itaque
631 911 771 949 pridem„
798 910 969 948 apostolica
992 913 1067 938 tunc

64 968 135 1004 sede
167 971 296 995 vacante
312 989 318 1002 ‚
353 965 442 995 vobis
474 974 529 1003 per
565 964 737 1001 collegium
768 963 981 993 cardinalium
1017 971 1066 991 sa-

63 1024 219 1052 erosanete
250 1027 382 1048 romane
412 1018 556 1054 ecclesie,
585 1017 623 1046 de
654 1025 792 1056 quorum
823 1025 958 1045 numero
991 1020 1068 1044 tunc

64 1082 204 1109 eramus,
221 1072 317 1101 fuerit
332 1080 478 1109 expresse
496 1071 640 1101 oblatum
657 1070 759 1108 qnod,
782 1069 809 1099 si
829 1073 938 1098 contra
954 1069 1067 1098 civita-

63 1131 124 1158 tem
140 1126 273 1157 eandem
292 1125 463 1155 crederetis
481 1133 535 1154 vos
550 1124 674 1162 aliquid
690 1124 743 1162 jus
767 1123 898 1159 habere,
921 1126 1066 1164 paratum

64 1185 128 1213 erat
151 1180 254 1209 facere
278 1179 385 1214 vobis,
415 1187 488 1208 cum
512 1177 706 1216 requisitum
732 1177 893 1212 existeret,
922 1175 1067 1204 exhiberi

61 1232 179 1274 justitie
192 1231 480 1270 complementum,
498 1240 620 1269 nosque
637 1230 696 1260 boc
712 1230 834 1268 ipsum,
853 1234 921 1267 post
941 1237 1066 1267 promo-

65 1288 180 1318 tionem
197 1291 336 1316 nostram
352 1309 359 1320 ‚
382 1286 494 1314 vestris
517 1284 799 1314 ambassiatoribus
819 1283 858 1312 ad
879 1292 935 1313 nos
959 1283 1067 1312 missis

60 1340 135 1372 .vive
150 1340 233 1370 vocis
243 1338 370 1369 oraculo
383 1339 569 1368 duxerimus
579 1337 835 1376 exprimendum,
847 1345 905 1366 nec
917 1336 1065 1372 velimus⁷

65 1394 155 1425 sicuti
172 1402 229 1423 nec
240 1393 404 1429 debemus,
424 1391 500 1421 talia
517 1391 731 1430 equanimiter
746 1390 888 1425 tolerare,
907 1389 1066 1419 universi-

19 1472 22 1475 ,
67 1448 119 1479 tati
131 1451 231 1477 vestre
247 1456 302 1484 per
318 1445 489 1484 apostolica
501 1445 626 1484 scripta.
641 1445 699 1474 sub
710 1444 815 1473 debito
826 1444 988 1473 fidelitatis
1004 1451 1067 1481 qno

66 1500 193 1532 ecclesie
211 1508 343 1529 romane
364 1498 522 1528 tenemini
538 1503 567 1527 et
583 1507 664 1537 pena
685 1498 821 1527 duorum
839 1497 965 1526 milium
982 1506 1067 1526 mar-

65 1553 193 1585 charum
211 1553 336 1590 argenti
352 1561 479 1582 necnon
495 1555 524 1581 et
539 1551 729 1590 privationis
743 1551 824 1589 juris
840 1550 1021 1588 cujuslibet,
1041 1551 1067 1580 si

64 1606 138 1646 quid
152 1606 186 1635 in
199 1606 328 1635 civitate
348 1605 489 1645 predicta
503 1605 553 1634 vel
568 1606 602 1634 iu
619 1604 785 1634 diruendis
800 1605 900 1633 muris
917 1607 971 1633 aut
986 1612 1068 1633 com-

64 1658 229 1699 planandis
245 1659 368 1688 fossatis
387 1668 442 1688 seu
458 1659 614 1688 territorio
634 1659 702 1696 ejus
720 1667 755 1687 ex
773 1665 975 1695 quacumque
991 1657 1068 1687 obli-

64 1713 200 1752 gatione,
218 1713 384 1742 occasione
400 1712 450 1742 vel
469 1721 563 1742 causa
580 1711 723 1741 fortassis
741 1711 876 1747 habetis,
890 1720 986 1749 quam
1001 1711 1069 1749 qui-

65 1765 135 1796 dem
161 1765 349 1805 privationis
365 1774 481 1804 penam
499 1774 535 1795 eo
554 1764 634 1804 [ipso
652 1773 707 1794 vos
724 1764 888 1793 incurrere
907 1763 1067 1800 volumus,

66 1819 92 1850 si
113 1824 221 1850 contra
244 1818 444 1857 mandatum]
469 1822 614 1848 nostrum
641 1818 899 1856 presumpseritiS
923 1827 1067 1856 quoquo-

65 1872 155 1903 modo
172 1873 291 1909 venire,
310 1881 346 1902 ac
365 1872 461 1902 etiam
481 1871 638 1911 [omnium
657 1872 858 1907 libertatum,
877 1871 1068 1901 immunita-

66 1924 154 1964 tum],
171 1925 415 1965 privilegiorum
437 1930 468 1955 et
485 1925 660 1963 gratiarum
679 1925 769 1954 vobis
790 1929 845 1954 aut
861 1925 979 1953 civitati
1000 1934 1068 1953 ves-

65 1981 110 2009 tre
125 1988 143 2009 a
163 1979 236 2009 sede
253 1979 422 2017 apostolica
440 1978 687 2018 [comesset-um,
706 1978 846 2007 districte
863 1977 1066 2017 precipimus]

64 2032 212 2072 quatinus
227 2032 266 2062 ab
283 2032 470 2071 hujusmodi
491 2037 522 2062 et
539 2032 603 2062 alio
625 2031 768 2070 quolibet
792 2031 899 2060 hostili
922 2040 1067 2069 processu

64 2089 169 2116 contra
189 2090 305 2115 terram
329 2086 460 2115 ecclesie
483 2085 543 2125 [vel
565 2086 727 2115 civitatem
748 2083 975 2123 Fuliginatem]
1001 2094 1068 2123 pre-

65 2137 175 2168 dictam
193 2139 340 2168 habendo
358 2148 394 2168 ac
412 2139 509 2168 etiam
526 2148 543 2168 a
560 2139 698 2169 novitate
715 2147 769 2167 seu
790 2138 970 2168 turbatione
987 2147 1066 2176 qna-

62 2190 140 2222 libet
153 2192 186 2222 in
204 2192 268 2222 illis
282 2193 424 2231 partibus
440 2192 598 2231 [facienda
615 2191 751 2231 penitus]
766 2192 926 2221 abstinere
938 2193 1065 2222 curetis.

63 2243 212 2284 Alioquin
230 2245 270 2274 ad
292 2245 490 2274 exactionem
510 2253 590 2283 pene
613 2244 799 2283 pecuniarie
817 2244 1008 2283 supra[dicte
1025 2244 1066 2283 et]

63 2298 269 2338 privationem
288 2298 482 2335 libertatum,
502 2298 759 2333 immunitatum,
778 2297 1020 2336 privilegiorum
1038 2303 1069 2328 et

63 2352 235 2390 gratiarum
264 2351 480 2390 predictorum
513 2360 550 2380 ac
577 2350 657 2380 alias
688 2351 784 2379 etiam
817 2355 927 2380 contra
956 2360 1008 2380 vos
1038 2356 1069 2380 et

64 2404 220 2435 civitatem
249 2408 386 2433 vestram
418 2403 630 2442 spiritualiter
659 2408 689 2433 et
719 2404 944 2442 temporaliter,
978 2409 1069 2442 prout

64 2457 197 2496 qualitas
207 2458 279 2487 facti
291 2457 427 2487 suaserit
440 2461 470 2486 et
480 2466 514 2486 ex
521 2457 628 2496 pedire
641 2456 831 2492 viderimus,
848 2457 1065 2496 procedemus

65 2509 104 2540 Et
116 2519 185 2540 ecce
200 2510 353 2540 dilectum
367 2510 470 2540 filium
487 2510 711 2548 Peregrinum,
730 2511 923 2548 prepositum
939 2510 1066 2547 Vanczi,

66 2563 283 2603 cappellanum
301 2567 457 2600 nostrum,
475 2562 606 2593 latorem
624 2564 833 2601 presentium,
850 2563 888 2591 ad
907 2572 960 2592 vos
977 2572 1068 2601 prop-

0 2621 2 2630 *
21 2645 26 2648 ,
67 2618 112 2646 ter
126 2615 184 2646 hoc
201 2616 380 2655 specialiter
395 2615 609 2652 destinamus,
630 2615 687 2654 qui
709 2620 814 2645 nostre
831 2625 925 2654 super
942 2616 1000 2646 hoc
1019 2617 1068 2645 in-

66 2668 216 2699 tentionis
229 2669 422 2708 propositum
432 2669 520 2699 vohis
533 2668 662 2707 plenius
674 2669 854 2708 explicabit.
868 2669 940 2699 Dat.
956 2669 1068 2705 Rome,

66 2722 148 2761 apud
163 2722 315 2752 Sanctum
329 2723 472 2760 Petrum,
491 2731 522 2752 VI
536 2721 690 2752 kalendas
709 2722 797 2752 maii.
819 2732 834 2752 i>

136 2861 253 2890 ‘2018
561 2861 769 2896 saint-pierre,
783 2862 818 2889 26
834 2863 903 2889 avril
922 2863 999 2890 1288.

99 2916 142 2944 De
157 2917 256 2944 eodem
273 2918 398 2952 negotio.
420 2917 492 2952 (Fol.
509 2917 525 2944 9
542 2918 590 2950 ro.)

104 3000 210 3030 Dilecto
224 3000 289 3038 filio
305 3001 399 3030 nobili
412 3002 480 3030 viro
491 2999 626 3030 Iohanni
639 3001 766 3039 Cynchz'i
780 3002 814 3031 de
832 3002 916 3039 Urbe,
930 3004 1073 3040 potestati

1146 403 1317 431 Peruscffno.
1336 402 1371 431 Ei
1385 402 1559 440 praedictas
1571 401 1692 430 litteras
1707 399 2074 439 memoratinhibetque‚
2092 401 2153 431 sub

1145 455 1234 484 mille
1251 455 1453 484 marcharum
1468 455 1591 492 argenti
1603 463 1714 493 poena,
1731 462 1771 483 ne
1785 458 1894 483 contra
1911 458 2025 482 terram
2042 453 2091 482 vel
2107 453 2152 483 ci-

1146 507 1274 537 vitatem
1302 507 1516 545 Fuliginatem
1541 516 1614 536 cum
1641 506 1808 536 Perusinis
1829 510 1883 535 aut
1908 504 1987 535 alias
2012 514 2155 544 quoquo-

1147 561 1239 590 modo
1258 561 1411 598 procedat.
1436 572 1449 586 (ς
1469 559 1622 598 Alioquin
1644 559 1683 589 ad
1706 559 1901 589 exactionem
1920 558 2056 597 predicte
2072 567 2154 597 pene

1146 621 1181 642 ac
1200 613 1293 642 etiam
1312 613 1349 641 ad
1367 613 1565 642 reddendum
1583 617 1611 641 te
1630 621 1666 642 ac
1683 612 1815 641 heredes
1832 617 1900 641 tuos
1915 611 2047 641 omnino
2064 611 2154 640 inha-

1147 666 1225 695 biles
1250 666 1287 695 ad
1307 666 1496 704 dignitatem
1519 666 1694 704 quamlibet
1714 665 1889 695 secularem
1907 673 1943 694 ac
1961 664 2039 694 alias
2059 665 2153 694 etiam

1147 724 1256 748 contra
1276 724 1303 748 te
1325 719 1535 758 spiritualiter
1555 724 1585 748 et
1610 719 1824 757 temporaliter
1848 718 2015 757 procedere
2031 718 2154 748 curabi-

1148 782 1230 806 mus,
1249 776 1342 810 prout
1358 772 1496 810 qualitas
1512 772 1583 801 facti
1602 771 1739 800 suaserit
1755 777 1784 801 et
1802 772 1976 801 viderimus
1995 771 2154 809 expedire.

1149 827 1186 855 Et
1202 835 1272 855 ecce
1288 826 1439 854 dilectum
1455 825 1557 854 fitium
1578 825 1801 862 Peregrinum,
1816 825 2011 863 prepositum
2025 824 2153 860 Vanczi,

1147 878 1350 917 capellanum
1370 882 1529 913 nostrum,
1548 881 1606 906 etc.

1193 945 1204 958 ι
1222 932 1334 970 Nuper
1350 931 1388 960 ad
1404 931 1642 960 audientiam...
1659 947 1697 952 —
1715 930 1785 959 Dat.
1804 934 1839 959 ut
1855 939 1962 968 supra.
1979 942 1992 956 ›

1221 1081 1341 1109 2019

1184 1143 1227 1170 De
1243 1144 1342 1170 eodeni
1359 1143 1484 1177 negotio.
1503 1142 1571 1174 (Fol.
1590 1142 1605 1169 9
1621 1146 1667 1171 1⁸⁰.)

1653 1079 1858 1114 Satin-Pteme,
1873 1080 1907 1107 ‘26
1922 1081 1992 1107 avril
2010 1081 2085 1108 1288.

1189 1234 1299 1262 Dilecto
1317 1233 1381 1269 filio
1399 1233 1492 1261 nobili
1514 1234 1578 1261 uiro
1597 1255 1616 1260 ..
1632 1233 1771 1269 potestati
1786 1233 1945 1261 Asisz'nati.
1964 1232 1999 1261 Ei
2016 1233 2156 1270 mandat,

1150 1287 1210 1316 sub
1229 1296 1328 1325 poena
1348 1286 1436 1315 mille
1454 1286 1659 1315 marcharum
1676 1286 1801 1323 argenti
1818 1290 1847 1314 et
1859 1286 2044 1324 privationis
2060 1291 2159 1325 potes-

1150 1340 1248 1369 tariae
1265 1340 1374 1375 Asisii,
1393 1344 1428 1368 ut
1449 1339 1636 1377 Landulpho
1651 1338 1689 1367 de
1702 1338 1881 1376 Columpna
1895 1339 1932 1368 de
1949 1339 2046 1375 Urbe,
2063 1339 2158 1369 duca-

1153 1399 1202 1423 tus
1219 1394 1379 1432 Spoletani
1398 1393 1528 1428 rectori,
1548 1393 1674 1421 assistat
1691 1397 1799 1422 contra
1816 1393 2004 1429 Perusinos,
2021 1393 2047 1422 si
2066 1393 2105 1422 ab
2123 1402 2160 1423 eo

1151 1447 1188 1476 de
1203 1447 1259 1476 hoc
1273 1446 1452 1484 requisitus
1465 1446 1570 1475 fuerit.
1586 1445 1634 1475 Ad
1647 1455 1720 1475 eum
1736 1445 2159 1483 Ptanucciuum...,latorem

1150 1500 1381 1538 praesentium,
1399 1499 1548 1536 destinat,
1562 1500 1617 1537 qui
1629 1499 1659 1528 ei
1670 1500 1866 1538 propositum
1878 1499 1961 1529 sedis
1972 1500 2160 1538 apostolicae

1150 1553 1278 1592 plenius
1298 1553 1474 1591 explicabit.

1193 1619 1207 1633 α
1226 1606 1336 1645 Nuper
1353 1606 1393 1635 ad
1411 1606 1650 1635 audientiam...
1667 1623 1705 1627 -—
1721 1606 1793 1635 Dat.
1814 1610 1849 1635 ut
1862 1615 1969 1644 supra.
1987 1618 1999 1632 ι

1224 1759 1491 1788 ’anzo-2024

1189 1822 1230 1849 De
1247 1823 1347 1849 eodem
1365 1822 1489 1856 negotio.
1507 1821 1577 1856 (Fol.
1596 1822 1611 1848 9
1628 1821 1678 1855 νῦ.)

1651 1758 1859 1793 Saint-Pierre,
1876 1759 1909 1786 26
1925 1758 1994 1785 avril
2012 1759 2088 1786 1‘288.

1191 1912 1310 1941 Dileclis
1324 1911 1398 1949 filiis
1418 1934 1438 1940 ..
1452 1912 1603 1949 potestati,
1622 1911 1748 1939 consilio
1764 1914 1789 1939 et
1802 1911 1958 1940 communi
1976 1910 2159 1940 Tudertinis.

1153 1965 1216 2000 Eis,
1230 1965 1289 1994 sub
1306 1974 1405 2003 poena
1421 1964 1508 1993 mille
1525 1963 1728 1992 marcharum
1745 1964 1882 2000 argenti,
1899 1963 2025 1991 inhibet
2045 1972 2083 1991 ne
2100 1962 2161 1992 Pe-

1152 2019 1271 2047 rusinis
1287 2022 1396 2047 contra
1413 2017 1609 2054 Fuliginates
1629 2016 1812 2052 consilium,
1830 2016 1988 2045 auxilium
2007 2016 2055 2045 vel
2073 2016 2160 2046 favo-

1151 2081 1230 2107 rem,
1250 2071 1414 2109 publicum
1432 2070 1480 2099 vel
1497 2070 1669 2105 occultum,
1684 2069 1883 2107 impendant,
1902 2069 2096 2107 mandatque
2114 2068 2161 2098 eis

1152 2130 1185 2153 ut
1207 2134 1238 2153 se
1256 2129 1446 2162 praeparent
1462 2123 1501 2152 ad
1516 2122 1692 2162 juvandam
1711 2131 1877 2152 romanam
1895 2121 2072 2159 ecclesiam,
2087 2122 2163 2152 side

1151 2178 1211 2208 hoc
1228 2178 1348 2207 suerint
1364 2176 1523 2216 requisiti.
1542 2177 1588 2205 Ad
1606 2185 1658 2205 eos
1675 2176 1899 2205 Banuccinum
1916 2176 2027 2205 mittit.

1193 2244 1206 2258 <t
1226 2232 1336 2270 Nuper
1351 2231 1389 2260 ad
1405 2230 1645 2260 audientiam...
1666 2247 1704 2250 —
1722 2230 1792 2258 Dat.
1811 2234 1965 2268 utsupra.
1986 2241 2000 2256 π

1192 2286 1228 2314 In
1247 2294 1274 2315 e.
1292 2294 1335 2313 m.
1362 2307 1382 2313 ..
1402 2283 1546 2323 potestati
1563 2307 1569 2319 ,
1588 2282 1722 2312 consilio
1738 2286 1768 2312 et
1787 2283 1952 2312 communi
1969 2282 2161 2322 spoletanis.

1191 2339 1229 2368 In
1254 2348 1281 2368 e.
1309 2347 1352 2368 m.
1378 2360 1398 2367 ..
1427 2337 1582 2376 potestati,
1607 2336 1743 2366 consilio
1763 2341 1795 2366 et
1820 2337 1987 2366 communi
2013 2336 2162 2366 Civitatis

1151 2391 1292 2422 Castelli.

1191 2446 1228 2475 In
1250 2454 1276 2474 e.
1295 2454 1338 2474 m.
1358 2466 1378 2474 ..
1397 2444 1558 2482 potestati,
1580 2443 1714 2473 consilio
1737 2447 1767 2473 et
1784 2442 1949 2473 communi
1965 2442 2159 2473 Camerinis.

1192 2498 1229 2528 In
1247 2508 1274 2528 e.
1292 2507 1335 2527 m.
1355 2521 1374 2527 ..
1393 2497 1553 2527 universis
1571 2497 1785 2536 potestatibus,
1804 2496 1959 2533 constliis,
1979 2496 2161 2526 communi-

1151 2552 1209 2581 bus
1235 2556 1264 2581 et
1288 2550 1553 2580 universitatibus
1579 2553 1642 2579 tam
1664 2549 1832 2579 civitatum
1854 2558 1950 2588 quam
1972 2554 2162 2585 castrorum,

1154 2610 1310 2634 terrarum
1329 2609 1358 2633 et
1376 2603 1514 2633 aliorum
1537 2602 1680 2633 locorum
1700 2611 1753 2641 per
1774 2602 1927 2632 ducatum
1955 2601 2163 2640 Spoletanum

1152 2657 1343 2688 constitutis.

1225 2801 1345 2830 '2025

1189 2864 1287 2891 Electo
1304 2863 1460 2897 Yporiensi
1475 2862 1618 2889 licentiam
1636 2862 1761 2888 exeundi
1772 2870 1806 2888 ex
1818 2861 1934 2887 civnate
1946 2860 2087 2887 Esculana
2098 2867 2163 2886 con-

1154 2913 1238 2940 cedit.
1257 2912 1326 2944 (1³01.
1346 2914 1360 2938 2³
1377 2912 1428 2945 v⁰.)

1651 2799 1858 2831 Saint-Pierre,
1876 2798 1909 2826 29
1925 2799 1995 2825 avril
2013 2798 2090 2825 1288.

1195 3002 1308 3031 Dilecto
1333 2999 1398 3038 filio
1427 3000 1472 3034 F.,
1505 3000 1592 3029 electo
1626 2999 1797 3036 Yporiensi‚
1823 2997 1957 3027 Marchie
1977 2996 2164 3027 Anconitane
