2393 3496
670 337 806 367 TABLE
828 326 1162 372 A1,PHABI‹']T1QUE
1183 334 1262 364 DES
1284 334 1402 365 NOMS
1427 336 1635 366 PROPRES.
2128 338 2202 368 1269

105 401 286 439 Sarignano
301 401 360 439 (ec.
379 400 410 431 S.
427 401 588 431 Johannis
604 402 653 439 de)
671 403 757 432 6094.

105 454 349 491 Sarmingnani.
371 453 416 483 Cf.
438 454 544 491 Burgo
559 454 804 493 Sarmingnani.

107 506 234 537 Sarnaii
249 507 350 546 (mon.
368 506 523 546 Vallium)
540 507 629 537 7402.

107 560 196 597 Saro,
214 560 300 590 filius
318 560 468 598 Argonis,
487 560 571 598 regis
587 561 792 591 Tartarorum
807 562 988 592 6815-6817.

108 612 219 643 Sarolo
234 612 361 652 (domus
378 613 415 642 fr.
434 614 514 642 min.
532 612 595 651 de),
615 613 808 643 Humanatis
823 615 854 644 d.
872 616 960 645 6569.

108 665 284 697 Sarracena
300 667 328 696 7.

108 719 275 749 8311388111
297 719 360 755 194,
384 719 448 753 196,
469 720 535 756 197,
553 719 620 755 611,
640 719 708 755 660,
729 721 797 757 716,
813 720 900 757 2026,
920 721 1008 759 2153,
1027 721 1114 757 2199,

149 772 237 806 2251,
259 772 346 809 2270,
365 772 454 810 3526,
472 772 560 809 4380,
578 772 666 809 4402,
689 773 777 809 4403,
800 774 889 811 5763,
913 774 1002 809 5906,
1027 773 1115 812 5979,

150 825 238 863 6735,
257 825 439 862 6784-6789,
456 826 544 856 7595.

111 878 286 908 8311388οο
307 879 365 917 (88.
392 878 425 908 S.
450 878 623 910 Salvatoris
650 879 689 909 de
710 879 842 919 Castro),
863 880 1062 911 Tholosanae
1085 881 1114 911 d.

152 931 240 962 4891.

111 984 306 1014 Sarracenus
320 984 481 1024 (Marchio
496 985 625 1023 dictus),
639 985 793 1024 plebanus
810 986 911 1025 plebis
924 986 956 1016 S.
974 987 1116 1024 Martini,

149 1036 302 1067 Clusinae
319 1038 350 1068 d.
367 1038 552 1068 4219-4221.
571 1062 575 1067 ,

110 1089 306 1121 Sarracenus
320 1091 463 1130 (Petrus)
478 1091 567 1122 3467.

109 1142 299 1173 8311381038
315 1144 585 1183 (Transmundus)
601 1144 693 1175 3468.

109 1196 229 1226 Sartori
245 1197 398 1237 (Rector),
416 1198 494 1228 civis
510 1198 750 1237 Senogaliensis
768 1199 858 1229 7127.

109 1249 232 1280 Sataria
242 1249 301 1290 (ee.
316 1251 348 1280 S.
361 1252 527 1281 Vincentii
542 1252 606 1292 de),
620 1252 868 1282 Mediolanensis
881 1252 911 1282 d.
926 1252 1014 1290 5819,
1027 1253 1116 1283 5820.

110 1303 238 1339 Sathin,
255 1303 322 1334 filia
339 1305 509 1342 Reginaldi
525 1305 601 1336 dicti
617 1305 723 1345 Oneyl
740 1305 830 1336 3347.

111 1356 280 1386 Saturnini
297 1357 426 1395 (manus
443 1358 503 1397 S.).

110 1408 281 1439 Saturnini
301 1410 408 1449 (88113,
433 1420 478 1441 88.
505 1411 563 1450 S.).
587 1411 632 1441 Cf.
660 1412 883 1450 Ambayrano,
906 1413 1121 1449 Avinionem,

151 1462 327 1500 Gradasca,
359 1464 511 1502 Labegia,
543 1465 768 1504 Montigneyo,
801 1464 954 1502 Murello,
983 1465 1120 1502 Pozolis,

154 1517 290 1555 Regula.

115 1570 283 1601 Saturnini
297 1575 327 1601 et
343 1572 494 1602 Antiochi
511 1572 613 1612 (mon.
631 1572 704 1610 SS.)
721 1572 790 1602 528.

116 1623 316 1653 Saumalaria
331 1623 466 1663 (capella
482 1625 514 1654 S.
533 1625 661 1664 Georgii
680 1625 719 1655 de
735 1625 778 1665 la)
794 1635 888 1665 prope
905 1627 992 1657 Acon
1009 1625 1096 1657 4935.

117 1675 231 1712 Saura,
251 1681 324 1706 nata
341 1677 474 1716 Ayroldi
491 1678 528 1708 de
547 1679 639 1709 Rudo
658 1678 746 1709 3182.

117 1729 329 1759 Sausthorum
343 1729 518 1769 (Henricus
532 1731 582 1770 de)
599 1732 686 1762 4554.

117 1782 219 1813 Savae
234 1784 410 1823 episcopm,
428 1784 463 1814 in
481 1785 619 1815 Albania
635 1785 724 1816 5338.

117 1836 305 1868 Savarduno
318 1837 378 1877 (88.
396 1838 428 1870 S.
449 1838 685 1870 Bartholomaei
696 1839 759 1879 de),
772 1839 970 1870 Tholosanae
981 1840 1010 1869 d.
1025 1840 1100 1870 5715
1115 1851 1121 1876 ;

155 1907 194 1913 —
210 1890 316 1930 (hosp.
339 1890 372 1921 S.
396 1892 508 1922 Jacobi
530 1892 581 1931 de)
602 1892 697 1929 250&
720 1910 759 1915 —
776 1893 876 1932 (prior
897 1893 946 1930 de)
970 1893 1067 1928 4186;
1087 1909 1125 1914 —

156 1942 328 1982 (prioratus
344 1944 376 1974 S.
391 1944 565 1975 Columbae
577 1945 629 1984 de)
641 1945 733 1982 5716;
754 1963 790 1968 -
806 1946 972 1985 (prioratus
986 1945 1018 1976 S.
1037 1945 1126 1975 Petri

158 1996 277 2026 Montis
293 1996 435 2026 Redonis
450 1997 497 2033 de)
514 1998 603 2028 6248.

117 2048 192 2079 Savi
213 2049 312 2088 (mon.
331 2049 380 2088 S.)
395 2050 484 2080 6419.

117 2101 300 2141 Savigneyo
317 2102 495 2141 (Johannes
512 2103 575 2143 de),
591 2105 765 2134 canonieus
779 2104 1050 2141 Cenomanensis,
1067 2111 1125 2141 ge-

155 2155 276 2185 neralis
293 2155 418 2186 auditor
439 2165 608 2187 causarum
630 2157 794 2196 Hugonis,
820 2157 851 2188 S.
876 2157 1013 2188 Sabinae
1037 2165 1124 2195 pres-

156 2208 263 2247 byteri
281 2209 457 2239 cardinalis
477 2209 562 2246 1406,
579 2210 667 2241 6273.

117 2261 256 2292 Savinae
273 2267 412 2292 castrum
431 2263 500 2300 604,
520 2263 608 2301 7132,
627 2263 715 2302 7133.

118 2315 271 2345 Savinam
287 2324 381 2354 prope
399 2316 578 2346 Bononiam
597 2316 657 2356 (88.
681 2317 713 2348 S.
734 2317 882 2347 Andreae
897 2316 1007 2355 supra)
1023 2315 1120 2352 56293

157 2367 269 2407 —(ec.
291 2368 326 2397 B.
347 2369 466 2398 Mariae
482 2370 586 2408 prope)
604 2369 696 2399 5627.

118 2421 281 2451 Saviuana
296 2421 389 2461 (cella
405 2423 437 2451 S.
458 2422 577 2452 Mariae
593 2423 655 2462 de),
673 2432 755 2462 quae
771 2427 901 2453 vocatur
912 2422 950 2452 ad
969 2422 1119 2457 Punctos,

159 2475 392 2505 Nemausensis
406 2475 436 2504 d.
456 2475 524 2505 526.

119 2527 324 2565 Savingneyo
339 2526 518 2566 (Johannes
533 2528 596 2567 de).
614 2528 661 2558 Cf.
681 2528 876 2567 Savigneyo.

164 2579 251 2609 1406.

119 2632 300 2663 Savinhaco
313 2632 374 2672 (88.
391 2632 424 2663 S.
443 2633 529 2663 Petri
544 2633 596 2673 (18)
611 2642 706 2673 prope
721 2634 912 2670 Tornaeum,
928 2632 1124 2662 Nemausen-

160 2686 204 2715 sis
219 2685 251 2715 d.
271 2685 360 2715 5142.

121 2738 233 2768 83ν101
248 2738 350 2777 (mon.
368 2739 427 2778 S.),
440 2739 611 2770 Tarbensis
628 2741 659 2770 0.
677 2739 746 2771 530.

120 2791 233 2821 Savini
252 2795 282 2821 et
299 2792 408 2822 Severi
423 2792 524 2832 (mon.
541 2793 614 2832 SS.)
630 2793 665 2822 in
684 2793 870 2831 Bigoritano
885 2791 956 2821 528.

121 2843 309 2874 Savinnone
331 2845 500 2883 (Jacobina
521 2846 590 2884 de),
613 2846 723 2876 relicta
745 2844 902 2884 Hugolini
922 2842 1072 2883 Spinolae
1089 2841 1129 2873 de

161 2897 268 2927 Janua
287 2897 375 2928 5044.

123 2950 244 2980 Savino
258 2950 360 2990 (mon.
379 2952 418 2982 de
434 2952 494 2992 S.),
511 2953 650 2983 Pisanae
663 2952 693 2983 d.
714 2952 782 2986 666.
802 2950 871 2982 773.

125 3003 276 3040 83111005,
297 3005 337 3034 fr.
354 3006 462 3043 praed.
477 3005 546 3036 240.

1196 400 1289 431 Saxia
1308 401 1407 440 (hosp.
1427 401 1459 431 S.
1481 402 1599 432 Mariae
1617 403 1661 440 in)
1682 403 1720 433 de
1736 403 1823 434 Urbe
1839 404 1927 433 5067.

1197 453 1290 484 Saxia
1313 454 1418 492 (hosp.
1444 454 1475 484 S.
1503 454 1642 493 Spiritus
1663 456 1711 494 in)
1734 456 1771 485 de
1794 456 1880 487 Urbe
1905 456 1971 495 659,
2001 455 2086 493 1623,
2115 457 2201 494 1811,

1237 507 1325 543 2302,
1346 507 1432 543 2303,
1453 507 1544 542 2326,
1570 508 1657 545 2342,
1683 509 1770 545 2607,
1794 509 1882 545 3341,
1902 510 1990 546 3811,
2007 510 2096 547 3856,
2114 510 2201 545 3857,

1238 560 1325 597 4786,
1341 560 1429 595 5216,
1448 560 1535 596 5283,
1551 560 1638 597 5695,
1657 561 1745 596 6718,
1760 561 1848 598 7344,
1869 562 1955 592 7345.

1199 612 1384 642 Saxiferrati
1398 617 1538 643 castrum
1555 614 1642 643 2698.

1200 665 1342 696 Saxivivi
1358 674 1445 696 mon.
1463 666 1551 696 5345.

1200 718 1341 748 Saxivivi
1357 727 1443 748 mon.
1463 719 1495 748 S.
1514 719 1636 755 Crucis,
1659 719 1850 757 Fuliginatis
1866 720 1895 750 d.
1917 720 2004 750 6542.

1201 771 1400 802 Saxoferrato
1421 772 1629 812 (Benedictus
1647 772 1714 812 de),
1739 773 1917 804 monachus
1940 783 2028 805 mon.
2051 774 2082 804 S.
2103 775 2205 805 Bene-

1240 824 1317 854 dicti
1333 825 1464 854 Heremi
1480 825 1682 862 Montisfani,
1699 824 1940 855 Camerinensis
1956 826 1987 856 d.
2003 826 2090 857 3782.

1201 877 1400 908 Saxoserrato
1426 878 1572 915 (Jacobus
1593 878 1661 917 08),
1682 878 1859 908 monachus
1884 887 1970 909 mon.
1989 879 2020 909 S.
2041 880 2152 910 Crucis
2170 880 2208 910 de

1241 930 1408 969 Tripudio,
1425 930 1667 961 Camerinensis
1683 931 1714 960 d.
1736 931 1821 961 1904.

1203 983 1402 1014 Saxoferrato
1427 983 1590 1023 (Nicolaus
1612 984 1675 1024 de),
1703 985 1876 1015 8311001805
1904 985 2141 1024 senogaliensis
2157 986 2206 1017 78.

1203 1036 1402 1067 Saxoferrato
1428 1037 1553 1076 (domus
1580 1037 1619 1067 fr.
1649 1038 1730 1067 min.
1752 1038 1824 1077 (18),
1853 1038 2035 1069 Νο8811038
2061 1039 2090 1068 d.
2119 1039 2206 1076 3300,

1243 1090 1332 1120 6877.
2209 1116 2212 1118 .

1203 1142 1402 1174 Saxoferrato
1417 1143 1518 1182 (mon.
1539 1144 1569 1174 S.
1591 1143 1750 1173 Johannis
1766 1144 1819 1183 de)
1848 1144 1979 1174 Heremi
2002 1145 2208 1182 Montisfani,

1243 1196 1428 1226 Nucerinae
1445 1197 1475 1226 d.
1497 1197 1584 1227 5809.

1204 1248 1361 1279 Saxoniae
1376 1250 1438 1279 dux
1461 1250 1547 1287 1681,
1566 1250 1654 1281 3577.

1204 1302 1285 1341 Says
1310 1303 1523 1341 (Jocerandus
1548 1303 1617 1341 de),
1645 1303 1849 1334 hostellarius
1873 1313 1959 1334 mon.
1989 1304 2212 1334 Cluniacensis

1247 1356 1333 1391 1656,
1357 1357 1440 1391 1657,
1462 1357 1546 1386 1982.

1205 1409 1421 1439 Scacabarotis
1447 1409 1622 1448 (Berardus
1648 1409 1711 1449 de),
1740 1411 1913 1440 canonicus
1941 1410 2210 1447 Mediolanensi&

1244 1461 1429 1500 capellanus
1448 1463 1549 1499 Petri,
1568 1463 1600 1493 S.
1620 1463 1719 1493 Marci
1737 1464 1912 1502 presbyteri
1931 1463 2105 1494 cardinalis
2125 1463 2210 1494 1077.

1205 1514 1296 1544 Scala
1308 1515 1509 1554 (Maynettus
1525 1516 1576 1554 de)
1592 1516 1703 1546 Jacobi
1719 1516 1865 1555 Aymeri,
1887 1521 2042 1546 mercator
2060 1516 2148 1546 7249.

1206 1568 1296 1598 Scala
1310 1568 1476 1607 (Albertus
1490 1568 1528 1598 de
1544 1568 1596 1606 la),
1615 1569 1695 1598 civis
1710 1569 1905 1599 Veronensis
1921 1569 1990 1600 983.

1206 1621 1412 1659 Scalalapidis
1426 1621 1458 1650 S.
1478 1622 1596 1651 Mariae
1610 1622 1711 1660 (1000.
1729 1621 1792 1661 08),
1810 1622 2029 1652 Cracoviensis
2043 1621 2074 1652 d.
2091 1621 2178 1652 3105.

1207 1673 1364 1704 Scaldam.
1383 1674 1430 1704 Cf.
1448 1674 1551 1704 Pratis
1567 1684 1661 1713 supra
1677 1673 1836 1704 Scaldam.

1207 1726 1311 1757 883113
1325 1726 1504 1766 (castellum
1524 1736 1578 1757 580
1596 1727 1697 1766 villa).

1207 1780 1327 1810 Scanco
1346 1780 1623 1816 (Bartholomaeus
1641 1781 1679 1810 de
1694 1780 1850 1811 Castoldis
1866 1780 1928 1819 de),
1939 1780 2083 1818 clericus,
2097 1781 2211 1820 Perga·

1248 1834 1368 1863 mensis
1384 1834 1415 1864 d.
1433 1833 1520 1864 7353.

1208 1886 1386 1925 Scaporzoli
1401 1887 1565 1926 (Jacobus)
1580 1886 1669 1917 7256.

1208 1940 1414 1979 Scarcialupi,
1431 1940 1510 1970 civis
1529 1940 1680 1970 Senensis
1696 1940 1784 1970 7104.

1207 1993 1394 2023 Scardasolli
1412 1993 1517 2031 (silva)
1531 1992 1618 2023 7243.

1207 2045 1406 2083 Scardeburg
1420 2046 1451 2085 (J
1455 2045 1598 2075 ohannes
1611 2046 1674 2085 de),
1688 2046 1863 2076 canonicus
1884 2046 2136 2081 Herefordensis,
2149 2045 2213 2076 cle-

1248 2099 1331 2128 ricus
1350 2098 1532 2135 Aliauorae,
1550 2099 1662 2128 matris
1678 2099 1763 2137 regis
1776 2099 1914 2137 Angliae
1936 2099 2020 2129 1624.

1208 2152 1407 2190 Seardeburg
1423 2153 1482 2190 (ec.
1500 2152 1539 2181 fr.
1557 2152 1637 2181 min.
1654 2151 1719 2191 de),
1735 2152 1946 2183 Eboracensis
1960 2153 1991 2182 d.
2005 2152 2094 2184 3495.

1207 2205 1371 2236 Scarensis
1387 2206 1542 2235 dioecesis
1557 2205 1633 2236 3032
1645 2229 1652 2242 ,
1674 2205 1769 2244 3213,
1787 2205 1976 2242 6630-6632;
1993 2222 2033 2228 -
2052 2206 2215 2245 episcopus

1247 2257 1335 2287 3032.

1206 2310 1351 2341 88311301
1369 2310 1426 2349 (88.
1449 2310 1480 2340 S.
1499 2310 1621 2340 Nicolai
1642 2310 1680 2340 de
1697 2310 1813 2350 Plano)
1834 2311 2048 2341 Viterbiensis
2064 2311 2153 2343 5638.

1207 2363 1327 2393 883103
1342 2362 1400 2402 (88.
1420 2364 1452 2393 S.
1472 2363 1619 2393 Andreae
1635 2363 1704 2401 de),
1726 2363 1919 2394 Vulteranae
1935 2364 1966 2394 d.
1985 2363 2053 2394 397.

1208 2417 1348 2447 Scartiae
1364 2417 1464 2454 (mon.
1484 2416 1515 2446 S.
1531 2416 1657 2446 Antimi
1673 2417 1710 2446 de
1726 2416 1843 2454 Valle),
1863 2416 2014 2447 Clusinae
2032 2417 2062 2447 d.
2086 2417 2174 2447 4042.

1208 2469 1330 2500 Scaulis
1347 2469 1407 2508 (88.
1426 2469 1458 2499 S.
1477 2469 1613 2499 Albinae
1633 2469 1685 2507 de)
1704 2478 1799 2508 prope
1818 2469 2016 2507 Trajectum,
2041 2469 2217 2500 Gaietanao

1248 2522 1279 2552 d.
1298 2522 1386 2552 4996.

1209 2576 1318 2606 Scauri
1333 2574 1435 2614 (mon.
1453 2575 1509 2606 SS.
1528 2575 1675 2605 Andreae
1693 2580 1724 2605 et
1737 2575 1885 2614 Gregorii
1901 2576 1935 2605 in
1953 2575 2057 2615 Clivo)
2074 2575 2112 2606 de
2128 2575 2216 2607 Urbe

1250 2628 1356 2659 46-48.

1210 2681 1402 2711 88811810108
1416 2680 1476 2720 (88.
1499 2680 1534 2710 Β.
1555 2680 1675 2710 Μ31138
1691 2680 1755 2718 de),
1777 2681 1984 2711 Eboracensis
2003 2680 2034 2711 d.
2052 2680 2140 2711 5955.

1210 2734 1365 2765 Scerebek
1389 2734 1448 2773 (ec.
1476 2733 1532 2763 SS.
1559 2733 1713 2772 Symonis
1739 2739 1769 2763 et
1795 2733 1897 2764 Judae
1922 2734 1981 2772 in),
2010 2734 2159 2772 Ripensis
2184 2733 2216 2763 d.

1252 2786 1341 2817 6433.

1211 2839 1399 2871 8803081810
1415 2840 1474 2878 (88.
1493 2839 1555 2878 08),
1575 2839 1794 2870 Norwicensis
1810 2839 1840 2868 d.
1859 2839 1947 2869 6558.

1212 2892 1378 2924 Scheradii
1393 2892 1493 2931 (prior
1508 2891 1542 2922 S.
1560 2892 1671 2931 Petri),
1691 2892 1896 2922 Florentinae
1910 2892 1943 2922 d.
1960 2891 2049 2922 7449.

1212 2946 1385 2985 Schiptone
1410 2945 1584 2983 (Henricus
1605 2944 1668 2983 de),
1695 2944 1817 2975 archid.
1840 2944 1878 2974 (18
1900 2944 2088 2983 NotIghinie
2110 2945 2146 2975 in
2168 2953 2215 2975 ee.

1256 2998 1446 3029 Eboracensi
1463 2998 1532 3027 657.
