2393 3496
247 330 305 360 944
996 327 1232 359 REGISTRES
1254 327 1309 357 DE
1331 326 1513 358 NICOLAS
1535 329 1591 359 lv.

249 396 358 426 trictus
380 401 467 434 rogat
491 399 525 426 ut
546 395 719 434 praedictos
741 395 922 425 Narzonem
943 399 973 425 et
995 395 1128 424 Luciam
1151 393 1256 423 debito

249 453 419 479 tractantes
440 449 580 485 honore,
599 448 646 478 eis
666 452 799 486 pareant
816 448 851 477 in
870 447 934 477 illis
954 448 988 477 in
1009 447 1126 486 quihus
1146 455 1255 485 parere

247 505 427 532 teneantur.

316 645 567 674 6985-8990
743 644 950 679 Saint-Piorre,
970 644 1000 671 13
1015 644 1085 671 avril
1104 643 1180 672 1‘288.

280 707 392 739 Quibus
409 706 502 733 modis
524 715 578 742 pax
599 706 626 733 iu
649 706 754 734 Tuscia
770 707 934 734 conservari
959 707 1060 742 possit.
1077 706 1148 741 (Fol.
1167 707 1182 734 5
1199 708 1249 737 vo.)

283 795 401 824 Dilectis
416 794 489 832 filiis
503 817 524 825 ..
535 797 687 833 potestati,
704 818 724 825 ..
738 798 907 833 capitaneo,
920 797 1048 826 consilio
1058 800 1084 825 et
1095 797 1251 826 communi

242 848 438 878 Florentinis.
471 860 483 876 ι
509 848 620 888 Nuper
645 849 685 879 ad
711 849 911 880 audientiam
939 854 1081 880 nostram
1106 849 1252 889 pervenit

241 901 325 940 quod
346 901 378 930 in
404 902 572 940 provincia
595 903 725 940 Tuscie‚
752 903 838 942 pacis
860 902 982 941 emulo,
1007 908 1109 933 satore
1131 903 1250 932 zizanie

240 959 446 993 procurante,
465 955 681 986 dissentiones
697 960 727 986 et
743 955 893 986 seandala
908 956 1018 995 gravia
1033 957 1248 993 suscitantur,

240 1007 389 1047 quodque
408 1013 572 1047 propterea
591 1014 827 1048 congregantur
843 1014 953 1048 gentes
964 1033 972 1047 ‚
991 1014 1144 1050 parantur
1159 1018 1250 1040 arma

240 1064 270 1091 et
282 1061 346 1091 alia
363 1070 426 1101 que
440 1063 650 1101 requiruntur
666 1063 700 1093 in
715 1063 830 1093 talibus
844 1068 1092 1103 procurantur...
1106 1064 1248 1094 Univer-

239 1114 326 1145 sitati
350 1120 453 1146 vestre
475 1126 531 1155 per
549 1116 720 1156 apostolica
742 1117 858 1156 scripta
880 1117 1021 1147 districte
1043 1117 1248 1157 precipiendo

239 1169 431 1200 mandamus
454 1171 605 1209 quatinus
627 1171 778 1210 syndicos
798 1180 852 1201 seu
870 1175 1088 1210 procuratores
1107 1175 1244 1207 vestros,

238 1221 370 1261 plenum
387 1231 405 1251 a
420 1223 508 1252 vobis
524 1223 713 1253 mandatum
729 1224 896 1262 habentes,
913 1225 951 1254 ad
969 1225 1179 1262 audiendum,
1195 1234 1246 1255 re-

238 1274 421 1313 cipiendum
437 1280 467 1306 et
479 1277 709 1315 acceptandum
726 1287 781 1316 pro
797 1277 886 1308 vobis
903 1282 933 1308 et
946 1278 1078 1308 nomine
1091 1282 1195 1309 vestro
1211 1287 1247 1308 ea

237 1336 299 1367 que
314 1337 371 1367 pro
386 1329 481 1366 bono,
498 1330 630 1368 pacifico
646 1334 677 1360 et
694 1330 869 1370 tranquillo
885 1335 966 1362 statu
983 1335 1086 1363 vestro
1099 1332 1247 1372 dicteque

238 1382 400 1420 provincie
422 1382 610 1413 duxerimus
632 1384 828 1420 ordinanda,
851 1385 936 1415 iufra
961 1387 1136 1416 terminum
1155 1386 1246 1417 vohis

236 1443 330 1473 super
352 1435 413 1465 hoc
433 1445 489 1474 per
509 1436 661 1467 dilectum
682 1436 787 1468 filium
803 1438 995 1476 magistrum
1014 1439 1189 1478 Rogerium
1207 1439 1246 1471 de

237 1486 370 1517 Salerno
381 1513 388 1526 ,
419 1488 644 1527 cappellanum
674 1495 830 1528 nostrum,
860 1491 993 1521 latorem
1025 1493 1222 1531 presentium
1238 1518 1244 1531 ,

235 1550 330 1580 quem
349 1541 388 1571 ad
405 1551 459 1572 vos
474 1548 602 1582 propter
617 1543 676 1574 hoc
692 1544 870 1583 specialiter
884 1546 1055 1583 mittimus,
1072 1547 1245 1585 assignan-

235 1594 311 1624 dum
322 1617 330 1631 ‚
348 1595 471 1625 sublato
487 1596 685 1627 difficultatis
700 1597 881 1635 obstaculo,
899 1598 938 1628 ad
954 1604 1096 1629 nostram
1114 1609 1244 1639 presen-

237 1647 313 1677 tiam
327 1647 504 1686 destinetis‚
520 1649 653 1680 interim
669 1659 687 1680 a
702 1650 845 1689 quolibet
860 1651 969 1682 hostili
986 1661 1135 1691 processu
1151 1654 1244 1684 absti-

237 1704 387 1731 nenteS...
405 1701 476 1732 Dat.
494 1702 601 1733 idibus
616 1703 738 1742 aprilis.
758 1716 770 1731 n

276 1754 315 1783 In
331 1764 357 1784 e.
376 1764 419 1784 m.
440 1777 459 1784 ..
478 1757 634 1794 potestati,
654 1757 790 1788 consilio
807 1763 837 1788 et
852 1760 1017 1790 communi
1033 1760 1242 1792 Senensibus.

276 1808 313 1838 In
330 1817 357 1838 e.
375 1818 418 1838 m.
440 1833 458 1838 ..
476 1810 634 1848 potestati,
653 1811 789 1842 consilio
806 1816 835 1842 et
852 1813 1017 1842 communi
1039 1814 1191 1843 Aretinis.

275 1862 311 1891 Iu
332 1871 358 1891 e.
380 1871 423 1892 m.
443 1863 628 1892 extrinsecis
645 1863 682 1894 de
701 1864 820 1894 Aretio.

302 2015 552 2046 6891-6992
734 2016 937 2048 Sami-pierre,
956 2018 986 2044 13
1002 2020 1071 2045 avril
1090 2019 1166 2047 1288.

267 2078 309 2104 De
326 2078 427 2105 eodem
442 2078 567 2113 negotio.
585 2078 656 2111 (Fol.
675 2079 688 2104 5
707 2078 757 2113 vo.)

269 2169 380 2198 Dilecto
403 2168 468 2205 filio
491 2169 679 2204 Percivallo,
703 2169 858 2206 capellano
884 2175 1000 2206 nostro,
1028 2173 1184 2202 carissimi
1209 2174 1241 2202 in

231 2222 349 2251 Christo
364 2220 423 2258 filii
436 2223 534 2251 nostri
549 2222 595 2259 R„
612 2223 693 2260 reqis
709 2222 913 2252 Romanorum
931 2224 1075 2263 illustris,
1095 2226 1127 2255 in
1141 2229 1240 2264 parti-

230 2276 282 2304 bus
298 2275 399 2304 Tuscie
416 2275 532 2304 vicario
546 2276 694 2314 yenerali.
713 2275 750 2304 Ei
765 2274 897 2305 mandat
910 2280 944 2306 ut
955 2276 1040 2307 inira
1051 2279 1238 2317 quindecim

229 2328 296 2358 dies
311 2332 379 2367 post
394 2329 608 2367 receptionem
624 2328 841 2368 praesentium
860 2330 899 2359 ad
915 2332 1130 2370 praesentiam
1147 2343 1238 2365 suam

228 2381 438 2421 personaliter
454 2390 487 2412 se
503 2382 655 2419 conferat,
670 2382 800 2411 interim
817 2383 856 2412 ab
873 2382 981 2413 hostili
999 2394 1146 2423 processu
1163 2396 1238 2426 quo-

226 2435 306 2465 libet
321 2435 448 2474 penitus
465 2435 666 2466 abstinendo.

272 2500 284 2515 ι
301 2488 411 2527 Nuper
427 2488 466 2518 ad
481 2488 721 2519 audientiam...
742 2505 777 2510 —
793 2490 864 2520 Dat.
883 2494 1039 2530 utsupra.
1062 2505 1073 2519 ι,

267 2542 304 2571 In
329 2551 356 2571 e.
381 2550 424 2571 m.
450 2541 595 2581 episcopo
616 2542 769 2579 Aretino‚
792 2547 825 2573 ut
847 2543 931 2573 infra
950 2546 1125 2576 terminum
1141 2548 1202 2586 ipsi
1218 2557 1236 2578 a

227 2595 363 2634 Rogerio
382 2595 420 2625 de
436 2594 570 2626 Salerno
585 2595 780 2634 assignando
792 2596 828 2626 ad
843 2597 1005 2635 pontificis
1021 2601 1233 2638 praesentiam

225 2657 257 2679 se
273 2648 425 2679 conferat.
444 2649 515 2678 Dat.
536 2652 570 2678 ut
585 2658 690 2688 supra.

293 2801 545 2831 6993-6994

256 2865 364 2893 Jacobo
379 2864 522 2891 Johannis
538 2864 688 2891 rectoriam
710 2865 738 2891 in
759 2865 958 2900 spiritualibus
976 2865 1148 2902 Campaniae
1171 2869 1232 2895 Mn-

223 2915 390 2949 ritimaeque
407 2912 570 2940 committit.
588 2912 660 2945 (Fol.
677 2912 693 2940 6
709 2914 757 2944 r0.)

721 2802 925 2837 Salat-pierre,
944 2803 974 2830 13
991 2805 1061 2831 avril
1079 2805 1155 2832 1288.

261 3004 369 3033 Dilecto
383 3003 448 3040 filio
464 3003 609 3039 maqislro
624 3001 729 3031 Jacobo
744 3002 905 3040 Johannis,
923 3004 1030 3034 clerico
1046 3005 1228 3036 Sanctorum

1339 392 1551 431 Apostolorum
1579 395 1851 430 [Ji-bevelanorum,
1881 396 1913 425 in
1937 396 2155 433 spiritualibus
2181 395 2344 435 Campaaie

1338 447 1550 486 Maritimeque
1568 449 1687 478 rectori.

1379 512 1391 527 ιι
1417 499 1498 530 Cum
1519 500 1554 530 in
1575 500 1787 540 Campania...
1806 518 1845 523 —
1864 501 1936 531 Dat.
1959 501 2075 538 Rome,
2093 501 2176 541 apud
2191 501 2342 536 Sanctum

1338 552 1480 590 Petrum,
1499 553 1605 584 idibus
1620 554 1742 592 aprilis.
1763 567 1774 580 ι

1378 606 1415 636 lu
1433 615 1460 636 e.
1478 615 1521 636 m.
1541 607 1696 646 episcopis
1712 611 1742 637 et
1757 607 1941 644 abbatibus,
1960 611 2018 638 etc.
2030 631 2038 645 ‚
2062 617 2116 647 per
2134 607 2341 647 Campaniam

1337 664 1366 690 et
1386 660 1582 690 Maritimam
1600 661 1790 692 constitutis.

1405 812 1523 841 6995

1371 875 1412 902 De
1429 876 1569 910 regimine
1585 877 1710 904 civitatis
1721 867 1894 904 'Esculanae
1912 876 1983 912 (1²01.
2000 877 2015 904 6
2033 878 2080 910 ro.)

1833 813 2039 850 Sirim-pierre,
2058 815 2089 842 17
2105 815 2175 842 avril
2194 814 2270 843 ¹288.

1373 965 1483 995 Dilecto
1507 965 1572 1003 filio
1601 966 1648 1003 F.,
1678 966 1766 996 electo
1800 966 1964 1005 Yporiensi,
1995 966 2127 997 Marchie
2157 968 2303 1009 Anconita
2340 998 2343 1000 .

1332 1019 1455 1055 rectori,
1477 1017 1638 1056 significat
1662 1027 1695 1049 se
1712 1018 1823 1049 laetari
1843 1019 1928 1058 quod
1947 1019 1976 1049 ei
1991 1019 2026 1049 in
2042 1019 2170 1050 civitate
2186 1020 2341 1054 Esculann*

1334 1083 1348 1098 α
1372 1071 1412 1101 ab
1435 1071 1595 1102 universis
1618 1071 1799 1102 intenditur
1821 1072 1989 1103 humiliter
2011 1077 2042 1103 et
2063 1072 2185 1112 devote
2210 1085 2225 1102 »
2247 1074 2342 1115 eiqu

1331 1124 1464 1154 mandat
1481 1128 1514 1155 ut
1529 1124 1568 1155 de
1586 1125 1714 1155 civitate
1732 1133 1797 1156 non
1816 1125 1943 1156 recedat
1958 1129 2131 1166 antequam
2147 1125 2225 1157 illuc
2239 1129 2340 1160 rector

1331 1186 1435 1208 novus
1453 1187 1486 1208 se
1503 1178 1712 1217 personaliter
1727 1178 1909 1210 contulerit.

1373 1244 1385 1259 α
1405 1232 1568 1262 Intimasti
1587 1232 1679 1262 uobis
1698 1242 1790 1272 per...
1805 1248 1845 1255 —
1863 1233 1934 1262 Dat.
1954 1233 2066 1271 Rome,
2086 1234 2171 1274 apud
2187 1233 2341 1268 Sanctum

1330 1286 1473 1323 Petrum,
1491 1295 1530 1315 xv
1549 1285 1702 1317 kalendas
1720 1286 1809 1317 maii.
1831 1298 1845 1312 »

1400 1438 1651 1467 6998-(3992
1826 1439 2033 1471 Saint-Pierre‚
2055 1439 2086 1467 ¹9
2101 1440 2172 1467 avril
2189 1440 2266 1468 1288.

1365 1500 1526 1527 Annibaldo
1543 1501 1578 1527 de
1593 1501 1722 1528 Ceccano
1739 1506 1766 1528 et
1787 1501 1913 1528 Johanni
1929 1502 1986 1529 filio
2012 1504 2092 1538 ejus,
2115 1510 2151 1530 ex
2167 1506 2248 1538 parte
2266 1512 2335 1541 una,

1327 1553 1356 1577 et
1371 1549 1512 1577 Balduino
1529 1551 1563 1577 de
1587 1550 1715 1586 Supino,
1731 1559 1766 1577 ex
1783 1551 1887 1581 altera,
1904 1550 2032 1586 injungit
2054 1559 2089 1578 ne
2107 1551 2250 1579 hostiliter
2264 1552 2336 1581 nlius

1326 1603 1425 1628 contra
1440 1600 1525 1627 alium
1544 1600 1709 1635 procedant.
1726 1599 1797 1633 (Fol.
1815 1600 1830 1627 6
1848 1602 1893 1629 ro.)

1367 1692 1486 1720 Dilectis
1517 1691 1593 1727 filiis
1623 1690 1773 1719 nobilibus
1805 1691 1883 1720 viris
1910 1689 2057 1720 sinibaldo
2088 1690 2123 1720 de
2155 1690 2282 1721 Geccano
2310 1695 2339 1721 et

1326 1744 1461 1773 Johannt
1485 1749 1557 1773 nato
1581 1744 1656 1780 ejuS.
1688 1754 1702 1769 α
1724 1741 1879 1773 Mirantes
1906 1742 2089 1774 audivimus
2116 1748 2148 1774 et
2166 1743 2336 1777 referimus

1327 1797 1503 1837 perturbati
1523 1796 1607 1835 quod
1630 1804 1704 1832 vos,
1731 1804 1798 1826 non
1814 1796 1885 1826 sine
1904 1796 1994 1835 gravi
2011 1797 2161 1828 scandalo
2180 1797 2334 1836 regionis,

1325 1854 1523 1882 armatorum
1555 1849 1803 1880 multitudinem
1828 1858 2025 1888 congregare
2047 1850 2204 1889 satagitis,
2226 1855 2335 1882 contra

1325 1904 1479 1935 dilectum
1501 1903 1608 1933 filium
1632 1903 1775 1934 nobilem
1798 1903 1906 1934 virum
1929 1903 2128 1934 Balduinum
2150 1903 2190 1935 de
2213 1904 2337 1944 Supino

1324 1957 1496 1997 procedere
1512 1956 1671 1987 hostiliter
1690 1957 1938 1987 intendentes...
1956 1956 2126 1988 Nobilitati
2141 1961 2260 1996 vestre,
2276 1957 2334 1989 suh

1324 2011 1430 2041 debito
1443 2010 1606 2040 fidelitatis
1621 2018 1685 2049 quo
1697 2009 1831 2041 ecclesie
1845 2018 1978 2041 romane
1992 2010 2150 2041 tenemini
2162 2014 2194 2041 et
2209 2033 2229 2041 ..
2246 2019 2333 2042 mar-

1324 2073 1434 2095 carum
1457 2065 1586 2103 argenti
1605 2073 1700 2103 pena,
1727 2067 1838 2094 tenore
1857 2064 2057 2103 presentium
2078 2063 2220 2095 districte
2234 2065 2332 2104 preci-

1323 2119 1441 2158 piendo
1460 2118 1655 2148 mandamus
1676 2118 1829 2157 quatinus
1846 2118 1886 2148 ab
1903 2117 2092 2157 hujusmodi
2106 2121 2216 2149 contra
2229 2118 2332 2158 prefa-

1324 2176 1391 2203 tum
1412 2172 1554 2203 nobilem
1575 2171 1724 2202 hahendo
1746 2180 1896 2211 processu
1921 2175 1952 2202 et
1973 2171 2114 2202 novitate
2135 2171 2279 2212 qualibet
2297 2173 2345 2203 iu'

1322 2225 1388 2256 illis
1411 2226 1555 2265 partibus
1578 2224 1763 2256 suscitanda
1779 2225 1907 2265 penitus
1924 2225 2086 2256 abstinere
2100 2225 2228 2260 curetis.
2243 2225 2346 2258 Alio*

1322 2280 1399 2319 quin
1419 2280 1458 2310 ad
1482 2280 1680 2310 exactionem
1699 2279 1840 2318 predicte
1857 2287 1938 2319 pene
1959 2287 1995 2310 ac
2011 2278 2089 2310 alias
2109 2280 2206 2310 etiam
2223 2283 2330 2311 contra

1322 2342 1376 2363 vos
1395 2337 1425 2363 et
1442 2336 1559 2363 terram
1577 2337 1715 2363 vestram
1731 2331 1939 2371 spiritualiter
1954 2335 1984 2363 et
1995 2332 2223 2372 temporaliter,
2239 2337 2332 2378 prout

1320 2386 1457 2426 qualitas
1470 2387 1543 2416 facti
1555 2385 1692 2416 suaserit
1702 2390 1733 2417 et
1746 2386 1894 2425 expedire
1905 2385 2099 2424 viderimus,
2109 2386 2343 2425 procedemus..-

1320 2440 1354 2471 Si
1371 2449 1445 2470 vero
1469 2444 1578 2470 contra
1594 2439 1734 2470 eundem
1750 2439 1891 2470 nobilem
1906 2438 2032 2478 aliquid
2049 2447 2105 2470 vos
2120 2438 2238 2470 hahere
2253 2447 2328 2470 con-

1321 2493 1451 2523 tenditis
1465 2493 1653 2532 questionis,
1669 2492 1772 2531 parati
1788 2500 1900 2522 sumus
1912 2492 2017 2522 facere
2030 2491 2133 2529 vobis,
2145 2500 2219 2522 cum
2234 2499 2328 2531 super

1319 2547 1378 2577 hoc
1394 2547 1541 2586 requisiti
1561 2546 1729 2582 fuerimus,
1747 2546 1892 2576 exhiheri
1905 2545 2030 2586 justitie
2045 2544 2325 2585 complementum.

1319 2600 1388 2630 Dat.
1411 2601 1523 2636 Rome,
1540 2605 1611 2634 etc..
1629 2609 1684 2630 xm
1700 2599 1853 2630 kalendas
1870 2599 1961 2629 maii.
1979 2611 1993 2626 n

1358 2653 1396 2683 In
1410 2661 1436 2683 e.
1450 2661 1492 2682 m.
1509 2652 1608 2683 nobili
1621 2653 1689 2683 viro
1702 2652 1863 2683 Balduino
1874 2652 1912 2683 de
1924 2652 2057 2692 Supino.
2071 2652 2236 2690 Mirantes,
2252 2656 2323 2688 etc„

1318 2711 1351 2736 ut
1369 2715 1474 2745 supra,
1493 2707 1622 2736 mutatis
1642 2706 1816 2736 mutandis.

1385 2858 1637 2888 6998-7000
1815 2858 2022 2895 Saint-Pierre,
2039 2858 2071 2886 19
2087 2858 2157 2886 avril
2173 2857 2252 2886 ¹288.

1351 2919 1392 2946 De
1401 2925 1496 2948 castro
1506 2920 1606 2948 Radeti
1614 2925 1713 2949 contra
1721 2921 1852 2949 homines
1858 2918 2317 2955 Cassiaedetendend0.(Fot.6v⁰.)
2350 2850 2381 3029 ξ

1622 3011 1749 3047 vicario,
1765 3011 1891 3041 consilio
1907 3015 1932 3041 et
1946 3011 2104 3040 communi
2119 3009 2249 3039 Matrici.
2265 3006 2318 3038 Eis
2356 3004 2374 3062 3.,

2363 3068 2372 3084 ,

1354 3010 1474 3040 ὓίίεσιὶε
1488 3011 1564 3047 filiis
1583 3033 1601 3040 ..
