2393 3496
883 327 1094 358 REGISTRE
1117 316 1333 358 CAMERAL.
2098 324 2156 355 043

68 402 244 431 [erevetano
257 421 263 433 ,
281 397 372 425 totius
385 397 543 433 provincie
559 395 734 424 Romaniole
745 418 752 432 ‚
770 396 903 424 civitatis
923 395 1064 430 Bononie,

65 444 220 485 comitatus
234 450 419 479 Brictouorii
433 458 467 478 <ic
480 450 738 486 pertinentiarum
754 448 926 477 eurumdem
945 448 1065 477 rectori.

106 519 119 533 (ι
138 505 200 535 Etsi
217 503 363 540 exigente
382 501 586 540 pastoralis...
606 517 645 523 —-
661 501 732 530 Dat.
755 505 787 530 ut
804 509 909 538 supra.
932 512 944 526 1>

134 707 250 737 (3980
573 705 780 736 saint-pierre,
799 706 813 732 5
829 706 898 731 avril
919 705 995 731 1288.

103 770 144 797 De
159 769 258 796 eodem
275 769 399 803 negotio.
418 767 489 801 (Fot.
508 768 521 794 4
539 768 588 802 νῦ.)

109 879 224 908 Dilectis
238 876 312 915 filiis
328 877 477 905 universis
494 877 663 912 comitibus,
682 877 844 906 baronibus
857 885 891 905 uc
908 876 1069 910 nobilibus,

69 931 267 971 potestatibus,
285 931 452 968 capitaneis
467 933 494 959 et
508 931 683 966 rectoribus,
699 930 846 966 consiliis,
862 930 1073 958 communibus

69 990 96 1015 et
111 983 362 1014 universitatibus
377 983 549 1019 civitatum,
568 988 755 1018 castrorum,
775 988 926 1012 terrarum
946 986 971 1010 et
993 982 1073 1010 loco-

68 1047 138 1068 rum
151 1045 203 1075 per
220 1041 312 1066 totam
327 1036 523 1073 provinciam
542 1037 734 1072 Romaniole,
754 1036 907 1065 civitatem
928 1035 1071 1071 Bononia,

68 1091 242 1121 comitatum
263 1089 448 1118 Brictonorii
472 1094 497 1118 et
518 1090 779 1126 pertinentiarum
803 1089 976 1118 earumdem
1002 1097 1073 1117 con-

67 1145 189 1174 stitutis.

64 1185 76 1202 '
109 1208 122 1224 κ
141 1195 205 1226 Etsi
222 1195 368 1233 exigente
383 1195 589 1234 pastoralis...
606 1213 645 1218 —
661 1196 732 1225 Dat.
753 1200 788 1225 ut
807 1204 911 1234 supra.
933 1186 961 1221 n*

104 1455 298 1483 Senescaltum
315 1456 476 1490 Bellicadri‚
494 1456 542 1491 qui
559 1456 668 1483 litteras
684 1464 699 1482 a
717 1455 796 1482 sedis
812 1455 986 1491 apostolicae
1002 1464 1076 1482 nun-

70 1506 118 1532 tiis
131 1505 165 1532 ad
180 1506 332 1540 collegium
347 1505 537 1532 cardinalium
561 1505 666 1531 missas
687 1505 826 1531 violenter
841 1506 967 1539 aperuit,
985 1505 1077 1531 mina-

72 1558 126 1582 tur.
141 1554 211 1588 (Fol.
229 1556 243 1581 5
261 1556 307 1587 ro.)

566 1393 772 1424 Saint-Pierre,
792 1393 822 1419 13
839 1393 908 1419 avril
926 1393 1003 1420 1288.

113 1663 220 1693 Dilecto
235 1664 299 1701 filio
317 1663 412 1693 nobili
429 1664 495 1693 viro
510 1686 531 1693 ..
548 1664 710 1693 senescallo
726 1663 899 1693 Beilicudri'.
922 1675 936 1690 «
954 1663 1078 1693 Grandi

75 1724 132 1746 nec
152 1717 314 1746 immerito
335 1716 548 1746 admiratione
569 1716 759 1746 deducimur
780 1716 863 1754 quod
888 1720 918 1745 tu
937 1717 1076 1755 pridem,

75 1778 205 1799 romana
230 1769 364 1800 ecclesia
386 1773 461 1799 tunc
483 1770 617 1808 pastoris
640 1769 751 1799 solatio
771 1769 934 1806 destituta,
956 1770 1079 1800 illicitis

77 1821 177 1852 animi
197 1822 243 1852 tui
259 1823 398 1852 motibus
413 1823 511 1852 nimis
528 1823 638 1852 favens
656 1826 686 1852 et
701 1823 869 1860 apostolice
889 1823 973 1853 sedis
990 1833 1080 1853 reve—

76 1875 210 1904 rentiam
229 1884 247 1904 a
264 1880 292 1904 te
308 1884 439 1913 prorsus
455 1876 610 1912 abiciens,
628 1876 782 1914 quasdam
799 1876 919 1906 litteras
935 1885 1014 1915 quas
1030 1885 1081 1906 ve—

75 1927 233 1958 nerabiles
253 1928 367 1958 fratres
388 1929 489 1959 nostri
507 1929 543 1958 B.
557 1952 564 1966 ‚
583 1929 773 1963 Ravennas,
793 1933 823 1958 et
839 1930 894 1966 P.‚
913 1930 1082 1959 Montisre-

75 1981 152 2019 galis
164 1981 406 2020 archiepiscopi,
423 1982 506 2012 sedis
519 1982 688 2021 apostolice
702 1983 820 2019 nuntii,
839 1992 894 2021 pro
910 1983 1005 2012 certis
1019 1983 1082 2013 sibi

75 2034 113 2064 ab
126 2045 161 2065 ea
175 2036 356 2066 commissis
374 2037 509 2074 negotiis
526 2037 558 2065 in
578 2036 823 2066 ultramontanis
840 2037 981 2075 partibus
998 2045 1083 2066 com—

67 2093 254 2126 morantes,
275 2088 410 2127 collegio
426 2089 642 2118 cardinalium
660 2089 762 2128 ipsius
782 2089 928 2122 ecclesie.
948 2090 986 2119 de
1003 2099 1080 2128 quo-

76 2150 147 2171 rum
165 2151 300 2172 numero
320 2147 395 2172 tunc
416 2151 562 2179 eramus,
583 2151 638 2180 per
660 2142 829 2181 specialem
851 2143 1005 2172 nuntium
1024 2143 1082 2172 sub

77 2193 190 2231 sigillis
202 2195 337 2233 propriis
350 2194 567 2231 destinabant,
580 2195 639 2232 ipsi
653 2195 766 2224 nuntio
780 2195 882 2224 violen
890 2200 934 2224 ter
946 2196 1081 2232 auterre,

77 2248 197 2286 aperire
215 2247 288 2277 illas
306 2256 341 2277 ac
358 2248 391 2276 in
411 2247 456 2277 eis
475 2252 625 2277 contenta
641 2247 823 2286 disquirere
843 2248 1082 2286 presumpsisti,

78 2300 160 2339 quod
176 2304 262 2330 tanto
279 2300 511 2339 reprobabilius
528 2305 557 2330 et
574 2301 777 2330 indecentius
796 2301 1033 2340 extititquanto
1050 2301 1084 2331 id

80 2354 113 2383 in
133 2355 287 2393 majorem
308 2354 439 2384 ecclesie
458 2354 597 2393 predicte
617 2358 835 2393 contemptum
856 2355 953 2384 fuisse
976 2355 1083 2385 dinos-

79 2407 161 2437 citur
174 2413 406 2447 attemptatum.
422 2408 503 2438 Cum
518 2408 625 2446 itaque
640 2408 715 2437 talia
728 2417 792 2437 non
807 2409 976 2446 possimus,
993 2409 1084 2438 sicuti

80 2468 138 2490 nec
157 2461 328 2497 debemus,
347 2461 563 2500 equanimiter
581 2461 733 2498 tolerare,
752 2461 936 2492 discretioni
959 2467 1010 2491 tue
1030 2471 1086 2500 per

79 2514 246 2552 apostolica
269 2515 384 2553 scripta
406 2514 598 2544 mandamus
621 2515 773 2553 quatinus
796 2515 917 2545 litteras
942 2519 1085 2554 patentes

79 2571 133 2596 aut
145 2567 268 2597 clausas
285 2577 347 2606 que
366 2568 457 2598 nohis
472 2568 521 2597 vel
535 2568 627 2598 dictis
639 2568 856 2598 cardinalibus
871 2578 926 2598 seu
942 2570 1085 2608 ipsorum

79 2619 175 2650 alicui
190 2620 394 2651 destinantur
408 2621 457 2651 vel
471 2631 550 2659 quas
564 2630 622 2651 nos
639 2622 899 2661 quibuscumque
914 2622 1086 2660 dirigimus

81 2673 146 2703 sive
160 2674 218 2712 ipsi
234 2675 455 2704 transmittunt
469 2684 579 2704 earum
593 2675 718 2705 auferre
732 2675 886 2705 latoribus
900 2675 949 2704 vel
963 2676 1086 2714 aperire

82 2734 136 2755 seu
155 2725 259 2764 legere
279 2736 340 2765 que
361 2727 566 2757 continentur
585 2728 619 2756 in
636 2728 682 2757 eis
698 2727 832 2758 ulterius
848 2728 1088 2767 quomodolibet

82 2787 146 2808 non
162 2782 338 2818 attemptes.
357 2781 418 2810 Pro
435 2784 519 2810 certo
536 2781 672 2810 sciturus
688 2782 786 2820 quod,
808 2782 833 2810 si
851 2791 940 2811 secus
958 2791 975 2810 a
993 2786 1020 2811 te
1036 2781 1087 2819 agi

83 2833 291 2870 contingeret,
306 2838 463 2871 quantum
478 2834 509 2863 id
527 2834 620 2863 nobis
636 2833 805 2864 molestum
821 2835 966 2864 existeret
981 2838 1011 2863 et
1024 2834 1086 2863 dis-

84 2884 212 2923 pliceret
229 2886 425 2916 omnimodis
442 2888 521 2916 votis
538 2887 653 2917 nostris
673 2887 728 2916 tibi
748 2897 801 2926 per
822 2887 968 2917 effectum
985 2887 1088 2926 operis

84 2942 346 2969 monstraremus.
364 2940 435 2970 Dat.
454 2941 573 2977 Rome,
591 2940 673 2979 apud
691 2940 844 2971 Sanctum
861 2941 1008 2978 Petrum,
1025 2941 1088 2969 idi-

83 2991 142 3022 bus
158 2992 275 3031 aprilis.
295 3005 309 3020 »

1220 393 1334 421 8982

1185 455 1228 489 R,
1246 456 1336 482 electo
1354 456 1518 490 Yporiensi,
1536 457 1664 490 regimen
1680 455 1804 482 civitatis
1820 454 1979 481 Esculanae
1994 454 2157 487 committit,

1149 503 1240 530 donec
1257 504 1323 530 illuc
1339 508 1433 530 rector
1452 513 1544 531 novus
1560 504 1717 531 advenerit.
1738 503 1807 537 (Fot.
1827 504 1842 530 5
1859 505 1906 535 νο.)

1649 392 1856 423 Saint-Pierre‚
1875 391 1906 418 ¹3
1922 391 1990 417 avril
2009 391 2086 419 1288.

1192 613 1300 642 Dilecto
1324 613 1388 649 filio
1413 614 1463 649 F.,
1489 614 1576 642 electo
1604 613 1779 650 Yporieusi,
1801 611 1932 641 Marchie
1953 611 2161 640 Anchonttane

1152 667 1274 695 rectori.
1294 677 1307 691 (ι
1326 665 1420 702 Cum,
1438 666 1519 695 sicut
1534 665 1766 700 intelleximus,
1783 663 1935 694 officiales
1953 663 2090 693 civitatis
2107 663 2161 692 Es-

1152 717 1267 747 culane
1283 718 1347 747 sint
1364 718 1403 747 ab
1419 727 1456 748 ea
1471 719 1505 748 in
1523 718 1668 757 proximo
1684 717 1860 754 recessuri,
1878 726 1950 746 cuni
1969 720 2091 754 tempus
2108 724 2162 753 per

1152 771 1236 809 quod
1258 775 1407 800 tenentur
1427 771 1510 801 inibi
1532 780 1655 801 moram
1676 771 1866 801 contrahere
1889 771 1922 800 in
1942 770 2030 799 brevi
2050 769 2163 798 debeat

1154 824 1331 859 terminari,
1351 833 1418 860 nos,
1437 824 1583 854 nolentes
1599 824 1759 853 civitatem
1778 823 1913 853 eandem
1929 823 2048 861 absque
2064 826 2164 851 recto-

1154 877 1197 906 ris
1213 877 1370 914 regimine
1386 886 1563 913 remanere,
1584 876 1733 906 volumus
1748 880 1777 905 et
1793 886 1847 914 per
1862 875 2031 914 apostolica
2047 875 2163 913 scripta

1155 930 1213 959 tibi
1228 929 1431 969 precipiendo
1451 930 1644 959 mandamus
1663 929 1816 968 quatinus
1832 929 1870 958 de
1886 929 2013 958 civitate
2031 937 2095 957 non
2114 937 2163 958 re-

1155 983 1247 1012 cedas
1263 983 1372 1012 eadem
1384 1005 1392 1018 ,
1411 987 1456 1012 set
1478 992 1587 1012 curam
1605 986 1635 1012 et
1652 982 1798 1020 regimen
1815 981 1932 1020 ipsius,
1948 981 2048 1010 donec
2063 985 2165 1010 rector

1155 1037 1194 1065 de
1211 1045 1272 1074 quo
1287 1036 1314 1065 ei
1328 1037 1395 1074 jam
1414 1036 1564 1065 duximus
1580 1035 1814 1073 providendum
1826 1035 1943 1070 veniat,
1961 1034 2044 1072 quod
2060 1034 2119 1063 erit
2132 1034 2166 1063 in

1157 1090 1310 1128 proximo,
1330 1089 1514 1127 prudenter,
1532 1093 1676 1127 potenter
1694 1092 1723 1118 et
1741 1087 1880 1117 sollicite
1895 1087 2080 1116 auctoritate
2096 1095 2166 1125 pre-

1156 1143 1298 1172 sentium
1319 1142 1445 1172 studeas
1462 1151 1607 1172 exercere
1619 1166 1626 1179 ‚
1644 1142 1682 1171 ad
1700 1142 1750 1179 id,
1770 1141 1797 1170 si
1815 1149 1894 1179 opus
1910 1141 2047 1170 extiterit
2065 1144 2095 1169 et
2114 1148 2167 1169 ex-

1158 1196 1265 1235 pedire
1284 1196 1460 1234 putaveris,
1479 1195 1624 1225 fidelium
1641 1194 1772 1225 illarum
1793 1194 1931 1233 partium
1950 1193 2123 1223 consilium
2139 1196 2169 1222 et

1157 1249 1313 1279 auxilium
1330 1249 1520 1279 invocando.
1539 1249 1585 1278 De
1602 1252 1684 1278 statu
1700 1256 1828 1286 quoque
1844 1247 1981 1277 civitatis
1997 1247 2097 1285 ipsius
2114 1254 2169 1276 no-

1158 1303 1205 1332 bis
1213 1302 1398 1341 frequenter
1409 1302 1547 1332 scribere
1562 1301 1700 1338 studeas,
1712 1310 1748 1330 ea
1758 1309 1819 1339 que
1834 1299 2073 1338 singnfficanda
2085 1298 2169 1328 vide-

1158 1356 1203 1385 ris
1221 1355 1440 1386 intimando...
1459 1356 1531 1385 Dat.
1548 1359 1705 1394 utsupra.
1729 1366 1742 1380 »

1232 1514 1482 1543 8983-69815

1197 1576 1240 1602 De
1266 1575 1422 1602 hereditate
1447 1575 1623 1606 Bocmundi,
1646 1575 1785 1609 principis
1808 1573 1984 1601 Antiocheni
2008 1577 2036 1599 et
2055 1573 2170 1600 comitis

1160 1625 1338 1660 Tripolitani,
1354 1634 1369 1651 a
1383 1624 1513 1651 Narzone
1529 1624 1563 1650 dc
1579 1623 1722 1650 Dussiaco
1739 1628 1767 1649 et
1781 1622 1882 1654 Lucia,
1900 1630 1989 1648 uxore
2007 1623 2081 1657 ejuS,
2097 1621 2170 1648 reci-

1162 1674 1275 1708 pienda.
1293 1673 1364 1706 (Fot.
1382 1674 1395 1700 5
1412 1674 1459 1706 μ’.)

1660 1511 1866 1543 Safini-pierre,
1886 1511 1918 1538 1⁶2
1933 1511 2003 1538 avril
2020 1511 2096 1537 1288.

1204 1770 1323 1799 Dilectis
1338 1771 1412 1807 filiis
1429 1791 1448 1797 ..
1469 1769 1614 1806 moyistro
1631 1772 1657 1796 et
1672 1766 1824 1804 frutribus
1841 1767 1947 1796 domus
1964 1768 2072 1796 militie
2091 1768 2172 1796 Tem-

1162 1823 1206 1861 pti
1235 1823 1488 1852 Jcrosottmttamt.
1519 1833 1531 1847 ι(
1560 1820 1708 1850 Exhibita
1732 1829 1835 1859 nuper
1857 1820 1947 1850 nobis
1973 1819 2088 1849 nobilis
2112 1819 2173 1849 viri

1165 1876 1320 1906 Narzonis
1338 1875 1376 1904 de
1396 1875 1560 1911 Dussiaco,
1581 1874 1673 1904 totius
1692 1874 1807 1911 rengni
1825 1872 1934 1903 Sicilie
1951 1873 2118 1910 admirati,
2137 1881 2173 1902 ac

1165 1929 1283 1960 nobilis
1300 1928 1445 1958 mulieris
1463 1927 1570 1964 Lucie,
1590 1927 1697 1957 uxoris
1714 1928 1797 1965 ejus,
1817 1927 1933 1956 sororis
1952 1926 2035 1956 clare
2052 1934 2173 1956 memo-

1165 1984 1210 2013 rie
1225 1982 1414 2016 ssoemundi,
1426 1981 1580 2019 principis
1593 1980 1789 2010 Antioc-lieni
1799 1980 1961 2010 etcomitis
1971 1980 2172 2018 Tripolitani,

1166 2037 1271 2077 petitio
1294 2034 1478 2065 continebat
1499 2033 1581 2072 quod
1594 2057 1602 2070 ,
1622 2042 1694 2063 cum
1714 2033 1797 2062 idem
1819 2033 1965 2071 princeps
1984 2032 2082 2062 nullis
2100 2032 2174 2061 aliis

1166 2089 1287 2120 relictis
1309 2087 1481 2117 heredibus
1503 2087 1586 2116 viam
1604 2091 1684 2116 esset
1703 2086 1854 2116 universe
1870 2086 1974 2115 carnis
1990 2086 2172 2123 ingressus,

1167 2142 1277 2172 eadem
1302 2140 1400 2170 Lucia
1420 2141 1452 2169 in
1477 2145 1558 2169 terra
1576 2148 1637 2177 que
1658 2139 1717 2168 suit
1738 2139 1814 2168 dicti
1836 2139 1989 2177 principis
2012 2143 2175 2177 tamquam

1166 2194 1342 2233 proximior
1358 2194 1419 2232 ipsi
1436 2192 1574 2231 principi
1593 2192 1727 2221 debebat
1743 2191 1866 2231 dejure
1883 2191 2061 2228 succedere,
2082 2199 2176 2229 prop-

1169 2254 1214 2278 ter
1233 2248 1315 2286 quod
1338 2247 1441 2277 dictus
1463 2247 1629 2276 Narzonus
1652 2249 1759 2285 parato
1780 2245 1908 2283 navigio
1927 2245 2117 2283 competenti
2135 2244 2175 2274 ad

1168 2306 1271 2340 partes
1310 2300 1514 2330 transfretare
1545 2299 1738 2338 proponebat
1771 2298 1909 2328 easdem.
1941 2298 2046 2334 Quare
2077 2298 2175 2328 iidem

1167 2355 1334 2385 Narzonus
1350 2358 1380 2383 et
1395 2354 1493 2383 Lucia
1510 2353 1668 2391 impertiri
1685 2353 1730 2382 eis
1746 2352 1830 2391 apud
1847 2361 1900 2382 vos
1916 2351 2079 2390 apostolici
2094 2351 2178 2381 favo-

1168 2409 1212 2437 ris
1234 2407 1424 2445 suffragium
1449 2406 1635 2445 suppliciter
1652 2405 1884 2445 implorarunt;
1906 2414 1963 2435 nos
1981 2410 2087 2435 autem
2105 2414 2177 2444 sup-

1168 2460 1333 2500 plicationi
1355 2469 1465 2489 eorum
1486 2460 1518 2489 in
1544 2459 1603 2489 hac
1622 2463 1709 2498 parte
1731 2463 1890 2498 quantum
1913 2459 2046 2488 honeste
2068 2467 2176 2497 possu-

1169 2523 1241 2543 mus
1266 2517 1462 2549 annuentes,
1490 2513 1692 2542 devotionem
1719 2516 1856 2541 vestram
1881 2515 2000 2541 attente
2026 2520 2177 2549 rogamus

1169 2567 1322 2605 quatinus
1340 2565 1466 2595 cosdem
1484 2566 1664 2595 Narzonem
1681 2569 1711 2594 et
1734 2565 1865 2595 Luciam
1886 2577 1898 2591 1>
1919 2564 1954 2594 in
1969 2565 2096 2603 juribus
2112 2565 2178 2594 suis

1168 2619 1384 2658 adipiscendis
1405 2618 1572 2657 adjuvetis.
1592 2619 1663 2647 Dat.
1684 2619 1821 2657 Romae,
1837 2618 1923 2656 apud
1944 2618 2098 2648 Sanctum
2118 2618 2178 2646 Pe-

1171 2677 1270 2709 trum,
1289 2682 1309 2701 11
1326 2672 1398 2701 idus
1412 2671 1537 2710 aprilis.

1210 2726 1248 2755 In
1276 2735 1304 2754 e.
1333 2734 1376 2754 m.
1409 2747 1428 2753 ..
1457 2725 1609 2762 magistro
1638 2729 1667 2754 et
1697 2724 1848 2754 fratribus
1877 2723 2043 2763 hospitalis
2071 2723 2180 2753 Sancti

1170 2779 1331 2810 Johannis
1346 2777 1612 2808 Jerosolimitani.

1213 2834 1248 2862 ln
1273 2842 1300 2862 e.
1328 2841 1371 2860 m.
1398 2854 1417 2860 ..
1445 2831 1600 2869 magistro
1623 2835 1654 2860 et
1676 2831 1826 2860 fratribus
1853 2830 2022 2869 hospitalis
2047 2830 2181 2860 Sanctae

1172 2887 1293 2916 Mariae
1309 2885 1578 2914 'theotonicorum
1592 2883 1860 2914 Jerosolimitani.

1212 2940 1252 2969 In
1269 2949 1295 2968 e.
1317 2948 1360 2968 m.
1382 2939 1516 2968 barones
1532 2943 1718 2977 ceterosque
1737 2937 1876 2972 nobiles,
1896 2945 2021 2967 necnon
2038 2945 2182 2966 commu-

1172 2992 1289 3022 nitates
1302 2996 1331 3022 et
1348 2991 1574 3022 universitates
1589 2990 1805 3030 Tripolitanae
1819 2990 1955 3020 civitatis
1969 2990 2100 3028 ejusque
2116 2989 2183 3018 dis-
