2393 3496
240 301 297 331 924

241 367 428 396 auctoritate
449 365 664 396 concessionis
684 363 871 402 hujusmodi
888 388 893 399 ,
914 364 982 393 vice
998 374 1054 393 sua
1075 368 1103 393 et
1120 363 1256 393 aliorum

244 429 375 450 suorum
389 419 583 456 collegarum
603 418 814 456 predictorum
829 426 865 446 ac
881 417 919 446 de
935 417 1074 455 ipsorum
1094 417 1255 451 mandato,

246 479 274 503 te
286 474 318 503 in
331 473 607 511 archiepiscopum
625 471 844 500 'l'uronensem
859 470 970 508 elegit;
986 475 1081 508 tuque
1093 471 1129 499 ad
1145 469 1258 499 decani

242 532 271 556 et
291 526 421 565 capituli
447 525 662 563 predictorum
686 523 876 552 instantiam
898 523 1046 552 electioni
1071 523 1258 561 hujusmodi

241 579 443 612 consensisti,
462 586 497 607 ac
515 576 713 616 postmodum
732 576 791 604 iter
806 576 971 614 arripuisti
986 576 1023 604 ad
1044 576 1150 605 sedem
1169 585 1255 614 apos-

243 633 368 663 tolicam
387 630 550 665 veniendi,
567 638 620 667 pro
639 628 825 667 hujusmodi
843 629 1007 658 electionis
1025 634 1076 658 tue
1087 630 1256 659 coufirma-

243 686 337 715 tionis
360 684 542 713 munimine
570 682 763 718 obtinendo;
789 682 844 711 sed
869 683 944 712 dum
971 683 1004 711 in
1033 684 1152 721 prefato
1172 692 1257 713 esses

242 739 357 767 itinere
367 736 718 774 constitutus,quadam
728 737 1256 777 supervenientepropriicorporis

242 791 428 820 infirmitate
441 790 600 824 detentus,
615 794 734 819 ceteros
746 794 966 828 procuratores
976 795 1005 819 et
1016 791 1146 819 nuntios
1157 790 1195 819 ad
1208 799 1255 820 se-

241 843 312 873 dem
329 842 503 881 predictam
519 851 573 881 pro
592 842 692 881 ipsius
709 842 873 872 electionis
891 843 1112 882 prosequendo
1128 844 1256 881 negotio

240 896 421 931 destinasti3
441 900 471 925 et
487 905 560 925 cum
580 895 676 925 iidem
695 900 915 934 procuratores
934 896 1109 935 predictam
1126 896 1256 926 electio-

241 959 315 979 nem
325 949 364 979 de
376 954 403 979 te
416 949 530 978 factam
544 959 561 978 a
576 949 668 979 nobis
681 950 867 979 confirmari
880 950 1065 989 suppliciter
1076 950 1253 988 petiissent,

242 1012 299 1033 nos
316 1002 503 1041 hujusmodi
520 1003 686 1040 negotium
701 1002 955 1032 examinandum
973 1003 1148 1033 venerabili
1166 1003 1256 1032 fratri

243 1080 263 1087 ..
290 1056 461 1086 Sabinensi
489 1060 519 1084 et
542 1055 666 1084 dilectis
699 1054 777 1084 filiis
809 1056 926 1085 nostris
954 1056 1004 1093 P„
1032 1056 1118 1085 tituli
1147 1056 1256 1086 Sancti

241 1109 341 1139 Marci
370 1109 568 1147 presbytero,
596 1113 626 1138 et
651 1108 763 1146 Petro,
794 1109 903 1139 Sancti
931 1109 1095 1139 Eustachii
1121 1109 1256 1140 diacono

241 1162 473 1197 cardinalibus,
496 1161 647 1191 duximus
663 1162 949 1199 committendum3
972 1163 1072 1193 iidem
1093 1172 1167 1193 vero
1186 1173 1253 1193 car-

240 1214 365 1244 dinales
380 1223 565 1253 processum
582 1214 685 1253 ipsius
701 1214 866 1244 electionis
888 1215 927 1244 de
953 1220 980 1245 te
1005 1216 1084 1246 facte
1105 1217 1209 1255 primo
1226 1222 1256 1246 et

238 1268 383 1306 demum,
402 1272 430 1297 te
446 1267 484 1297 ad
498 1267 605 1297 sedem
619 1268 778 1305 veniente,
794 1268 971 1306 predictam
985 1278 1151 1307 personam
1167 1273 1253 1299 tuam

238 1321 410 1359 diligenter
426 1321 611 1350 examinare
627 1326 803 1358 curarunt,
827 1327 857 1351 et
874 1332 935 1361 que
958 1332 1053 1361 super
1071 1323 1136 1352 hiis
1152 1323 1191 1353 ab
1209 1323 1255 1353 eis

239 1381 362 1414 reperta
383 1375 471 1405 fuere
495 1375 586 1404 nobis
610 1374 747 1404 fideliter
767 1375 957 1406 retulerunt.
979 1377 1043 1407 Nos
1062 1377 1170 1414 igitur,
1191 1377 1253 1407 liu-

236 1429 378 1468 jusmodi
392 1428 546 1459 relatione
556 1429 697 1467 ipsorum
710 1429 926 1459 cardinalium
942 1430 1253 1469 pleniusintellecta‚

239 1482 315 1520 quia
333 1482 507 1520 predictam
526 1481 715 1512 electionem
732 1483 920 1512 invenimus
937 1483 975 1513 de
993 1488 1038 1520 te,
1060 1484 1126 1513 viro
1145 1485 1255 1523 ntique

239 1534 420 1564 litterarum
439 1535 573 1565 scientia
590 1535 713 1574 predito
729 1560 735 1572 ,
754 1545 880 1566 morum
906 1536 1063 1574 elegantia
1087 1542 1116 1567 et
1134 1537 1253 1567 hones-

241 1592 302 1617 tate
327 1588 458 1624 decoro,
486 1590 550 1618 vite
575 1589 737 1618 munditia
763 1589 866 1619 nitido
894 1594 924 1619 et
950 1591 1105 1620 virtutum
1133 1591 1255 1629 fulgore

241 1642 383 1680 presigni
401 1642 485 1671 acin
502 1642 725 1681 spiritualibus
735 1648 765 1672 et
777 1643 1003 1682 temporalibus
1012 1645 1254 1683 circumspecto,

239 1695 393 1725 canonice
408 1695 616 1733 celebratam,
635 1696 750 1734 ipsam,
769 1696 807 1726 de
825 1697 959 1727 fratrum
977 1702 1160 1728 nostrorum
1176 1707 1254 1728 con-

240 1747 330 1785 silio,
348 1750 534 1779 auctoritate
550 1749 721 1788 apostolica
744 1750 991 1788 confirmantes,
1016 1756 1044 1781 te
1064 1752 1256 1791 prefecimus

241 1801 304 1841 ipsi
321 1801 453 1832 ecclesie
467 1803 500 1831 in
518 1803 792 1842 archiepiscopum
810 1808 838 1834 et
856 1807 1025 1843 pastorem,
1041 1810 1081 1842 et,
1098 1810 1166 1845 post
1183 1815 1254 1835 mn-

241 1864 303 1885 nus
324 1865 379 1894 per
396 1865 452 1885 nos
469 1856 523 1885 tibi
549 1857 801 1887 consecrationis
820 1858 1022 1897 impensum,
1045 1859 1183 1898 palleum
1202 1859 1253 1889 in-

240 1910 331 1947 signe
350 1909 540 1948 pontificalis
557 1910 655 1940 officii
671 1910 709 1939 de
724 1919 854 1949 corpore
868 1912 952 1941 beati
970 1912 1055 1942 Petri
1076 1918 1253 1952 sumptum⁷

240 1972 257 1992 a
276 1968 304 1992 te
322 1972 395 1993 cum
413 1972 448 1993 ea
465 1972 527 2002 qua
543 1963 632 1993 decet
648 1964 804 1993 instantia
822 1965 1031 2003 postulatum,
1054 1975 1108 2004 per
1125 1966 1255 1996 dilectos

241 2015 323 2046 filios
340 2021 463 2046 nostros
480 2016 538 2050 M..
556 2016 671 2046 Sancte
685 2017 831 2047 Mariein
846 2018 985 2054 Porticu⁷
1001 2019 1044 2054 J.‚
1059 2020 1173 2049 Sancte
1186 2020 1256 2049 Ma-

242 2070 287 2099 rie
315 2071 347 2099 in
372 2070 434 2099 Via
458 2070 530 2107 lata,
561 2070 615 2107 N.,
639 2071 748 2101 Sancti
773 2071 928 2108 Adriani,
947 2078 977 2102 et
1000 2073 1175 2110 predictum
1204 2074 1254 2111 P.‚

240 2124 350 2154 Sancti
368 2124 533 2153 Eustachii
550 2124 701 2155 diaconos
718 2125 914 2159 cardinales„
935 2126 991 2156 tibi
1011 2126 1147 2156 fecimus
1163 2128 1254 2157 exhi-

241 2178 320 2213 beri,
339 2177 467 2207 firmam
484 2187 570 2217 spem
590 2178 802 2218 fidutiamqne
820 2183 964 2209 tenentes
979 2180 1062 2219 quod
1080 2181 1192 2211 eadem
1210 2190 1256 2211 ec-

241 2230 337 2260 clesia
356 2240 410 2269 per
429 2235 481 2260 tue
497 2231 796 2270 circumspectionis
814 2232 1007 2262 industriam
1027 2235 1061 2263 in
1078 2234 1254 2272 spirituali-

241 2284 300 2314 bus
321 2289 351 2313 et
369 2284 597 2323 temporalibus
624 2286 691 2315 Deo
714 2290 840 2316 auctore
862 2287 1002 2325 proficiet
1026 2289 1255 2326 incrementis,

243 2336 359 2367 ettam
378 2337 482 2367 clerus
505 2347 601 2376 quam
627 2338 762 2377 populus
785 2343 838 2369 tuo
865 2340 1031 2370 commissi
1054 2341 1207 2379 regimini
1228 2348 1258 2372 et

241 2400 298 2429 per
325 2386 352 2420 te
378 2391 474 2421 verbo
500 2396 531 2421 et
554 2400 648 2431 opere
679 2391 849 2422 salubriter
876 2393 1042 2424 informati
1066 2404 1192 2434 semper
1217 2396 1257 2425 ad

242 2444 405 2477 salutaria,
427 2444 538 2473 divina
555 2444 731 2483 opitulante
752 2445 940 2481 clementia,
960 2447 1151 2485 dirigentur.
1172 2450 1256 2485 Quo-

241 2498 324 2528 circa
354 2499 545 2528 fraternitati
574 2504 624 2528 tue
648 2509 703 2538 per
726 2500 897 2538 apostolica
922 2503 1038 2540 scripta
1064 2503 1257 2534 mandamus

241 2551 411 2590 quatinus,
439 2556 528 2580 tunm
551 2552 675 2590 jactans
699 2552 732 2581 in
759 2553 896 2583 Domino
916 2554 1091 2592 cogitatum
1118 2560 1148 2585 et
1167 2557 1257 2594 juxta

242 2613 331 2643 spem
350 2607 491 2633 nostram
508 2609 538 2634 et
553 2605 689 2642 gratiam
706 2616 723 2635 a
746 2606 886 2637 Domino
906 2608 959 2637 tibi
977 2608 1083 2638 datam
1105 2611 1256 2639 commis-

243 2667 313 2687 sum
334 2657 388 2687 tibi
414 2667 508 2695 super
526 2667 656 2696 gregem
675 2659 876 2690 dominicum
898 2662 986 2699 virge
1007 2662 1171 2700 vigilantis
1188 2664 1256 2693 offi-

243 2711 329 2741 cium
342 2711 481 2741 officiose
497 2720 532 2740 ac
550 2712 719 2748 vigilanter
731 2722 892 2750 exercens,
912 2715 944 2744 in
958 2715 1155 2754 extirpandis
1172 2717 1257 2747 vitiis

242 2769 272 2794 et
289 2764 471 2802 plantandis
489 2765 660 2794 virtutibus
684 2766 901 2797 sollicitudine
930 2768 1041 2806 vigiles
1057 2770 1192 2807 efficaci,
1212 2776 1257 2807 ut,

243 2822 398 2856 tanquam
416 2817 506 2846 stella
526 2818 587 2847 fixa
605 2819 637 2847 in
655 2819 788 2849 ecclesie
806 2820 1028 2857 firmamento,
1051 2823 1104 2851 tilii
1122 2832 1176 2861 per
1196 2824 1257 2854 vite

243 2871 395 2900 meritum
419 2876 448 2900 et
470 2871 542 2900 aliis
561 2872 732 2909 proficiens
757 2882 811 2911 per
838 2875 1036 2913 exemplum,
1057 2875 1133 2905 dum
1151 2877 1257 2914 plures

242 2923 398 2953 erudieris
415 2924 454 2953 ad
481 2924 632 2961 salutem,
659 2925 691 2954 iu
717 2927 896 2956 eternitatis
920 2928 1021 2965 gloria
1043 2929 1197 2966 gratulari
1222 2941 1257 2960 ac

242 2976 385 3007 relucere
404 2977 489 3007 inter
505 2977 584 3008 alios
600 2978 718 3008 clarius
737 2981 905 3017 merearis,
925 2985 951 3010 ct
971 2990 1047 3018 nos,
1070 2983 1126 3020 qui
1146 2984 1203 3013 tilii
1222 2984 1255 3013 in

995 297 1233 328 REGISTRES
1257 298 1311 327 DE
1336 298 1520 328 NICOLAS
1544 299 1599 328 IV.

1340 363 1430 392 omni
1455 365 1669 402 oportunitate
1694 364 1910 394 favorabiliter
1931 364 2041 394 adesse
2063 365 2290 403 proponimus,
2312 367 2348 398 in

1341 416 1403 445 tuis
1427 416 1577 446 delectari
1607 417 1756 447 laudibus
1784 417 1898 447 merito
1926 417 2099 447 valeamus.
2130 418 2200 447 Dat.
2226 419 2347 458 Rome,

1339 469 1423 507 apud
1450 469 1599 499 Sanctam
1624 470 1759 500 Mariam
1786 471 1959 509 Majorem,
1980 480 2000 499 11
2021 470 2093 500 idus
2116 471 2242 508 martii,
2265 481 2348 504 anno

1340 523 1464 561 quinto.
1487 536 1499 550 n

1381 577 1418 605 In
1443 586 1469 606 e.
1496 586 1537 606 m.
1570 599 1589 607 ..
1618 578 1737 607 decano
1761 582 1790 607 et
1813 577 1951 616 capitulo
1978 577 2130 608 ecclesiae
2152 578 2348 612 Turonensis

1340 630 1472 659 mandat
1493 635 1526 660 ut
1542 630 1646 659 eidem
1666 631 1705 660 R.
1723 630 1963 669 archiepiscopo
1983 631 2122 660 debitam
2135 631 2348 665 obedientiam

1340 683 1523 713 exhibeant.

1380 737 1415 766 In
1435 747 1462 766 e.
1484 746 1525 766 m.
1545 737 1629 767 clero
1645 737 1784 767 civitatis
1803 743 1833 767 et
1851 738 2003 768 dioecesis
2019 738 2270 769 Turonensium.

1380 791 1417 820 In
1435 799 1462 820 e.
1482 800 1524 820 m.
1543 791 1659 829 populo
1673 791 1810 821 civitatis
1827 795 1857 820 et
1874 791 2028 821 dioecesis
2042 792 2291 822 Turonensium.

1380 844 1417 873 In
1436 853 1462 873 e.
1482 853 1524 873 m.
1546 844 1709 873 universis
1726 844 1871 874 vassallis
1887 844 2038 875 ecclesiae
2053 845 2252 876 Turonensis
2264 854 2350 877 man-

1339 897 1393 927 dat
1412 902 1444 927 ut
1461 897 1564 927 eidem
1583 898 1687 927 debita
1705 898 1833 927 servitia
1851 902 1881 927 et
1896 899 1970 935 jura
1987 898 2167 928 exhibeant.

1379 951 1417 980 In
1440 959 1467 980 e.
1497 959 1540 979 m.
1564 950 1719 989 episcopis
1743 950 1954 988 suffraganeis
1972 950 2125 980 ecclesiae
2141 951 2349 990 Turonensis,

1339 1007 1373 1033 ut
1388 1003 1528 1032 debitam
1545 1003 1761 1032 obedientiam
1780 1003 1961 1033 exhibeant.
2272 1006 2275 1008 ’

1380 1057 1417 1087 In
1435 1066 1461 1086 e.
1482 1066 1524 1087 ιιι.
1545 1057 1750 1096 Philippum,
1775 1066 1883 1095 regem
1902 1058 2072 1094 Franciae,
2092 1062 2181 1096 rogat
2196 1057 2352 1089 auxilium

1339 1114 1368 1140 et
1383 1111 1525 1140 favorem
1540 1110 1643 1139 eidem
1662 1110 1699 1140 Β.
1721 1110 1958 1149 archiepiscopo
1976 1110 2135 1150 praebere.

1380 1177 1392 1191 <a
1411 1164 1461 1194 Ad
1478 1164 1653 1195 fovendum
1671 1164 1744 1193 in...
1762 1182 1800 1186 —
1817 1164 1889 1195 Dat.
1907 1169 2063 1203 utsupra.
2084 1176 2097 1191 »

1392 1325 1448 1354 (39
1455 1325 1473 1352 Ι
1481 1324 1609 1353 5-691
1618 1325 1645 1352 6

1372 1387 1491 1414 Collatio
1508 1386 1639 1413 beneficii
1656 1390 1684 1413 et
1700 1386 1877 1421 dispensatio
1894 1394 1983 1421 super
1997 1385 2110 1412 defectu
2126 1386 2229 1412 aetatis
2243 1388 2273 1413 et
2286 1385 2351 1421 plu-

1339 1438 1449 1464 ralitate
1468 1436 1685 1463 beneficiorum.
1704 1435 1786 1467 (Rea.
1805 1436 1848 1466 46,
1861 1443 1886 1461 c.
1905 1434 1948 1466 ⁶2⁶2,
1967 1435 1985 1462 f.
2005 1434 2051 1461 191
2071 1435 2122 1470 v0.)

1711 1322 2077 1357 Saintedtfarie-MaJCure,
2094 1323 2110 1350 6
2126 1331 2203 1350 mars
2219 1323 2298 1352 1292.

1379 1541 1488 1569 Dilecto
1504 1540 1569 1576 filio
1586 1539 1673 1567 Petro
1692 1539 1725 1567 cle
1742 1538 1907 1574 Sabauclia,
1927 1538 2073 1566 canonico
2092 1537 2208 1566 ecclesie
2232 1537 2350 1566 Lincol-

1337 1594 1466 1629 niensz'S,
1481 1592 1740 1622 consideratione
1757 1591 1804 1628 E.‚
1823 1591 1904 1629 regis
1921 1590 2073 1629 Angliae‚
2090 1590 2141 1620 cui
2155 1589 2351 1628 consanguif

1339 1656 1419 1677 neus
1447 1650 1503 1682 est,
1533 1645 1758 1675 canonicatum
1786 1648 1816 1674 et
1842 1643 2058 1683 praebendam
2088 1644 2259 1682 integram,
2286 1651 2352 1674 non

1339 1698 1580 1734 sacerdotalem,
1598 1702 1628 1727 et
1647 1697 1839 1735 dignitatem
1859 1697 1924 1726 sive
1942 1701 2145 1736 personatum
2167 1696 2201 1726 in
2221 1695 2353 1726 ecclesia

1339 1752 1563 1783 Lincolniensi
1577 1751 1724 1781 vacantia
1733 1751 1855 1781 confert
1865 1754 1920 1780 aut
1934 1754 2082 1780 vacatura
2091 1754 2242 1787 reservat,
2252 1757 2352 1789 quau-

1340 1816 1436 1845 quam
1451 1806 1563 1836 aetatis
1580 1805 1738 1835 defectum
1760 1804 1878 1844 patitur
1899 1808 1929 1834 et
1949 1804 1981 1833 in
2005 1804 2210 1834 Laudavensi
2225 1803 2352 1834 thesau—

1340 1860 1474 1897 rariam,
1504 1860 1537 1889 iu
1566 1859 1678 1889 eadem
1703 1858 1788 1888 etin
1818 1858 2033 1896 Eboracensi,
2064 1857 2295 1888 Saresbiriensi
2323 1859 2354 1888 et

1340 1912 1569 1943 Heresordensi
1596 1911 1740 1942 ecclesiis
1771 1911 1979 1941 canonicatus
2004 1916 2034 1941 et
2063 1910 2260 1950 praebendas
2285 1911 2362 1949 jam'

1338 1967 1470 1997 obtinet.

1381 2034 1394 2048 a
1414 2020 1625 2051 Attendentes
1643 2019 1727 2059 quod
1751 2028 1844 2058 per...
1863 2035 1903 2042 -
1923 2019 1994 2049 Dat.
2013 2018 2132 2056 Rome,
2150 2017 2234 2058 apud
2252 2017 2350 2048 Sanc-

1340 2080 1404 2105 tam
1422 2074 1558 2104 Mariam
1571 2073 1739 2112 Majorem,
1758 2082 1779 2102 11
1797 2081 1898 2102 nonas
1914 2071 2033 2107 martii,
2051 2080 2138 2102 anno
2153 2071 2276 2110 quinto.
2298 2082 2311 2098 n

1379 2128 1416 2157 In
1437 2137 1463 2157 e.
1483 2136 1527 2158 m,
1547 2149 1566 2156 ..
1593 2126 1833 2165 archiepiscopo
1855 2125 2084 2163 Lugdunensi,
2102 2124 2265 2163 magistris
2283 2123 2352 2155 Gif-

1339 2181 1428 2212 fredo
1449 2181 1487 2210 de
1513 2181 1652 2217 Vezano,
1681 2179 1941 2215 Cameracensis,
1970 2183 2001 2208 et
2027 2178 2141 2208 Pontio
2162 2177 2201 2208 de
2229 2177 2351 2215 Salino,

1340 2234 1589 2265 Hei-esordensis
1601 2233 1808 2263 ecclesiarum
1822 2230 1997 2269 canonicis,
2013 2231 2145 2262 mandat
2159 2230 2353 2262 uteumdem

1339 2290 1471 2319 Petrum
1493 2288 1590 2326 recipi
1608 2287 1641 2316 in
1659 2287 1792 2317 ecclesia
1816 2285 2039 2316 Lincolniensi
2059 2286 2093 2314 in
2109 2285 2304 2316 canonicum
2323 2287 2353 2314 et

1339 2343 1472 2373 fratrem
1488 2342 1615 2371 faciant.

1393 2505 1475 2533 691
1484 2503 1649 2532 &8323
1688 2499 2042 2535 Saintc-Marie-Majcure,
2054 2500 2089 2527 29
2102 2498 2297 2528 fevum-1292.

1376 2567 1586 2601 Indulgentiae.
1607 2566 1688 2598 (Heu.
1703 2565 1745 2596 45,
1759 2573 1784 2591 c.
1797 2564 1841 2596 ⁶23,
1855 2565 1874 2591 f.
1889 2564 1937 2591 19⁵2
1954 2565 2002 2597 νῦ.)

1383 2664 1537 2693 Universae
1554 2662 1668 2692 Christi
1692 2661 1829 2698 fidelibus
1853 2664 2001 2698 presentes
2022 2660 2140 2689 litteras
2157 2659 2350 2697 inspecturis.

1340 2717 1581 2755 indulgentiam
1603 2715 1698 2745 unius
1713 2714 1795 2743 anni
1811 2704 1895 2742 etxr
1912 2713 2037 2742 dierum
2054 2711 2202 2742 concedit
2219 2711 2352 2742 visitan-

1343 2772 1425 2801 tibus
1444 2770 1610 2800 ecclesiain
1630 2768 1718 2798 Beati
1735 2767 1858 2797 Juliani
1875 2767 1913 2796 de
1932 2766 2142 2802 Vimmineto‚
2161 2765 2352 2796 Ruthenen-

1341 2825 1385 2855 sis
1396 2823 1561 2859 dioecesis,
1580 2821 1929 2857 inS..Inlia1xi,heatae
1949 2820 2069 2849 Mariae
2086 2824 2115 2849 et
2134 2818 2352 2849 decollationis

1341 2878 1442 2908 sancti
1462 2877 1622 2907 Johannis
1653 2875 1813 2913 Baptistae
1841 2873 2086 2910 festivitatibus,
2115 2882 2169 2912 per
2193 2877 2262 2903 octo
2285 2872 2352 2903 dies

1341 2934 1511 2970 sequentes
1534 2934 1564 2959 et
1586 2929 1619 2959 in
1646 2927 1868 2958 anniversario
1893 2926 1945 2956 die
1970 2926 2182 2956 dedicationis
2208 2925 2351 2965 ejusdem

1340 2984 1503 3015 ecclesiae.
