2393 3496
769 358 956 390 LETTRns
978 358 1068 388 NON
1091 347 1425 389 ENREGISTRnns.

56 430 269 465 manniscam,
293 427 439 457 abbatem
464 427 650 457 monasterii
675 426 786 457 Sancti
811 426 916 463 Petri,
939 425 1062 455 ordinis

57 486 88 517 S.
112 480 286 518 Benedicti,
314 480 470 510 Arbensis
494 480 668 517 dioecesis,
689 479 832 510 absolvat
848 480 1062 517 ajuramento

58 545 119 578 quo
133 538 256 566 coactus
281 532 434 570 regimini
450 532 501 562 sui
524 533 709 563 monasterii
733 537 763 562 et
779 532 869 563 omni
888 532 953 570 juri
976 532 1009 560 in
1026 539 1062 560 eo

57 586 267 623 renuntiavit3
279 585 396 615 deinde
406 586 552 616 Marcum
565 585 768 622 Michaelem,
781 586 930 616 comitem
939 584 1062 614 Arben-

58 651 132 678 sem,
151 639 347 678 Stephanum
365 638 402 668 de
418 638 544 675 Forma,
569 639 714 669 Madium
738 638 776 668 de
799 639 898 668 Pareo
916 642 945 668 et
960 637 1061 667 Zode-

57 696 164 727 uicum
181 693 219 723 de
233 692 411 727 Zodenicis,
429 691 505 721 olim
519 692 643 731 judices
660 692 834 728 Arbeuses,
848 691 1062 730 appellatione

58 751 193 783 remota,
225 744 518 775 excommunicatos
547 744 674 784 publice
703 745 831 774 nuntiet
858 750 888 774 et
917 744 1062 774 nuntiari

58 800 149 833 faciat
170 803 200 829 et
223 798 263 828 ab
287 798 437 828 omnibus
464 798 564 828 artius
588 798 712 835 evitari,
739 798 840 828 donec
869 798 907 827 de
930 797 1062 836 injuriis

57 853 212 895 praedicto
236 851 343 881 abbati
371 851 468 881 illatis
494 852 718 889 satisfecerint3
751 852 889 890 denique
915 851 1061 881 abbatem

57 907 145 938 illum
159 906 193 935 in
205 904 400 944 corporalem
410 906 644 944 possessionem
658 906 842 935 monasterii
853 905 902 935 sui
920 905 1059 935 reducat.

58 959 211 992 Praedicti
231 958 319 989 enim
344 967 449 989 comes
473 963 503 988 et
521 959 647 998 judices
664 959 813 989 eumdem
833 959 1059 995 Franciscum,

58 1022 149 1054 quem
161 1012 236 1042 adse
247 1012 440 1049 acciverant,
454 1021 509 1050 per
525 1011 644 1042 multos
660 1012 727 1042 dies
744 1012 775 1042 in
795 1011 910 1050 palatio
927 1011 1061 1041 Sanctae

57 1065 176 1102 Crucis,
197 1063 336 1103 capellae
352 1065 497 1104 ejusdem
521 1065 729 1101 monasterii,
756 1064 856 1101 same,
882 1065 935 1094 siti
958 1064 1060 1103 pluri-

57 1119 175 1158 busque
195 1117 270 1148 aliis
292 1117 443 1147 afflictum
468 1117 603 1156 injuriis
626 1122 710 1147 stare
730 1117 890 1156 fecerunt,
909 1117 1061 1147 constitu-

59 1173 159 1212 tisque
176 1172 210 1202 in
232 1171 428 1201 monasterio
445 1171 719 1210 procuratoribus,
741 1171 890 1202 eumdem
914 1171 1060 1201 abbatem

58 1225 96 1256 ad
116 1224 195 1255 illud
218 1223 323 1254 redire
348 1224 449 1254 libere
473 1233 537 1254 non
561 1225 791 1263 permiserunt,
813 1225 867 1254 sed
891 1233 964 1254 eum
985 1224 1062 1262 igne

57 1277 169 1308 minati
186 1282 260 1306 sunt
274 1276 375 1307 donec
392 1277 421 1307 ei
438 1277 700 1307 renuntiavisset.

98 1343 111 1359 α
125 1331 174 1361 Ad
189 1331 387 1361 audientiam
402 1335 581 1361 nostram...
597 1347 638 1354 —
649 1332 720 1361 Dat.
737 1332 850 1368 Rome,
863 1331 945 1370 apud
962 1331 1062 1361 Sanc-

59 1388 119 1416 tam
134 1383 268 1414 Mariam
280 1383 448 1422 Majorem,
463 1393 515 1414 xvr
530 1383 846 1423 kalendasjauuarii‚
860 1385 1062 1423 pontificatus

59 1437 154 1468 nostri
170 1444 256 1467 anno
270 1441 395 1475 quarto.
418 1448 431 1463 »

127 1637 239 1666 ’2382
314 1636 675 1672 Sainte-Marie-Majeure,
695 1638 727 1664 18
743 1637 895 1664 decembre
910 1638 989 1666 1291.

91 1698 240 1733 Radulpho
254 1698 289 1724 de
303 1697 470 1726 Canaberiis
485 1699 681 1726 defensionem
699 1700 817 1726 fratrum
833 1700 1061 1735 praedicatorum

59 1747 86 1775 in
100 1746 217 1774 Francia
233 1747 396 1775 committit.
414 1747 516 1781 (Anca.
533 1747 616 1779 Nm„
635 1747 665 1780 L,
683 1748 744 1781 277,
757 1749 812 1781 60.)

95 1856 202 1886 Dilecto
221 1855 285 1893 filio
306 1856 463 1894 Radutpho
486 1857 520 1886 de
540 1857 730 1893 Canaberiis‚
754 1859 899 1887 canonico
919 1859 1062 1888 Aurelia-

58 1910 152 1939 nemi.
172 1920 185 1935 ιι
203 1908 270 1939 Sub
284 1908 451 1947 religionis
463 1909 613 1940 habitu...
629 1910 710 1940 Cum
721 1910 828 1950 itaque
839 1910 946 1941 dilecti
963 1911 1021 1941 filii
1039 1935 1059 1941 ..

59 1961 142 2001 prior
155 1961 359 2001 provincialis
373 1966 403 1992 et
413 1962 525 1992 fratres
536 1962 661 1993 ordinis
674 1963 809 1993 fratrum
826 1964 1062 2003 predicatorum

58 2013 91 2045 in
113 2014 245 2045 Francia
263 2023 282 2044 a
298 2015 464 2045 nonnullis
481 2016 538 2055 qui
562 2025 680 2047 nomen
705 2017 839 2047 Domini
864 2018 897 2047 iu
923 2026 1062 2048 vacuum

58 2067 193 2109 recipere
207 2077 270 2098 uon
283 2068 456 2099 formidant
468 2069 622 2106 diversas,
638 2070 920 2109 sicutaccepimuS,
936 2071 1062 2110 patian-

57 2122 106 2151 tur
121 2121 258 2160 injurias
276 2125 306 2151 et
322 2122 502 2161 Jacturas...
528 2122 715 2153 discretioni
738 2128 790 2153 tue
814 2133 868 2163 per
890 2125 1062 2163 apostolica

57 2174 168 2213 scripta
183 2174 374 2205 mandamus
390 2177 542 2214 quatinus
555 2168 654 2206 dictsss
671 2177 809 2215 priorem
822 2182 851 2207 et
868 2178 990 2215 fratres,
1006 2187 1062 2217 pro

57 2231 160 2257 nostra
186 2232 216 2257 et
239 2228 408 2267 apostolice
435 2229 519 2259 sedis
549 2231 739 2266 reverentia,
771 2231 887 2261 favoris
911 2233 1061 2270 oportuni

56 2280 197 2319 presidiis
214 2289 424 2320 prosequens,
443 2291 506 2312 non
524 2283 691 2322 permittas
707 2284 793 2322 ipsos
808 2289 918 2314 contra
936 2285 1062 2315 indulta

57 2333 292 2372 privilegiorum
316 2334 416 2373 ipsius
437 2335 523 2366 sedis
545 2336 585 2366 ab
599 2336 762 2376 aliquibus
782 2337 925 2368 indebite
946 2338 1062 2368 moles-

57 2386 124 2423 tari,
139 2386 352 2417 molestatores
365 2388 551 2427 hujusmodi
564 2398 618 2428 per
630 2399 798 2420 censuram
813 2390 1061 2421 ecclesiasticam

55 2439 260 2479 appellatione
272 2442 441 2480 postposita
448 2451 515 2472 com
522 2443 688 2481 pescendo.
703 2445 865 2474 Attentius
878 2445 1061 2483 provisurus

55 2500 95 2523 ne
117 2493 155 2524 de
175 2493 237 2522 hiis
257 2503 353 2532 snper
370 2495 487 2533 quibus
506 2495 547 2525 lis
566 2501 612 2526 est
632 2496 712 2526 forte
730 2497 797 2535 jam
823 2502 908 2527 mota
927 2506 982 2527 seu
999 2506 1061 2536 que

57 2552 145 2576 cause
158 2546 372 2584 cognitionem
390 2548 523 2585 exigunt
538 2553 567 2578 et
580 2558 642 2587 que
653 2549 779 2580 indulta
797 2550 981 2589 hujusmodi
997 2559 1059 2581 non

57 2598 244 2636 contingunt
259 2604 287 2629 te
302 2600 506 2639 aliquatenus
522 2602 733 2639 intromittas,
751 2604 858 2633 necin
875 2604 1060 2642 episcopum

57 2650 171 2682 aliosve
195 2654 374 2692 superiores
396 2654 532 2692 prelatos
558 2657 901 2687 excommunicationis
920 2657 970 2687 vel
991 2667 1060 2687 sus-

57 2705 219 2743 pensionis
240 2710 294 2736 aut
318 2707 560 2737 universitatem
584 2709 724 2748 aliquam
747 2710 909 2739 interdicti
932 2716 1060 2740 senten-

59 2757 116 2787 tias
132 2759 331 2797 promulgare
347 2769 522 2798 presumas
542 2762 606 2791 Nos
623 2763 723 2800 enim,
742 2763 768 2792 si
784 2772 873 2793 secus
894 2772 1060 2802 presump-

57 2811 144 2845 σει-ἦε,
159 2816 219 2840 tam
236 2818 397 2850 presentes
413 2813 534 2843 litteras
546 2824 641 2853 quam
657 2816 752 2845 etiam
768 2825 949 2854 processum
965 2825 1060 2855 quem

57 2870 111 2901 per
122 2867 149 2893 te
159 2863 287 2894 illarum
300 2866 486 2896 auctoritate
498 2867 608 2897 haberi
623 2869 795 2907 contigerit
807 2869 942 2899 omnino
955 2877 1062 2898 carere

56 2915 175 2946 viribus
190 2925 225 2946 ac
240 2917 362 2948 nullius
373 2918 439 2948 fore
456 2919 661 2950 decernimus
675 2921 846 2952 firmitatis.
865 2921 1061 2960 Hujusmodi

57 2975 130 3006 ergo
151 2970 335 3000 mandatum
354 2976 501 3002 nostrum
520 2972 565 3002 sic
586 2974 759 3012 prudenter
781 2979 811 3005 et
831 2975 968 3005 fideliter
990 2983 1060 3004 exe-

57 3022 162 3059 quaris
177 3023 258 3061 quod
280 3024 348 3062 ejus
367 3024 448 3054 fines
472 3026 712 3063 quomodolibet
732 3036 796 3058 non
817 3028 960 3058 excedas.
984 3028 1061 3057 Pre-

195 3087 265 3116 Rno.
287 3089 411 3117 Nicone
432 3089 483 3116 IV.

2076 361 2150 390 1017

1145 424 1287 454 sentibus
1322 428 1391 463 post
1426 424 1689 463 quinquennium
1719 425 1854 454 minime
1885 424 2042 456 valituris.
2077 427 2149 457 Dat.

1146 478 1261 513 Rome,
1290 478 1374 517 apud
1398 478 1547 508 Sanctam
1575 478 1709 508 Mariam
1737 478 1907 517 Majorem,
1932 488 1973 508 xv
1997 478 2152 509 kalendas

1141 531 1295 570 januarii,
1313 531 1516 570 pontificatus
1532 531 1633 561 nostri
1649 540 1734 561 anno
1752 536 1876 570 quarto.
1898 543 1911 558 n

1217 709 1333 738 ’2388

1179 770 1324 806 Episcopo
1336 770 1570 798 Autisiodorensi
1582 772 1778 798 defensionem
1789 772 1909 800 fratrum
1924 773 2152 808 praedicatorum

1145 820 1173 846 in
1191 819 1310 846 Francia
1326 820 1489 847 committit.
1505 820 1608 853 (Auen.
1625 819 1709 854 Nn„
1724 820 1755 854 L,
1773 821 1836 856 277,
1853 821 1909 855 61.)

1460 709 1816 744 Sainte-Marie-Majeure,
1832 711 2080 746 13janvier1292.

1192 922 1358 951 Venerabili
1373 923 1467 959 fratri
1485 944 1505 950 ..
1523 922 1656 959 episcopo
1670 922 1923 953 Autisz‘odorensi.

1186 986 1200 1000 «ι
1226 973 1292 1004 Sub
1315 974 1484 1012 religionis
1501 974 1651 1005 habitu...
1668 991 1706 998 —
1724 975 1795 1004 Dat.
1816 976 1933 1013 Rome,
1950 977 2033 1016 apud
2052 977 2153 1009 Sanc—

1144 1031 1209 1057 tam
1223 1027 1359 1057 Mariam
1373 1027 1542 1066 Majorem,
1557 1027 1664 1057 idibus
1672 1028 1825 1066 januarii,
1840 1029 2043 1067 pontificatus
2054 1032 2153 1061 nostri

1143 1089 1230 1111 anno
1244 1085 1368 1120 quarto.
1388 1093 1402 1107 n
1996 1086 1998 1089 '

1217 1261 1241 1289 *2
1246 1260 1332 1289 389

1180 1322 1224 1349 De
1239 1323 1406 1349 liberatione
1422 1322 1569 1356 Giliberti,
1586 1322 1700 1349 Alfonsi
1718 1323 1753 1349 de
1768 1323 1915 1358 Aragonia
1930 1324 2036 1358 nuntii,
2055 1332 2070 1350 a
2087 1333 2154 1359 rege

1146 1371 1282 1399 Frauciae
1297 1372 1383 1407 capti.
1402 1371 1502 1405 (Anca.
1520 1371 1604 1403 Nn„
1623 1371 1651 1406 J,
1667 1371 1728 1403 700,
1745 1372 1799 1405 87.)

1442 1259 1805 1294 Sainte-Marie-Majeure,
1825 1261 1857 1288 13
1872 1262 1986 1296 janvier
2003 1261 2080 1288 1292.

1191 1474 1417 1504 Venerabilibns
1438 1474 1590 1509 fratribus
1615 1495 1636 1502 ..
1658 1474 1828 1502 Parisiensi
1848 1479 1873 1503 et
1894 1495 1913 1503 ..
1938 1475 2154 1505 Aurelianensi

1145 1529 1299 1567 episcopis.
1323 1539 1336 1554 «ι
1360 1527 1487 1562 Nostis,
1506 1531 1539 1556 ut
1556 1527 1734 1563 credimus,
1754 1527 1936 1565 quinimmo
1956 1532 2060 1557 vestra
2079 1538 2154 1567 pru-

1144 1583 1252 1614 dentia
1270 1583 1350 1613 scire
1366 1582 1459 1613 debet
1474 1582 1557 1620 quod
1573 1582 1613 1612 ab
1629 1581 1800 1620 apostolica
1816 1582 1890 1612 sede
1907 1587 1953 1612 ter
1969 1583 2065 1613 annis
2083 1584 2152 1613 sin-

1144 1637 1229 1675 gulis
1254 1636 1289 1665 in
1314 1640 1472 1674 captores,
1497 1635 1683 1674 spoliatores
1705 1639 1760 1665 aut
1784 1635 1964 1666 detentores
1985 1636 2025 1666 ad
2050 1637 2153 1675 ipsam

1145 1690 1293 1720 euntium
1317 1689 1366 1719 vel
1388 1688 1596 1718 redeuntium
1619 1689 1659 1718 ab
1680 1688 1791 1718 eadem
1812 1690 2154 1720 excommunicationis

1145 1743 1304 1773 sententia
1322 1741 1448 1782 publice
1468 1741 1709 1780 promulgatum
1734 1750 1798 1771 non
1824 1743 1968 1772 obstante
1989 1742 2015 1772 si
2036 1742 2153 1782 aliqui-

1144 1797 1203 1827 bus
1225 1797 1457 1835 cujuscumque
1479 1794 1714 1834 preminentie,
1739 1794 1934 1825 conditionis
1957 1800 2012 1825 aut
2035 1800 2154 1832 status,

1144 1851 1241 1881 etiam
1264 1850 1291 1880 si
1312 1849 1402 1888 regia
1424 1849 1579 1888 dignitate
1599 1848 1814 1888 prefulgeant,
1837 1849 1896 1879 sub
1918 1849 2031 1888 quavis
2051 1850 2154 1880 forma

1145 1904 1194 1934 vel
1218 1904 1421 1943 expressione
1442 1903 1613 1933 verborum
1635 1912 1653 1932 a
1671 1902 1745 1932 sede
1763 1903 1803 1932 sit
1825 1902 1965 1941 predicta
1989 1903 2153 1933 indultum

1145 1959 1229 1999 quod
1249 1958 1523 1989 excommunicari
1539 1962 1702 1997 nequeant
1717 1957 1766 1987 vel
1783 1958 1879 1987 etiam
1895 1958 2054 1989 interdici.
2072 1959 2152 1989 Cum

1144 2018 1251 2043 autem
1267 2021 1331 2043 non
1349 2012 1389 2042 sit
1404 2012 1503 2047 vobis,
1522 2016 1614 2050 prout
1628 2011 1834 2047 arbitramur,
1852 2012 2051 2050 incognitum
2070 2012 2154 2051 quod

1145 2066 1334 2097 carissimus
1349 2065 1382 2095 in
1400 2065 1530 2095 Christo
1546 2064 1633 2094 filius
1652 2068 1758 2094 noster
1774 2064 1966 2104 Phylippus,
1983 2075 2036 2095 rex
2054 2066 2154 2095 Fran-

1145 2129 1255 2150 corum
1268 2119 1416 2156 illustris,
1435 2118 1642 2153 Gilibertum,
1656 2126 1751 2156 quern
1769 2117 1931 2156 quondam
1946 2118 2099 2148 Alfonsus
2116 2119 2153 2148 de

1146 2172 1328 2211 Aragoffia,
1352 2171 1429 2201 dum
1451 2171 1556 2200 adhuc
1579 2170 1717 2206 viveret,
1739 2170 1777 2200 ad
1798 2171 1950 2209 prefatam
1971 2171 2078 2201 sedem
2098 2179 2154 2210 pro

1146 2227 1212 2256 suis
1230 2225 1367 2264 negotiis
1383 2224 1552 2262 dirigebat,
1570 2223 1638 2262 capi
1657 2223 1732 2253 fecit
1749 2223 1782 2252 in
1799 2223 1916 2253 itinere
1932 2224 2153 2261 constitutum,

1145 2280 1201 2318 qui
1216 2278 1322 2308 adhuc
1338 2277 1397 2307 sub
1412 2276 1565 2307 carcerali
1579 2276 1721 2306 custodia
1738 2276 1856 2306 dicitur
1869 2276 2019 2313 detineri,
2034 2285 2103 2313 uos,
2115 2276 2154 2306 de

1146 2332 1249 2371 ipsius
1263 2331 1347 2369 regis
1363 2330 1462 2360 veluti
1480 2330 1537 2359 filii
1554 2329 1720 2368 predilecti
1737 2329 1838 2359 salute
1853 2328 1983 2359 solliciti
2000 2333 2031 2359 et
2046 2329 2085 2359 ad
2104 2331 2152 2359 sui

1146 2385 1278 2415 honoris
1301 2388 1510 2422 augmentum
1530 2388 1661 2421 paterne
1677 2381 1906 2412 sollicitudinis
1921 2382 2026 2413 studio
2043 2382 2153 2412 inten-

1146 2439 1277 2472 dentes,
1297 2436 1446 2466 volumus
1467 2440 1496 2465 et
1516 2445 1571 2474 per
1590 2434 1761 2474 apostolica
1779 2435 1867 2464 vobis
1885 2436 2000 2474 scripta
2018 2436 2151 2465 manda-

1147 2501 1218 2521 mus
1242 2491 1394 2530 quatinus
1414 2489 1497 2528 apud
1518 2489 1656 2518 eundem
1680 2497 1786 2526 regem
1811 2489 2041 2527 interponatis,
2062 2493 2155 2527 prout

1146 2545 1271 2576 cautius
1296 2549 1327 2573 et
1351 2543 1511 2572 efficacius
1536 2542 1685 2580 expedire
1712 2541 1871 2578 videritis,
1893 2546 1996 2580 partes
2019 2546 2152 2577 vestras,

1146 2604 1179 2629 ut
1198 2598 1376 2637 predictum
1394 2596 1588 2626 Gilibertum
1608 2595 1749 2625 libertati
1769 2595 1928 2630 restituat,
1946 2595 2050 2633 ipsum
2067 2595 2153 2624 abire

1144 2653 1244 2682 libere
1262 2650 1484 2689 permittendo.
1505 2649 1539 2679 Si
1562 2657 1636 2678 vero
1655 2649 1794 2687 prefatus
1815 2657 1866 2677 rex
1887 2653 2013 2686 propter
2035 2648 2150 2686 captio-

1146 2715 1220 2735 nem
1237 2709 1267 2734 et
1281 2703 1501 2733 detentionem
1518 2702 1619 2741 ipsius
1635 2701 1845 2731 absolutionis
1862 2701 2016 2730 beneficio
2032 2700 2154 2738 indige-

1145 2759 1209 2795 bit,
1232 2766 1288 2788 vos
1310 2757 1341 2786 ei
1367 2757 1553 2786 auctoritate
1582 2759 1688 2784 nostra
1714 2754 1906 2784 beneficium
1934 2754 2040 2792 ipsum
2064 2753 2153 2791 juxta

1145 2812 1281 2841 formam
1303 2809 1435 2839 ecclesie
1453 2808 1656 2847 impendatis.
1674 2807 1775 2846 Super
1791 2807 1855 2836 biis
1870 2811 1976 2836 antem
1997 2806 2084 2835 vobis
2104 2814 2151 2834 se-

1146 2868 1229 2894 crete
1246 2872 1282 2893 ac
1302 2862 1493 2892 fiducialiter
1509 2861 1691 2896 scribimus,
1709 2869 1781 2890 cnm
1798 2859 1933 2889 salutem
1950 2860 2034 2896 regis
2052 2858 2152 2896 ipsius

1145 2917 1261 2955 suique
1277 2914 1409 2945 honoris
1425 2919 1648 2951 augmentum,
1663 2913 1745 2942 sicut
1760 2912 1897 2941 tirmiter
1913 2911 2063 2947 creditur,
2078 2910 2153 2939 dili-

1146 2970 1246 3008 gatis,
1263 2977 1299 2998 ac
1320 2976 1374 3007 per
1394 2976 1466 3002 vos,
1484 2975 1557 2996 cum
1576 2966 1690 2996 vestris
1709 2966 1832 2995 dicatur
1850 2965 1983 2994 libenter
2000 2964 2153 2993 adherere

1150 3022 1306 3058 consiliis,
1319 3022 1387 3060 ejus
1400 3020 1530 3050 animus
1541 3019 1641 3049 valeat
1654 3018 1766 3048 induci
1779 3018 1905 3047 facilius
1915 3018 1953 3046 ad
1968 3015 2154 3054 exequenda

1963 3082 2010 3108 128
