2393 3496
208 319 280 348 1044
953 309 1188 342 REGISTRES
1212 308 1266 338 DE
1287 308 1471 339 NICOLAS
1494 309 1551 340 IV.

204 386 237 414 in
254 389 354 414 castro
370 383 408 413 de
427 382 567 416 Mai-clia,
588 389 668 419 quae
684 380 723 409 ab
739 379 850 409 eadem
867 377 1001 408 ecclesia
1016 376 1210 415 dependent,

204 438 251 467 eis
271 447 288 467 a
310 436 470 475 qnondam
490 434 699 471 Engelberto,
718 432 834 462 comite
857 431 896 461 de
914 430 1062 465 Marcha,
1081 437 1212 459 conces-

203 500 288 525 sum,
308 490 488 519 confirmat.

247 556 259 569 a
273 543 353 572 Cum
369 550 386 570 a
402 541 527 570 nobis...
546 556 582 560 -
599 540 668 568 Dat.
683 539 795 574 Rome,
810 537 893 576 apud
908 536 1057 567 Sanctam
1076 535 1212 565 Mariam

205 596 374 633 Majorem,
402 593 508 622 idibus
533 591 722 625 decembris,
751 598 837 620 anno
861 593 984 629 quarto.
1015 601 1027 615 n
1059 588 1212 627 (Porrm,

204 647 326 684 23375.)

274 858 390 886 ’7643

242 922 406 959 Iteynatdo,
430 920 532 949 comiti
557 920 687 955 Gelriae,
710 919 855 958 indulget
880 922 914 948 ut
938 917 1123 957 capellanus
1147 917 1216 955 ejus

201 974 299 1004 altare
318 973 461 1012 portatile
479 974 597 1003 hahere
616 973 725 1011 possit.

244 1040 256 1054 u
279 1027 463 1057 Devotionis
480 1031 531 1056 tne
548 1026 731 1065 precibus...
748 1041 785 1047 -
799 1025 869 1055 Dat.
886 1025 997 1059 Rome,
1011 1024 1095 1063 apud
1111 1024 1214 1054 Sanc-

203 1086 266 1111 tam
281 1081 415 1110 Mariam
432 1081 623 1119 Maj01*em,x
635 1078 952 1117 kalendasjanuarii,
967 1086 1054 1108 anno
1064 1082 1186 1116 quarto.
1200 1089 1213 1104 ι»

201 1135 352 1174 (Poma,
371 1134 494 1169 23880.)

461 856 825 891 Sainte-Marie-Majeure,
843 855 875 882 23
892 855 1046 882 decembre
1064 854 1142 881 1291.

275 1348 390 1376 7644

244 1434 263 1442 ..
288 1412 420 1448 episcopo
443 1411 630 1440 Atrebatensi
654 1409 785 1439 mandat
810 1412 843 1438 nt
863 1409 895 1438 J.
920 1408 959 1438 de
981 1407 1139 1444 Avesnis,
1164 1415 1216 1437 co-

201 1465 313 1494 mitem
339 1464 550 1503 Haynoniae,
576 1463 720 1501 aliosque
744 1461 871 1492 nobiles
895 1461 936 1492 ad
959 1461 1217 1492 observationem

200 1518 454 1548 conventionum
471 1521 500 1547 et
516 1517 601 1555 pacis
618 1525 690 1546 curn
704 1515 1003 1546 Valencenensibus
1019 1514 1119 1544 initae
1134 1522 1217 1544 com-

200 1570 307 1609 pellat.

243 1636 257 1651 «
285 1624 349 1653 Sua
375 1624 465 1653 nobis
488 1623 636 1653 dilecti...
659 1639 698 1645 —-
720 1623 792 1652 Dat.
821 1622 938 1658 Rome,
962 1621 1047 1660 apud
1067 1621 1215 1651 Sanctam

202 1678 337 1708 Mariam
361 1678 532 1716 Majorem,
549 1687 569 1706 v
589 1677 744 1707 kalendas
757 1675 921 1715 januarii,
943 1684 1030 1705 anno
1050 1679 1173 1715 quarto.
1199 1686 1214 1702 »

202 1731 351 1769 (Perre,
369 1730 493 1767 23881.)

464 1346 828 1380 Sainte-Marie-Mnjeure,
846 1345 880 1372 28
896 1344 1048 1371 decembre
1065 1344 1143 1372 1‘291.

275 1946 390 1974 '7645

243 2032 264 2039 ..
284 2009 457 2037 scholastico
473 2008 610 2037 ecciesiae
625 2006 729 2036 Sancti
744 2007 895 2036 Joliannis
910 2006 1108 2044 Maquntinae
1124 2014 1215 2035 man-

202 2062 254 2091 dat
283 2066 315 2090 nt
343 2065 432 2090 curet
461 2059 694 2090 Bernhelmum
725 2059 764 2089 de
792 2059 991 2095 Grevenrot,
1022 2058 1216 2089 canonicum

202 2119 364 2153 receptum
386 2114 419 2143 iu
443 2114 576 2143 ecclesia
598 2113 708 2143 Sancti
730 2111 969 2142 Bartholomaei
990 2111 1216 2142 Frankenvor-

202 2168 311 2203 densi,
337 2167 545 2205 Maguntinae
565 2166 734 2198 dioecesis.
759 2165 974 2204 praebendam
995 2165 1055 2195 sibi
1075 2165 1216 2195 debitam

202 2222 340 2259 assequi.

245 2287 257 2300 <a
286 2274 488 2311 Significavit
516 2273 609 2303 nobis
633 2272 808 2303 dilectus...
836 2289 875 2293 —-
899 2272 970 2302 Dat.
995 2273 1113 2308 Rome,
1132 2271 1217 2311 apud

203 2327 352 2357 Sanctam
365 2328 500 2357 Mariam
511 2327 677 2365 Maj0rem‚
688 2326 795 2356 idibus
805 2325 1187 2364 januarii,annoquarto.
1200 2336 1213 2351 n

204 2381 352 2418 (Poma,
371 2381 496 2420 23889.)

508 1943 871 1978 Sainte-Marie-Majfflire,
891 1943 922 1970 13
933 1943 1048 1978 janvier
1065 1941 1142 1970 1292.

277 2602 392 2631 7846

246 2690 265 2696 ..
286 2667 386 2695 (ιὺῢαιί
405 2671 429 2695 el
451 2667 613 2695 conventui
638 2665 815 2694 monasterii
839 2664 946 2693 Sancti
962 2664 1106 2700 myterii
1126 2663 1219 2692 Pari—

204 2722 314 2750 siensis
335 2719 481 2757 indulget
505 2722 538 2748 ut
557 2727 575 2747 a
594 2718 740 2756 personis
759 2717 869 2747 liberis
891 2717 924 2746 in
946 2725 1003 2747 suo
1023 2716 1218 2746 monasterio

204 2773 435 2812 professionem
454 2771 644 2801 facientibus
660 2771 742 2801 bona
756 2770 887 2801 mobilia
901 2774 931 2800 et
944 2769 1134 2806 immobilia,
1150 2770 1217 2799 seu-

205 2826 331 2856 dalibns
347 2826 511 2855 dumtaxat
531 2825 680 2864 exceptis,
699 2828 803 2863 petere
821 2828 851 2854 et
868 2824 1009 2862 recipere
1027 2823 1159 2861 possint.

247 2893 260 2906 «
288 2880 475 2909 Ilevotionis
497 2883 600 2908 vestre
625 2878 811 2916 precibus...
837 2894 874 2899 —
898 2878 969 2906 Dat.
992 2878 1111 2913 Rome,
1135 2876 1218 2915 apud

205 2934 355 2964 Sans-,tam
369 2934 501 2963 Mai-iam
518 2933 683 2971 Majorem,
694 2931 800 2961 idibus
809 2931 964 2970 januarii,
973 2939 1012 2960 an
1019 2939 1059 2961 no
1066 2934 1188 2969 quarto.
1203 2942 1217 2957 υ

206 2987 358 3024 (Ῥω-τηΗ
375 2985 498 3024 aazias.)

516 2601 877 2636 Salute-Marie-Majeure,
898 2600 927 2627 13
943 2600 1046 2627 fevrier
1064 2599 1142 2626 1292.

1369 375 1484 404 ¹⁷⁶4?

1340 459 1360 466 ..
1372 438 1470 466 abbati
1483 442 1509 466 et
1523 438 1684 467 conventui
1697 437 1877 466 monasterii
1893 436 2019 466 Sanctae
2034 437 2147 466 Mariae
2163 439 2198 467 in
2214 439 2305 470 otter-

1297 490 1386 527 bnry,
1402 490 1609 520 Cisterci'ensis
1622 489 1751 526 ordinis,
1769 490 1964 526 illaywztinae
1977 490 2128 526 dioecesis,
2139 490 2190 528 jus
2202 495 2304 529 patro-

1298 548 1392 573 natus
1410 543 1562 574 ecclesiae
1577 544 1616 573 de
1633 543 1750 573 Sancto
1767 541 1898 579 Albino,
1916 542 2126 580 Maguntinae
2141 543 2302 582 dioecesis,

1298 597 1343 627 eis
1359 596 1399 626 ab
1416 596 1571 631 Helwico,
1595 596 1750 626 canonico
1777 596 1980 633 Maguntino,
1998 594 2129 634 Syfrido
2145 596 2305 635 quondam

1299 649 1441 680 Volmari
1461 649 1500 679 de
1516 649 1633 680 Sancto
1654 649 1791 685 Albino,
1810 648 1957 678 Conrado
1975 647 2158 678 Baldemari
2177 648 2251 679 dicti
2266 649 2305 682 de

1297 702 1569 732 Wendelnsheim
1584 726 1591 740 ‚
1611 701 1794 738 domicelli,
1818 704 1849 731 et
1868 700 2065 738 Adelheide,
2085 700 2263 733 Clementia
2276 705 2306 734 et

1300 755 1485 792 Benedicta,
1499 755 1660 786 sororibus
1677 754 1831 794 praedicti
1847 754 2005 790 canonici,
2021 762 2218 792 concessum,
2230 763 2304 787 oon-

1298 809 1415 838 firmat.

1340 861 1449 892 «Cum
1462 870 1479 892 a
1494 862 1625 892 nobis...
1638 878 1677 883 —
1691 861 1763 891 Dat.
1778 861 1891 897 Rome,
1908 860 1992 899 apud
2006 859 2156 891 Sanctam
2173 860 2306 892 Mariam

1299 916 1465 954 Maiorem,
1489 925 1510 945 11
1533 915 1687 946 kalendas
1710 915 1829 952 martii,
1855 922 1942 945 anno
1965 915 2090 954 quinto.
2114 924 2127 942 ι
2158 914 2304 954 (Pomm,

1299 967 1424 1008 23933.)

1609 374 1970 409 Sainte-Marie-Majeure‚
1987 375 2021 402 ‘29
2037 375 2140 403 sevi-ier
2156 376 2233 404 1292.

1371 1183 1487 1212 *7ss48

1342 1269 1360 1274 ..
1386 1245 1488 1274 abbati
1512 1250 1538 1273 et
1561 1245 1723 1274 conventui
1746 1244 1927 1273 monasterii
1952 1243 1987 1272 de
2008 1243 2170 1278 Eberbach,
2197 1242 2307 1273 Cister-

1297 1299 1408 1328 ciensis
1425 1299 1557 1335 ordinis,
1577 1298 1775 1335 Mayuntinae
1795 1297 1945 1332 dioecesis
1966 1295 2148 1326 facultatem
2165 1295 2308 1327 concedit

1299 1351 1410 1383 utendi
1422 1351 1602 1390 privilegiis
1618 1351 1696 1389 ipsis
1711 1359 1729 1380 a
1745 1350 1819 1380 sede
1832 1349 2005 1389 apostolica
2018 1348 2176 1379 concessis
2191 1349 2306 1388 quibus
2326 1359 2328 1362 ’

1297 1410 1425 1444 propter
1458 1404 1697 1444 simplicitatem
1736 1404 1901 1434 retroactis
1932 1403 2126 1442 temporibus
2156 1402 2207 1433 usi
2243 1411 2306 1434 non

1298 1464 1384 1489 sunt.

1340 1524 1353 1539 a
1369 1512 1450 1542 Cum
1464 1512 1545 1541 sicut
1557 1519 1633 1541 ex...
1648 1528 1686 1533 -
1701 1511 1772 1541 Dat.
1784 1511 1897 1546 Rome,
1910 1510 1995 1549 apud
2008 1509 2159 1541 Sanctam
2171 1509 2307 1541 Mariam

1298 1566 1468 1606 Maiorem,
1485 1565 1579 1596 nonis
1595 1564 1713 1600 martii,
1731 1572 1819 1594 anno
1837 1564 1964 1603 quinto.
1983 1575 1996 1591 1³
2015 1563 2168 1602 (Pom-Tm,
2187 1561 2307 1603 23939.)

1653 1180 2018 1215 Sainte-Marie-Majeure,
2035 1181 2050 1206 7
2067 1187 2143 1207 mars
2159 1179 2237 1208 1292.

1370 1777 1486 1806 *2649

1340 1864 1360 1871 ..
1383 1841 1486 1870 abbati
1510 1845 1536 1869 et
1559 1841 1725 1870 conventui
1744 1841 1924 1869 monasterii
1948 1840 1983 1869 de
2006 1839 2171 1875 Eberbach,
2197 1838 2306 1869 Cister-

1298 1896 1406 1924 ciensis
1424 1894 1563 1930 ordinis,
1587 1894 1783 1930 Mayuntinae
1808 1893 1965 1929 dioecesis,
1985 1891 2162 1929 libertates,
2187 1891 2307 1922 immu-

1298 1947 1415 1978 nitates
1433 1950 1463 1977 et
1481 1946 1699 1985 exemptiones
1715 1946 1896 1977 confirmat.

1339 2013 1352 2029 «
1369 2001 1450 2031 Cum
1467 2000 1627 2031 anobis...
1641 2017 1681 2022 —
1692 2001 1763 2030 Dat.
1779 2001 1892 2037 Rome,
1909 1999 1993 2038 apud
2005 1999 2157 2030 Sanctam
2174 1998 2315 2030 Mariam-

1298 2054 1466 2093 Majorem,
1488 2063 1506 2083 x
1528 2052 1686 2084 kalendas
1707 2052 1830 2092 aprilis,
1856 2061 1942 2083 anno
1965 2052 2090 2091 quinto.
2119 2063 2132 2080 n
2157 2051 2307 2091 (Pom-a„

1299 2106 1424 2146 23944.)

1631 1775 1994 1811 Sainte-Marie-itlajeure‚
2015 1775 2048 1804 23
2064 1783 2142 1803 mars
2158 1775 2235 1804 1292.

1371 2320 1489 2350 '2850
2076 2318 2240 2346 1288-1292.

1338 2386 1444 2416 Sancti
1460 2385 1598 2414 Andreae
1615 2385 1650 2413 in
1667 2384 1812 2413 Flumine
1828 2388 1855 2413 et
1876 2383 1983 2413 Sancti
2000 2382 2148 2421 Sylvestri
2165 2383 2199 2412 de
2215 2382 2310 2412 Monte
2359 2393 2364 2398 ·

1298 2439 1424 2477 Syracto
1441 2440 1641 2475 monasteria,
1660 2446 1794 2475 quorum
1810 2446 1912 2466 unum
1931 2437 1967 2466 ab
1982 2437 2076 2466 attero
2091 2435 2242 2473 dependet,
2260 2442 2310 2464 or-

1298 2493 1383 2522 dinis
1414 2492 1444 2522 S.
1480 2492 1647 2527 Benedicti,
1682 2490 1823 2520 Civitatis
1854 2489 2041 2519 Castettanae
2070 2489 2219 2524 dioecesis,
2251 2485 2310 2517 sub

1299 2546 1331 2577 S.
1350 2546 1438 2576 Petri
1455 2550 1486 2576 et
1506 2554 1563 2575 sua
1585 2544 1782 2584 protectione
1798 2543 1932 2582 suscipit
1947 2550 2121 2581 eorumque
2139 2541 2223 2571 bona
2236 2547 2319 2571 con--

1300 2599 1417 2629 firmat.

1341 2665 1355 2680 «
1380 2653 1577 2690 Religiosam
1603 2651 1705 2681 vitam
1724 2649 1954 2689 eligentibus...
1976 2661 1990 2676 1>
2012 2648 2166 2688 (Pomm,
2189 2642 2311 2684 23945.)

1374 2866 1486 2894 2351
1602 2862 1964 2897 Sainte-Marie—Majeure,
1981 2861 2014 2888 27
2031 2861 2148 2888 octobre
2165 2859 2241 2887 1288.

1341 2928 1508 2966 Hospitalis
1521 2928 1627 2958 Sancti
1640 2928 1768 2957 Antonii
1786 2926 1960 2957 Viennensis
1976 2924 2137 2955 libertates
2153 2926 2183 2954 et
2196 2923 2308 2953 immu—

1302 2982 1418 3013 nitates
1434 2982 1611 3012 confirmat.
