2393 3496
2261 0 2393 138 ἲ

2348 140 2355 158 t

248 328 310 358 9¹4
1000 322 1236 354 REGISTRES
1257 322 1311 352 DE
1334 321 1518 352 NICOLAS
1542 322 1596 351 IV.

250 406 263 421 ι
291 394 452 423 Ferventis
472 391 621 422 desiderii
646 389 832 427 magnitudo
857 397 952 427 quain
977 388 1015 418 de
1035 387 1251 426 recuperanda

247 446 394 477 celeriter
409 446 447 475 de
463 444 611 474 manibus
627 441 885 481 persequentium
903 441 1000 471 Terra
1014 440 1129 470 Sancta
1142 448 1251 470 conce-

249 500 352 538 pimus
369 498 470 537 pulsat
484 497 630 526 animum
652 499 855 532 mentemque
872 493 1022 523 sollicitat
1039 497 1073 523 ut
1092 493 1165 527 tibi,
1182 492 1250 531 qui,

248 551 334 581 velut
349 550 467 580 athleta
483 548 601 578 Christi
618 552 648 576 et
659 545 912 576 Christianitatis
931 549 1145 584 propugnator
1161 554 1252 582 egre-

246 606 337 642 giuS,
364 611 426 632 nou
453 602 522 630 sine
547 600 646 628 divini
669 598 816 628 numinis
838 598 953 635 grandi
976 598 1060 628 dono
1085 601 1114 628 et
1136 606 1251 628 sonoro

248 655 350 686 laudis
372 655 513 683 humane
534 651 681 690 preconio
700 651 800 689 ipsius
820 656 901 681 terre
923 651 1087 689 negotium
1108 659 1250 689 assump-

246 709 332 742 sisti,
352 706 481 744 gratiosi
503 704 620 734 favoris
644 704 869 742 impendamus
893 703 1049 733 auxilium
1071 708 1101 734 et
1123 704 1248 743 petitio-

246 760 339 789 nibus
359 759 419 787 tuis
437 762 594 796 quantum
611 765 683 786 cum
702 756 767 786 Deo
786 765 954 795 possumus
973 765 1169 786 annuamus.
1190 756 1250 786 Ve-

246 813 369 842 nientes
381 810 538 849 siquidem
551 810 589 839 ad
603 809 807 848 apostolicam
820 810 926 839 sedem
939 810 1046 839 dilecti
1060 810 1116 839 filii
1127 809 1250 839 nobiles

245 864 478 894 viri-Iohannes
488 863 527 893 de
539 863 654 893 Sancto
670 863 819 893 Johanne
831 872 866 892 ac
884 864 1039 901 ltogerius
1054 863 1156 893 dictus
1174 863 1250 892 Les-

245 922 373 955 trange,
393 916 526 953 milites,
546 916 661 954 regalis
678 916 911 954 magnitudinis
931 917 1053 953 nuntii,
1070 920 1140 946 tuas
1159 917 1249 946 nobis

245 971 365 1001 litteras
381 970 418 1000 de
440 969 602 999 credentia
618 974 852 1008 presentarunt.
873 970 938 1000 Nos
953 974 1076 1006 autem,
1095 969 1170 999 licet
1186 974 1248 999 tam

244 1023 376 1061 grandia
394 1027 424 1053 et
441 1023 538 1053 ardua
557 1027 683 1061 tamque
697 1023 806 1060 gravia
822 1023 882 1052 sub
900 1022 1013 1052 litteris
1031 1023 1069 1053 de
1087 1023 1249 1052 credentia

245 1077 327 1106 mitti
344 1076 391 1105 vel
409 1076 470 1115 peti
489 1076 557 1105 sine
575 1075 700 1114 spetiali
721 1084 832 1112 causa,
850 1076 1005 1105 mittentis
1021 1080 1051 1105 et
1066 1076 1249 1114 recipientis

242 1139 279 1160 ac
297 1129 494 1167 negotiorum
514 1128 664 1167 qualitate
679 1134 820 1167 pensata,
833 1137 896 1158 non
914 1129 1021 1158 doceat
1037 1137 1072 1158 ac
1088 1129 1121 1158 id
1136 1134 1166 1159 et
1182 1138 1247 1159 me-

245 1183 305 1212 rito
331 1182 411 1212 votis
435 1190 498 1210 non
520 1181 686 1210 accesserit
710 1181 826 1211 nostris
848 1186 992 1219 gratum,
1017 1181 1248 1212 nichilominus

245 1235 374 1264 nuntios
390 1235 474 1273 ipsos
490 1239 519 1263 et
534 1233 656 1263 litteras
671 1234 837 1263 affectione
854 1238 984 1272 paterna
1002 1235 1197 1274 recepimus,
1218 1240 1249 1266 et

243 1292 305 1317 tam
321 1296 382 1326 que
404 1296 507 1316 corani
529 1287 618 1317 uobis
637 1292 667 1316 et
691 1287 841 1316 fratribus
863 1288 978 1317 nostris
994 1297 1030 1317 ex
1056 1293 1142 1326 parte
1162 1289 1248 1327 regia

240 1340 336 1371 iidem
365 1349 537 1379 proponere
566 1341 671 1369 nuntii
699 1340 869 1370 voluerunt
893 1350 990 1380 quam
1018 1351 1080 1381 que
1106 1342 1247 1381 predicte

240 1394 342 1424 littere
367 1393 572 1424 continebant
597 1394 737 1431 benigne
763 1393 946 1423 audivimus
973 1399 1002 1424 et
1027 1395 1246 1426 intelleximus

239 1447 418 1484 diligenter.
440 1447 522 1476 Sane
543 1447 731 1476 nuntiorum
754 1446 896 1485 ipsorum
916 1447 1027 1477 habuit
1042 1448 1177 1478 discreta
1197 1458 1246 1479 re-

240 1499 315 1529 latio
333 1499 415 1538 quod
436 1504 480 1534 tn,
499 1505 649 1537 tanquam
669 1508 721 1528 rex
738 1499 868 1529 inclitus
886 1501 1095 1539 princepsque
1111 1501 1245 1532 catholi-

240 1562 310 1590 cus,
330 1554 363 1582 in
380 1561 442 1591 quo
458 1553 638 1582 devotionis
662 1556 690 1582 et
711 1552 786 1582 fidei
802 1552 966 1591 plenitudo
982 1559 1156 1592 corruscat,
1175 1565 1246 1594 per-

239 1607 342 1637 ductis
356 1607 508 1635 hactenus
519 1606 557 1635 ad
570 1606 767 1635 audientiam
781 1607 898 1644 regiam
912 1607 1060 1638 infaustis
1072 1610 1246 1649 mestisque

239 1661 336 1689 'serre
359 1660 472 1689 Sancte
491 1659 690 1694 rumoribus,
715 1668 829 1698 quam,
847 1659 926 1698 proh
947 1660 1054 1691 dolorl
1073 1661 1245 1693 orthodoxe

239 1713 314 1742 [idei
332 1712 484 1748 hostium,
500 1721 563 1742 non
580 1712 649 1742 sine
666 1712 766 1742 multo
782 1712 1035 1743 Christianitatis
1052 1715 1186 1753 excidio,
1199 1717 1246 1747 fe-

240 1766 315 1795 ralis
331 1765 497 1804 occupavit
512 1765 696 1795 immanitas
714 1774 750 1795 ac
768 1766 799 1795 in
820 1766 1049 1798 desolationem
1068 1773 1098 1798 et
1116 1770 1245 1800 ruinam

239 1819 339 1859 ipsius
362 1818 525 1848 scelestius
546 1819 717 1849 furibunda
736 1819 876 1856 desevit,
901 1825 985 1851 tanto
1003 1824 1244 1861 propensius-ad

238 1873 338 1911 ipsius
366 1877 447 1902 terre
473 1872 652 1902 subsidium
678 1873 783 1902 stabili
809 1874 966 1913 firmoque
992 1877 1150 1914 proposito
1173 1878 1245 1907 ani-

239 1935 327 1955 mum
348 1925 473 1963 regium
491 1926 643 1956 roborasti
663 1931 777 1965 tueque
794 1928 910 1957 mentis
928 1927 1100 1959 ferventior
1114 1931 1246 1961 affectus

237 1979 377 2008 invaluit
408 1984 439 2008 et
470 1978 535 2009 zelo
570 1979 725 2009 uberioris
748 1980 850 2010 extitit
881 1980 1061 2012 devotionis
1092 1993 1245 2015 accensus

236 2036 354 2071 quanto
374 2032 503 2071 majoris
528 2033 724 2062 necessitatis
746 2033 890 2064 articulis
905 2035 1078 2066 imminere
1099 2037 1245 2077 dicteque

235 2085 331 2114 Terre
347 2086 460 2114 Sancte
475 2086 652 2115 necessaria
665 2086 767 2124 potius
786 2087 851 2117 sore
862 2087 1061 2126 dignoscitur
1072 2091 1245 2121 accelerata

236 2138 404 2167 subventio
424 2139 560 2183 passagii
580 2139 752 2176 generalis.
771 2141 817 2170 Re
836 2150 923 2178 vera,
942 2142 989 2172 fili
1009 2144 1190 2182 carissime,
1210 2146 1244 2175 in

236 2191 423 2230 hujusmodi
444 2196 506 2221 tam
523 2191 673 2229 celebris,
693 2197 755 2222 tam
773 2193 874 2224 felicis
890 2200 921 2225 et
935 2201 1062 2235 accepte
1078 2197 1246 2229 relationis

235 2244 346 2274 auditu
363 2253 398 2274 eo
413 2245 629 2275 fecundiorem
643 2246 848 2285 concepimus
860 2247 945 2277 infra
957 2250 1091 2288 pectoris
1105 2251 1245 2283 archana

236 2297 371 2327 letitiam
389 2306 452 2335 quo
467 2297 505 2326 ad
523 2299 799 2336 recuperationem
815 2300 950 2330 celerem
967 2302 1049 2333 dicte
1067 2308 1147 2334 terre
1166 2306 1245 2336 votis

235 2350 482 2380 ferventioribus
498 2351 689 2389 aspiramus,
704 2352 885 2383 exolventes
896 2360 1061 2393 propterea
1074 2357 1140 2387 Deo
1151 2359 1242 2397 patri,

236 2411 254 2433 a
273 2411 335 2442 quo
352 2408 397 2433 est
413 2412 508 2433 omne
529 2404 640 2434 datum
656 2406 812 2444 optimum
830 2411 860 2436 et
874 2416 970 2438 omne
987 2409 1106 2440 donum
1124 2411 1244 2449 perfec-

238 2461 316 2493 tum,
336 2457 510 2494 gratiarum
526 2457 656 2487 devotas
672 2462 701 2488 et
717 2459 858 2489 humiles
873 2461 1025 2499 actiones,
1043 2463 1127 2502 apud
1138 2464 1244 2503 ipsum

236 2510 414 2540 insistendo
430 2510 614 2550 suppliciter
632 2516 664 2542 ut
680 2512 715 2542 in
730 2513 913 2552 hujusmodi
926 2515 1147 2548 subventionis
1159 2518 1246 2548 auxi-

237 2564 317 2594 lium
345 2568 484 2593 mentem
511 2566 630 2603 regiam
657 2567 694 2596 de
715 2567 800 2597 bono
822 2577 947 2607 semper
969 2569 1003 2598 in
1029 2570 1147 2601 melius
1169 2571 1246 2610 igne

236 2617 386 2647 desiderii
409 2618 625 2656 propensioris
647 2619 836 2650 inflammet.
862 2622 980 2653 Verum
1004 2624 1080 2662 quia
1101 2625 1158 2655 tibi
1181 2629 1245 2656 tam

236 2671 332 2701 verbo
351 2680 447 2709 quam
467 2680 576 2710 opere,
598 2673 681 2703 sicut
696 2679 725 2704 et
744 2683 800 2705 nos
822 2675 911 2705 decet
929 2681 959 2706 et
979 2681 1026 2715 te,
1050 2678 1132 2710 sicut
1149 2679 1245 2710 etiam

237 2725 294 2754 tibi
310 2725 463 2754 hactenus
483 2726 697 2756 manifestavit
715 2727 864 2765 ecclesia,
883 2730 1031 2760 animum
1049 2736 1194 2762 nostrum
1209 2741 1245 2763 ac

235 2778 337 2817 ipsius
359 2778 600 2817 possibilitatem
619 2780 750 2810 ecclesie
768 2781 968 2813 intendimus
987 2784 1026 2814 ad
1050 2786 1095 2815 tui
1115 2786 1244 2816 certitu-

234 2832 344 2862 dinem
359 2836 390 2862 et
406 2832 503 2862 nostri
521 2834 780 2864 exonerationem
795 2835 912 2866 clarius
929 2838 1064 2875 aperire,
1081 2847 1175 2878 super
1192 2843 1245 2869 tua

235 2886 396 2924 petitione,
415 2894 476 2924 que
495 2886 586 2916 nohis
603 2896 657 2925 per
674 2892 742 2917 tuos
759 2889 888 2919 nuntios
904 2890 1058 2921 hactenus
1074 2895 1104 2922 et
1119 2893 1245 2923 noviter

235 2949 290 2978 per
307 2939 442 2978 prefatos
464 2941 594 2970 nuntios
617 2949 696 2980 qnos
721 2942 837 2972 misisti
860 2944 917 2973 suit
934 2953 1006 2974 cum
1025 2945 1178 2976 instantia
1194 2956 1243 2977 re-

235 2992 341 3031 petita,
355 2996 388 3022 ut
403 2992 441 3022 de
454 2992 586 3022 decimis
603 2998 633 3023 et
647 2994 893 3026 obventionibus
909 3006 1083 3036 regnorum
1100 3003 1130 3028 et
1145 3003 1242 3030 terra-

1321 2247 1435 2284 ‘menta
1465 2252 1604 2283 tollenda
1632 2252 1750 2292 quibus
1772 2251 1908 2282 sublatis
1931 2251 2056 2282 decime
2075 2260 2112 2282 ac
2133 2251 2317 2282 obventio

1336 395 1407 416 rum
1429 395 1566 426 quorum
1583 395 1787 426 quarumque
1809 395 1900 424 reges
1921 385 1971 417 vel
1989 386 2115 416 domini
2138 389 2342 426 personaliter

1335 441 1367 469 in
1384 439 1482 469 Terre
1493 439 1608 469 Sancte
1621 438 1802 469 subsidium
1819 447 1883 469 non
1898 439 2081 469 transibunt
2097 439 2154 470 tibi
2166 442 2342 480 provideret

1333 491 1481 527 ecclesia,
1508 500 1572 522 non
1589 491 1737 522 videmus
1758 491 1844 530 quod
1865 491 1954 521 alind
1975 492 2168 532 respondere
2188 495 2340 533 possimus

1333 553 1430 582 quam
1441 544 1525 583 quod
1545 544 1602 574 tibi
1614 549 1645 574 et
1661 545 1723 574 tuis
1739 544 1863 574 nuntiis
1879 544 2012 574 ecclesia
2024 545 2091 583 ipsa
2107 547 2279 586 respondit,
2292 542 2365 595 νι-’.ι

1333 596 1448 627 delicet
1472 597 1557 636 qnod
1586 597 1625 627 de
1646 597 1779 627 decimis
1802 596 1943 627 collectis
1965 597 2000 627 in
2026 597 2155 636 prefatis
2178 601 2286 639 regnis
2316 626 2354 645 ο.

1335 651 1427 680 terris
1450 659 1506 688 pro
1521 650 1623 689 ipsius
1641 654 1723 680 terre
1739 654 1847 680 sancte
1873 650 2015 681 subsidio
2027 675 2034 688 ,
2058 651 2190 684 sublatis
2207 657 2343 696 impemg,
2360 651 2365 653 ’

1333 704 1452 733 mentis
1467 712 1529 742 que
1547 708 1622 733 tunc
1636 703 1804 733 obstabant
1827 712 1885 733 nec
1909 704 2000 734 novis
2022 705 2284 743 supervenientib
2303 721 2322 735 a
2338 733 2339 736 ,

1333 756 1358 786 si
1381 757 1459 796 quid
1480 757 1541 786 erit
1562 755 1602 786 de
1624 756 1749 786 decima
1773 756 1842 796 ipsa
1867 756 2051 793 residuum,
2070 757 2117 787 sic
2139 758 2240 797 ipsius
2262 762 2323 799 ter<

1334 807 1462 847 neg'otio
1478 818 1513 838 ac
1533 809 1588 839 tibi
1603 809 1636 838 iu
1655 809 1766 839 eodem
1782 809 1947 848 providere
1961 809 2164 848 disponimus
2177 811 2262 851 quod
2281 827 2296 839 ι

1333 864 1392 894 rito
1415 863 1546 893 debebis
1569 867 1599 892 et
1625 862 1743 901 poteris
1761 871 1830 892 esse
1855 867 2034 893 contentus.
2056 863 2094 893 Et
2115 864 2247 903 quidem
2261 890 2270 905 ‚

1332 916 1508 953 carissime,
1527 924 1568 946 ne
1583 915 1692 954 vagari
1709 915 1810 955 possit
1826 920 1878 946 tua
1895 916 2044 954 cogitatio
2060 916 2095 946 in
2111 906 2314 958 ἱῐιοεηυω,τ’

1334 974 1398 1000 tere
1417 973 1446 999 te
1462 969 1614 999 nolumus
1625 992 1632 1005 ,
1650 969 1735 1008 quod
1753 973 1859 998 tamen
1880 973 1907 998 te
1923 969 2073 1007 ignorare
2089 978 2154 1000 non
2169 970 2321 1002 credin*

1331 1022 1414 1062 quod
1431 1022 1470 1052 de
1485 1022 1608 1052 decima
1628 1022 1716 1062 regni
1733 1022 1868 1052 Francie
1880 1022 1919 1052 ad
1935 1031 2051 1052 manus
2065 1022 2196 1054 ecclesie
2213 1023 2261 1055 nil
2278 1032 2317 1058 ιζ
2332 1051 2338 1054 .

1332 1077 1430 1106 venit.
1455 1076 1502 1106 De
1526 1076 1617 1105 terris
1630 1084 1710 1106 vero
1729 1076 1796 1114 regi
1818 1075 1957 1106 Castelle
1980 1076 2131 1114 subjectis
2154 1075 2258 1108 nichil
2288 1079 2324 1108 »Ji

1331 1138 1428 1170 quam
1447 1129 1586 1169 percepit
1601 1129 1746 1166 ecclesia,
1765 1137 1838 1159 cum
1855 1128 1957 1159 felicis
1975 1129 2205 1161 recordationis
2219 1130 2247 1162 G
2271 1144 2278 1156 ’-
2288 1119 2323 1166 gs:

1331 1183 1398 1213 rius
1423 1192 1519 1222 papa,
1545 1182 1748 1222 predecessor
1773 1186 1897 1220 noster,
1922 1182 2006 1212 clare
2031 1183 2186 1214 memorie
2208 1183 2275 1216 Atr-
2302 1189 2321 1209 :⁵

1331 1237 1398 1275 regi
1425 1236 1562 1267 Castelle
1592 1236 1696 1275 ipsam
1724 1235 1881 1266 decimam
1909 1245 1945 1266 ex
1971 1236 2066 1266 certis
2090 1237 2196 1268 causis

1330 1290 1580 1321 concedendam.
1600 1290 1646 1320 De
1660 1289 1784 1320 decima
1799 1298 1874 1320 vero
1890 1290 2029 1328 partium
2046 1289 2216 1321 Alemanie
2228 1299 2273 1322 ac*
2296 1299 2319 1317 -ι

1330 1353 1440 1374 rarum
1461 1352 1540 1382 quas
1555 1343 1699 1373 continet
1719 1343 1806 1381 regio
1826 1343 2015 1382 Aquilonis,
2036 1343 2118 1374 sicut
2133 1343 2233 1383 ipsius
2246 1342 2333 1380 ιιῖζ-
2355 1334 2358 1338 ’

1331 1392 1452 1428 loiiaris
1469 1396 1573 1435 gentis
1596 1404 1660 1426 non
1683 1397 1793 1434 ignota
1814 1395 1954 1426 conditio
1972 1400 2074 1435 potest
2089 1396 2241 1428 omnibus
2257 1383 2329 1435 vais

1330 1450 1633 1481 similiterindicare
1643 1458 1680 1480 ac
1691 1450 1782 1479 nobis
1796 1449 1856 1480 hoc
1873 1449 2000 1480 realiter
2011 1449 2168 1489 patefecit,
2181 1449 2320 1482 modiv-
2336 1470 2337 1474 ,

1330 1505 1502 1544 respective
1517 1504 1557 1534 ad
1572 1504 1674 1542 ipsam
1688 1503 1856 1533 ecclesiam
1873 1502 2016 1533 noscitur
2032 1503 2228 1542 pervenisse.

1329 1567 1416 1588 mam
1431 1557 1593 1597 siquidem
1610 1556 1741 1595 Anglie,
1759 1557 1875 1593 Scotie,
1896 1556 2014 1587 Wallie
2024 1565 2061 1587 ac
2078 1557 2217 1588 Ybernie
2228 1561 2261 1588 tu

1330 1612 1413 1642 nosti
1431 1612 1487 1642 tibi
1499 1620 1555 1650 pro
1570 1611 1655 1640 dicto
1669 1611 1767 1641 Terre
1778 1610 1893 1640 Sancte
1908 1609 2051 1640 subsidio
2063 1619 2132 1640 esse
2142 1609 2267 1641 conces
2295 1616 2327 1647 ἶ.

1329 1667 1493 1703 Quantum
1510 1665 1610 1703 igitur
1625 1665 1667 1694 sit
1689 1664 1723 1694 in
1747 1663 1872 1703 reliqua
1893 1668 1982 1702 parte
1998 1663 2162 1694 residuum
2178 1663 2262 1694 etad
2282 1698 2285 1699 ⁷
2300 1676 2323 1707 ι.

1329 1723 1358 1750 et
1376 1723 1496 1758 quanta
1512 1719 1657 1748 sufficere
1674 1718 1773 1756 possit
1790 1726 1846 1756 pro
1867 1717 1967 1756 ipsius
1982 1717 2080 1747 Terre
2102 1716 2218 1748 Sancte
2237 1725 2272 1748 su
2284 1713 2339 1743 ³1³0

1329 1773 1395 1810 dio,
1412 1773 1504 1803 facile
1516 1771 1824 1811 potestexperieutie
1841 1775 1894 1801 tue
1909 1770 2036 1801 claritas
2048 1774 2242 1810 computare.
2256 1770 2287 1803 N
2293 1764 2322 1810 221.

1329 1828 1426 1857 etiam
1451 1829 1556 1865 preter
1577 1825 1640 1854 alia
1664 1833 1763 1855 onera
1784 1828 1813 1854 et
1837 1824 1928 1863 quasi
1951 1824 2107 1862 profluvia
2131 1819 2319 1866 expensarjf
2350 1837 2353 1840 ·

1328 1888 1390 1919 que
1418 1887 1474 1919 pro
1503 1877 1708 1908 attenuandis
1738 1877 1948 1907 inimicorum
1978 1877 2102 1907 viribus
2134 1877 2321 1916 ipsorumm

1328 1933 1470 1964 comodis
1484 1937 1514 1962 et
1526 1931 1678 1971 potentiis
1694 1930 1893 1967 minuendis,
1911 1934 1942 1960 et
1958 1939 2013 1969 pro
2029 1930 2239 1968 comoditate,
2256 1938 2279 1962 tt
2288 1926 2317 1970 '³1'

1330 1992 1391 2017 tate
1406 1995 1442 2016 ac
1460 1986 1573 2016 effectu
1589 1985 1689 2015 futuri
1707 1984 1846 2023 passagii
1868 1984 2030 2017 sustinuit,
2046 1984 2201 2014 hactenns
2216 1987 2248 2015 et
2265 1996 2270 2009 ι
2284 1981 2322 2018 :22:2⁵

1328 2041 1390 2071 due
1415 2043 1517 2079 portat
1540 2038 1684 2074 ecclesia,
1701 2042 1732 2068 et
1752 2037 1927 2067 babuimus
1945 2037 2118 2075 hactenus,
2138 2037 2322 2072 habemus&

1329 2103 1416 2124 nunc
1441 2101 1495 2132 pro
1520 2092 1622 2131 ipsius
1643 2096 1727 2121 terre
1752 2091 1895 2121 subsidio
1920 2099 1984 2121 non
2011 2090 2175 2121 modicum
2196 2080 2321 2130 gentitis

1328 2149 1558 2177 numerum‘et
1581 2146 1677 2175 etiam
1698 2145 1875 2183 galearum.
1898 2145 1961 2175 Pro
1980 2145 2139 2175 habendis
2158 2149 2266 2175 autem
2294 2176 2296 2178 ,

1327 2200 1419 2231 cimis
1442 2204 1473 2230 et
1495 2199 1744 2230 obventionibus
1764 2198 1952 2238 supradictis
1977 2203 2008 2229 et
2025 2198 2065 2229 ad
2081 2199 2191 2229 omnia
2205 2193 2326 2239 mpii?

1327 2307 1395 2347 ipse
1410 2306 1538 2336 facilius
1553 2306 1744 2342 habeantur,
1758 2305 1869 2336 eadem
1881 2305 2014 2336 ecclesia
2026 2305 2171 2344 vigilavit
2185 2305 2323 2339 hactewe

1328 2365 1358 2390 et
1377 2360 1522 2391 laborare
1541 2368 1605 2390 non
1625 2359 1745 2389 desinit
1759 2367 1795 2388 ac
1814 2359 1991 2390 successive
2013 2363 2170 2398 oportuna
2187 2358 2298 2390 studia*

1327 2413 1451 2444 labores
1467 2412 1643 2452 impendet,
1669 2412 1726 2442 tibi
1746 2415 1776 2442 et
1793 2412 1935 2451 ejusdem
1957 2412 2055 2443 Terre
2077 2412 2193 2444 Sancte
2213 2417 2318 2452 nego*-

1327 2467 1367 2498 de
1389 2475 1425 2497 eo
1447 2466 1532 2505 quod
1555 2465 1593 2495 ad
1613 2465 1715 2504 ipsius
1739 2474 1854 2495 manus
1876 2464 2009 2496 ecclesie
2033 2465 2110 2496 inde
2133 2465 2314 2504 pei-veneri

1323 2521 1416 2560 juxta
1431 2529 1488 2550 sue
1503 2518 1725 2558 possibilitatis
1741 2518 1956 2557 exigentiam,
1973 2522 2007 2548 nt
2026 2518 2212 2558 predicitur,
2232 2507 2326 2559 prof?

1327 2583 1411 2604 sura.
1437 2573 1539 2612 Super
1559 2581 1596 2603 eo
1612 2580 1687 2602 vero
1709 2572 1792 2611 quod
1812 2572 1892 2611 petis
1910 2572 1948 2602 de
1964 2571 2121 2602 solutione
2142 2571 2262 2603 residui
2282 2568 2321 2605 d!

1327 2627 1410 2657 cime
1426 2626 1556 2664 Anglie,
1573 2626 1687 2662 Scotie‚
1707 2625 1822 2655 Wallie
1832 2634 1869 2656 ac
1882 2625 2039 2663 Ybernie,
2056 2625 2091 2655 in
2108 2626 2250 2665 proximo
2260 2625 2306 2656 fes
2337 2642 2338 2645 =

1326 2680 1410 2710 beati
1430 2679 1593 2709 Johannis
1610 2679 1751 2718 Baptista
1768 2677 1953 2718 prestanda,
1978 2678 2034 2708 tibi
2052 2677 2154 2709 taliter
2169 2670 2323 2718 respon(

1327 2743 1400 2764 mus
1415 2733 1515 2773 quod,
1540 2733 1613 2763 licet
1633 2722 1691 2763 nec
1708 2733 1847 2763 sciamus
1871 2741 1930 2762 nec
1953 2731 2059 2762 adhuc
2081 2732 2163 2763 scire
2181 2722 2320 2772 possim'

1327 2785 1514 2826 hujusmodi
1534 2785 1655 2816 residui
1673 2785 1897 2824 quantitatem,
1916 2793 1990 2815 cum
2006 2785 2044 2814 de
2061 2784 2131 2815 istis
2145 2782 2332 2825 nullarum?

1327 2848 1380 2870 eos
1391 2839 1510 2878 quibus
1520 2839 1683 2870 commisit
1695 2839 1829 2870 ecclesia
1840 2839 1888 2869 vel
1901 2838 1982 2869 alios
1994 2838 2100 2874 adhuc
2111 2838 2283 2870 certitudin
2292 2840 2326 2874 -ἰ-ἰ
2333 2853 2334 2857 =

1327 2893 1514 2930 habeamus
1531 2897 1639 2923 tamen
1654 2893 1756 2932 parati
1773 2901 1886 2922 sumus
1901 2891 2053 2931 implere3
2071 2896 2102 2922 et
2117 2900 2188 2922 ecce
2203 2899 2292 2922 man·
2307 2904 2324 2920 ι.

1327 2955 1399 2976 mus
1412 2955 1486 2976 cum
1502 2946 1615 2987 effectu
1633 2945 1786 2986 quicquid
1804 2945 1843 2976 de
1859 2944 2046 2985 hujusmodi
2066 2945 2194 2976 residuo
2208 2945 2321 2976 inter'

1326 3003 1356 3030 et
1371 2998 1537 3030 ecclesiam
1560 2999 1751 3038 promissum
1773 2998 1878 3029 extitit
1900 2998 1948 3029 vel
1971 3002 2166 3029 conventum
2193 2997 2250 3029 tibi
2275 3004 2336 3039 ss·
