2393 3496
687 386 823 416 TABLE
844 383 1178 423 ALPHABETIQUE
1200 387 1278 417 DES
1300 388 1417 419 NOMS
1439 390 1643 421 PROPRES.

125 450 318 481 Venetensis
334 449 490 479 dioecesis
508 450 594 485 1454,
612 450 700 487 3206,
718 452 805 488 3473,
823 453 911 486 5483,
930 454 1017 490 5759,
1035 453 1127 489 6304;

163 520 202 526 -
220 503 352 532 66616513
372 502 438 537 192,
456 501 545 537 3422,
563 502 656 539 3472,
674 520 712 525 —-
729 505 894 543 episcopus
913 507 998 536 1454.

126 557 242 587 Veneti
258 556 326 592 238,
348 555 432 591 1462,
451 556 540 592 6782,
558 556 646 592 6783,
664 557 752 586 6896.

125 610 280 641 Venetiae
299 610 344 645 11,
363 608 430 643 238.
449 608 517 645 551,
536 608 722 643 1158,1547,
736 610 823 643 2251,
838 612 925 647 2269,
940 612 1026 649 4388,
1039 612 1129 650 4389,

169 664 258 700 6786,
276 662 364 692 6896.

125 717 337 747 Venetiarum
353 716 486 745 ducatus
501 714 712 745 cancellarius
732 716 821 752 1547,
839 735 876 738 —
894 719 997 748 scriba
1013 720 1100 748 1547.

125 770 336 800 Venetiarum
352 773 456 807 partes
474 768 560 797 1147.

125 822 270 853 Venetiis
288 821 439 859 (Jacobus
456 821 560 851 (116165
580 821 719 851 Β136665
738 822 789 860 (16)
805 823 872 852 551.

126 876 272 906 Venetiis
285 874 436 913 (Jacobus
450 874 565 912 Tepuli
581 873 645 913 de),
663 875 846 912 capitaneus
861 876 1025 913 galearum
1043 877 1130 907 4401.

127 929 273 959 Venetiis
288 927 488 966 (Leonardus
503 927 606 957 dict-us
624 927 769 957 Faletrus
784 928 835 966 de)
852 929 939 958 5750.

127 982 273 1013 Venetiis
290 981 471 1019 (Mathaeus
495 981 598 1010 dictus
612 981 762 1010 Veneriis
784 981 848 1019 de),
866 983 1037 1012 eanonicus
1056 983 1133 1014 Cre-

169 1036 268 1065 tensis
287 1035 332 1070 11,
351 1035 400 1071 84,
420 1035 488 1064 541.

126 1089 275 1119 Venetiis
289 1088 441 1127 (Thomas
458 1087 598 1117 Mudaeii
614 1087 667 1126 de)
679 1086 767 1118 3034.

126 1142 270 1172 Venetiis
287 1142 387 1180 (prior
402 1140 434 1170 S.
447 1141 595 1170 Andreae
607 1141 641 1170 in
656 1141 777 1170 Littore
789 1140 842 1178 de)
857 1141 951 1178 7637;
968 1158 1010 1164 -
1024 1142 1082 1180 (66.
1101 1142 1133 1172 S.

165 1194 286 1232 Angeli
304 1193 357 1233 de)
373 1193 446 1230 366;
462 1211 500 1215 —
512 1194 570 1232 (66.
583 1193 616 1224 S.
632 1193 869 1224 Bai-tholomaei
881 1194 932 1233 de)
944 1193 1031 1230 3692,
1045 1195 1134 1228 7554,

165 1247 262 1283 7575;
287 1263 325 1268 -
349 1246 450 1285 (plebs
471 1246 504 1276 S.
530 1246 696 1276 Eustachii
716 1246 768 1285 de)
791 1246 889 1282 3527;
915 1264 953 1268 —-
981 1249 1079 1284 (mon.
1102 1248 1135 1278 S.

164 1300 297 1338 Georgii
312 1300 443 1337 Majoris
457 1300 490 1329 iu
506 1300 625 1330 Littore
640 1300 692 1337 de)
703 1299 778 1330 7637
790 1311 796 1337 3
808 1316 847 1322 —
861 1300 1137 1338 (66.8..101136615

164 1353 388 1393 Chrysostomi
400 1352 450 1391 de)
467 1353 555 1390 4827,
573 1353 666 1389 5750;
685 1369 723 1374 —
739 1353 844 1392 (hosp.
862 1353 893 1383 S.
905 1353 1065 1382 ι1016311615
1080 1354 1135 1383 Je-

165 1406 381 1438 rosolimitani
405 1405 459 1446 de)
473 1406 568 1443 6796;
587 1423 628 1429 —
645 1406 745 1444 (plebs
764 1405 797 1436 S.
814 1407 975 1436 ,Iohannis
999 1406 1037 1436 de
1057 1406 1138 1436 Rivo

165 1461 229 1491 alto
243 1461 291 1496 de)
307 1459 381 1490 6131
397 1471 403 1496 ;
421 1476 458 1482 —
475 1460 533 1498 (66.
547 1459 580 1489 S.
601 1460 698 1489 Marci
714 1459 767 1499 de)
782 1460 849 1495 754,
864 1460 932 1496 755,
950 1460 1034 1496 1127,
1052 1460 1136 1495 1158,

169 1514 255 1551 1159,
283 1512 369 1550 1161,
398 1513 483 1549 1884,
511 1512 599 1547 2076,
628 1512 716 1549 2310,
744 1513 832 1547 2497,
860 1513 948 1547 6131,
976 1513 1074 1549 7155,
1102 1529 1139 1535 —-

166 1568 270 1607 (hosp.
299 1566 333 1597 S.
361 1566 460 1595 Marci
488 1565 541 1605 de)
567 1565 664 1601 60763
687 1582 728 1588 —
744 1565 870 1604 (domus
889 1565 923 1596 S.
947 1566 1068 1596 Mariae
1089 1559 1137 1595 de)

169 1620 262 1656 30343
278 1637 316 1641 —
330 1619 456 1658 (domus
469 1619 502 1649 S.
520 1619 641 1648 Mariae
654 1619 693 1648 de
706 1619 815 1649 Monte
826 1619 969 1649 Carmeli
979 1619 1029 1656 de)
1042 1618 1137 1656 38923

168 1690 207 1695 -
222 1673 324 1713 (mou.
347 1672 380 1702 S.
401 1671 529 1702 Nicolai
552 1672 584 1700 in
605 1672 725 1702 Littore
753 1672 806 1711 de)
823 1672 891 1709 298,
915 1672 983 1707 754,
1005 1672 1079 1708 755;
1100 1689 1139 1694 —

169 1726 271 1766 (mon.
289 1725 326 1756 S.
344 1725 517 1755 salvatoris
533 1724 585 1764 de)
597 1725 687 1762 7554,
701 1725 850 1763 7575;,-
863 1725 922 1764 (66.
940 1724 974 1754 S.
994 1724 1141 1755 Silvestri

171 1779 224 1819 de)
237 1776 275 1809 ’11
291 1788 298 1815 ;
317 1795 356 1800 -
373 1778 500 1817 (domus
522 1779 561 1808 fr.
584 1779 666 1808 min.
688 1779 737 1815 de)
760 1779 829 1815 754,
848 1779 916 1815 755,
937 1779 1026 1815 3064,
1046 1778 1140 1817 5957;

170 1848 210 1855 -
224 1832 353 1872 (domus
368 1832 408 1861 fr.
425 1832 534 1870 praed.
552 1831 604 1871 de)
619 1832 688 1877 754,
706 1833 775 1862 755.

131 1886 329 1916 Venetorum
346 1885 577 1915 ambassatores
589 1885 665 1914 1547
675 1896 682 1921 ς
693 1901 733 1908 -
744 1885 872 1924 bajulus
885 1885 921 1914 in
932 1885 1040 1915 Accon
1051 1884 1140 1921 4387,

171 1939 261 1974 4400,
279 1939 353 1968 4401
368 1950 375 1975 ;
392 1955 432 1961 -
446 1947 617 1968 6011161666
634 1938 702 1975 237,
723 1938 809 1974 1334,
830 1938 916 1975 1336,
942 1938 1028 1975 1398,
1054 1938 1141 1973 1547,

174 1992 261 2029 1912,
279 1992 370 2028 6788,
387 1991 477 2028 6790,
494 1991 583 2021 7156.
601 1991 647 2021 Cf.
664 1983 836 2027 Venetiae3
852 2009 891 2012 -
907 1991 969 2020 dux
986 1990 1054 2026 237,
1072 1990 1142 2027 549,

173 2045 351 2082 614,1127,
372 2045 458 2081 1547,
476 2044 566 2079 4082,
586 2045 675 2074 7156.

131 2098 316 2138 Veneysini
332 2099 513 2129 comitatus.
535 2097 583 2128 Cf.
601 2098 760 2128 Venesini
775 2098 956 2128 comitatus.

132 2152 302 2189 Venibene
325 2151 489 2191 quondam
511 2151 743 2188 Abbamontis,
762 2151 840 2181 civis
862 2150 1039 2181 Esculanus
1054 2150 1143 2179 7162.

132 2205 328 2236 Vennascha
343 2206 400 2243 (66.
419 2205 457 2235 Β.
478 2205 598 2235 Mariae
613 2204 676 2243 de),
692 2204 991 2243 carpentoratensis
1007 2203 1038 2233 d.
1056 2195 1144 2233 6233.

134 2259 322 2289 Ventiensis
344 2258 500 2289 dioecesis
519 2258 593 2295 526,
614 2258 707 2295 1989,
727 2257 822 2293 4986,
841 2256 936 2295 5153;
955 2273 994 2278 -
1014 2255 1146 2286 66616513

177 2312 267 2343 2833.

134 2365 332 2396 Ventodorio
347 2364 490 2405 (Dalfina
504 2365 567 2402 de),
585 2364 823 2395 Lemovicensis
840 2364 869 2393 d.
888 2364 976 2394 2618.

136 2418 312 2449 Ventoselo
327 2418 385 2457 (66.
401 2418 433 2448 S.
454 2418 574 2448 Mariae
593 2417 656 2457 de),
675 2418 861 2457 Bajocensis
876 2417 906 2447 d.
924 2417 1012 2446 5095.

137 2471 297 2507 Ventura,
315 2471 413 2501 abhas
429 2479 516 2500 mon.
534 2470 568 2500 S.
587 2470 752 2500 Laurentii
767 2470 806 2500 de
822 2470 1033 2508 Ardingesta,
1050 2469 1151 2499 Gros-

181 2528 309 2554 setanae
326 2524 357 2554 d.
376 2524 466 2554 2556.

139 2569 285 2607 Ventura
297 2600 304 2612 ‚
325 2577 502 2607 monachus
522 2585 610 2607 mon.
631 2576 663 2606 S.
685 2577 806 2606 Mariae
823 2576 862 2606 de
878 2576 1008 2613 Ustica,
1027 2576 1152 2605 Panor-

181 2629 323 2660 mitanae
339 2629 370 2659 d.
389 2630 479 2659 4247.

142 2683 287 2713 Ventura
304 2683 508 2720 Bonamichi,
527 2688 684 2713 mercator
704 2683 793 2713 5758.

143 2737 289 2766 Ventura
305 2736 508 2775 (Johannes),
525 2736 672 2767 Civitatis
688 2736 819 2766 Castelli
835 2735 926 2766 3232.

145 2789 310 2819 Venturae
324 2789 545 2829 (Laurentius)
560 2790 599 2819 de
616 2790 719 2819 Massa
734 2789 887 2818 Trabaria
906 2788 995 2819 3344.

143 2842 334 2872 Venturella
358 2842 540 2873 Benvenuti
564 2843 747 2878 Guillelmi,
767 2842 848 2872 civis
868 2841 1047 2872 Perusinus
1065 2839 1157 2870 7212.

146 2896 354 2925 Venusinam
370 2904 458 2925 mon.
475 2895 508 2926 S.
525 2895 694 2925 Trinitatis
711 2895 799 2925 5761.

142 2949 292 2979 Venusta
309 2948 447 2988 (Vallis).
465 2948 512 2978 Cf.
530 2947 634 2978 Vallis
650 2949 805 2979 Venusta.

149 3002 312 3040 Veprihus
327 3002 386 3040 (ec.
404 3001 438 3032 S.
455 3002 578 3032 Mariae
592 3002 656 3041 de),
675 3001 870 3032 Tudertinae
887 3000 918 3030 d.
937 2998 1026 3029 4800.

152 3055 216 3084 Ver
232 3054 407 3092 (Gilbertus
423 3055 486 3094 (16),
502 3055 650 3091 61611665,
668 3055 755 3085 filius
771 3054 905 3085 Roberti
920 3053 959 3082 de
974 3053 1050 3087 Ver,
1065 3049 1163 3081 comi-

2133 393 2207 424 1293

1250 454 1289 483 tis
1303 455 1445 485 Oxoniae
1461 456 1547 494 1330,
1565 457 1657 494 14463
1671 475 1709 480 —-
1724 460 1825 488 rector
1838 467 1886 488 66.
1904 459 1942 488 (16
1954 459 2101 489 Awelton
2121 459 2208 489 1366-

1254 507 1337 537 1368.

1210 559 1274 588 1761
1286 559 1455 598 (Robertus
1469 562 1530 600 de),
1545 571 1648 592 comes
1663 563 1804 593 Oxoniae
1822 563 1906 599 1330,
1926 564 2011 600 1366,
2030 565 2205 595 1446-1449.

1211 613 1342 647 1761363,
1366 614 1491 650 1711363,
1517 621 1590 645 nata
1611 617 1738 654 Aegidii
1764 617 1935 653 Fernandi,
1962 618 2097 648 civitatis
2121 619 2208 648 Abu-

1251 665 1350 695 lensis
1367 666 1454 696 6094.

1212 717 1339 748 17613110
1365 719 1530 757 (Nicolaus
1557 721 1618 759 de),
1645 722 1822 752 monachus
1849 731 1935 752 mon.
1964 723 1997 753 S.
2025 724 2143 753 Mariae
2170 723 2208 754 de

1252 770 1513 809 Quinquemiliis,
1530 773 1699 804 Valvensis
1714 775 1745 803 d.
1763 775 1850 805 6093.

1212 823 1331 852 Verani
1349 824 1448 862 (mon.
1468 825 1512 859 S.)
1528 827 1561 855 in
1578 826 1757 856 Yalleclusa
1773 828 1841 857 526.

1215 875 1416 906 Vercellense
1431 887 1518 907 mou.
1534 878 1567 908 S.
1585 879 1731 909 Andreae
1747 880 1834 909 5491.

1214 928 1449 959 Vercellensem
1466 936 1587 968 portam
1605 932 1728 970 (domus
1745 932 1776 962 S.
1797 933 1930 970 Agnetis
1945 934 1979 962 in
1998 935 2122 963 civitate
2139 934 2209 964 Me-

1254 981 1434 1012 diolanensi
1446 983 1549 1022 juxta)
1566 984 1652 1014 1691.

1214 1034 1427 1065 Vercellensis
1449 1036 1601 1066 dioecesis
1622 1038 1716 1074 6447;
1739 1054 1777 1061 —
1796 1038 1926 1068 ecclesia
1946 1039 2040 1074 6447,
2058 1039 2154 1075 64483
2173 1056 2211 1061 —

1255 1104 1293 1109 —
1311 1088 1473 1127 episcopus
1490 1089 1558 1124 265,
1576 1090 1643 1126 452,
1661 1089 1749 1127 6447,
1766 1091 1857 1126 6448,
1875 1109 1912 1113 -
1928 1100 1973 1121 66.
1990 1091 2022 1121 S.
2040 1091 2212 1122 Salvatoris

1255 1139 1294 1169 de
1318 1141 1498 1172 Mercatello
1525 1143 1612 1178 6447,
1638 1144 1729 1181 64483
1756 1161 1793 1172 —.
1813 1143 1927 1174 domus
1951 1144 1990 1176 fr.
2016 1145 2096 1174 min.
2122 1144 2211 1181 3004,

1256 1191 1344 1222 6448.

1216 1246 1370 1276 Vercellis
1385 1247 1554 1286 (Hnguitio
1571 1248 1640 1287 de),
1659 1249 1784 1278 auditor
1804 1258 1971 1280 causarum
1991 1250 2099 1288 palatii
2115 1250 2190 1280 6105
2205 1261 2211 1286 ;

1257 1316 1294 1320 -
1311 1301 1482 1329 canonicus
1500 1301 1673 1338 Brugensis
1692 1302 1779 1331 6904.

1216 1352 1371 1382 Vercellis
1386 1352 1523 1391 (Symon
1539 1353 1607 1392 de),
1627 1362 1807 1392 procurator
1823 1355 1856 1384 16
1873 1356 1960 1385 curia
1977 1365 2110 1386 romana
2125 1355 2212 1387 6273.

1217 1405 1391 1435 Verdensis
1406 1406 1558 1436 dioecesis
1574 1408 1663 1444 5756,
1680 1408 1774 1445 75593
1792 1426 1830 1431 -
1845 1409 1977 1439 66616513
1993 1409 2080 1439 7559.

1218 1459 1371 1490 Verdina.
1389 1468 1466 1489 uxor
1481 1460 1617 1490 Antonii
1632 1461 1670 1491 (16
1683 1461 1777 1491 170113
1792 1461 1879 1492 3977.

1219 1511 1451 1542 Verdunensis.
1468 1512 1514 1542 Cf.
1531 1513 1756 1543 virdunensis.

1220 1564 1356 1602 Vergeio
1372 1564 1487 1603 (Guido
1502 1565 1562 1604 de),
1582 1566 1737 1595 Eduensis
1752 1567 1782 1596 d.
1800 1566 1887 1597 6309.

1220 1617 1367 1654 Vergeyo
1381 1616 1554 1655 (Hem-icus
1570 1618 1632 1655 de),
1649 1623 1757 1648 cantor
1774 1619 1964 1649 Bisuntinus
1980 1620 2066 1651 4159.

1221 1669 1400 1707 Vergnanti
1415 1674 1553 1700 castrum
1569 1670 1636 1707 604,
1652 1671 1740 1707 7132,
1756 1671 1843 1702 7133.

1222 1723 1350 1760 Vergua
1373 1722 1560 1761 (Fortunius
1581 1724 1647 1762 de),
1672 1723 1983 1763 Caesaraugustanae
2008 1726 2038 1755 d.
2062 1726 2149 1756 5898.
2170 1726 2217 1756 Cf.

1265 1775 1401 1814 Bergua.

1224 1828 1392 1859 1761160615
1407 1829 1628 1868 (Guillelmus)
1642 1829 1680 1859 de
1696 1834 1796 1860 castro
1813 1831 1979 1861 Monticuli
1996 1832 2082 1861 7077.

1225 1881 1440 1912 Vermouellis
1461 1882 1639 1921 (Hubaldus
1656 1883 1706 1921 de)
1723 1884 1760 1913 de
1777 1884 1862 1914 Luca
1879 1885 1967 1914 7115.

1224 1936 1376 1966 Vernacii
1391 1936 1553 1975 (Bindus),
1571 1936 1648 1966 civis
1664 1937 1867 1966 Florentinus
1884 1938 1972 1968 7107.

1226 1989 1367 2018 Verneto
1386 1989 1582 2025 (Bernardus
1601 1989 1652 2027 de)
1673 1989 1738 2019 183.

1226 2042 1334 2072 Verno
1349 2041 1503 2080 (Michael
1518 2042 1578 2079 de),
1595 2042 1727 2072 clericus
1745 2043 1831 2073 6028.

1226 2095 1378 2125 Vernone
1399 2095 1455 2133 (66.
1472 2094 1534 2134 (16),
1552 2095 1754 2125 Ebroicensis
1773 2095 1804 2127 d.
1822 2096 1890 2130 918,
1908 2096 1976 2133 919,
1996 2096 2090 2133 3877;
2107 2113 2142 2118 —
2157 2096 2226 2136 (do-

1268 2157 1341 2178 mus
1357 2148 1418 2178 Dei
1435 2148 1471 2178 B.
1489 2149 1606 2178 Mariae
1625 2148 1675 2187 de)
1691 2149 1779 2179 3286.

1230 2201 1419 2231 Vernosulis
1439 2201 1610 2241 (prioratus
1633 2201 1666 2232 S.
1688 2202 1775 2232 Petri
1797 2202 1865 2242 de),
1888 2202 2084 2233 Tholosanae
2103 2202 2134 2232 d.
2158 2202 2227 2238 421,

1274 2255 1361 2285 1425.

1230 2308 1358 2338 Verona
1377 2307 1464 2337 4901.

1232 2363 1358 2393 Verona
1376 2363 1546 2402 (Vivianus
1566 2362 1634 2402 de),
1651 2363 1690 2392 fr.
1709 2363 1815 2402 praed.
1833 2363 1921 2400 5179,
1939 2363 2031 2400 6039,
2052 2363 2231 2396 6193-6195.

1234 2416 1392 2445 Veronam
1406 2416 1532 2454 (domus
1547 2415 1743 2454 leprosorum
1760 2415 1792 2445 S.
1808 2416 1920 2446 Jacobi
1933 2417 1972 2446 ad
1988 2417 2109 2447 Tubam
2125 2417 2233 2456 prope)

1275 2468 1364 2498 5208.

1233 2521 1418 2550 Veronense
1433 2529 1520 2550 mon.
1541 2521 1572 2551 S.
1592 2521 1722 2559 Georgii
1740 2521 1776 2550 in
1794 2521 1910 2551 Braida
1931 2521 2018 2551 6454.
2160 2556 2165 2561 ¹

1236 2574 1430 2604 Veronensis
1451 2574 1634 2613 capitaneus
1653 2574 1752 2610 7500;
1771 2586 1813 2598 —
1831 2574 1943 2604 civitas
1965 2574 2059 2612 6195,
2083 2574 2178 2611 7500;
2197 2590 2236 2597 -—

1275 2627 1356 2657 civis
1378 2626 1453 2663 983;
1478 2643 1516 2649 —
1542 2627 1693 2657 dioecesis
1717 2627 1810 2663 4039,
1833 2626 1931 2663 6194;
1952 2643 1990 2648 —
2012 2627 2144 2657 ecelesia
2167 2627 2233 2664 284,

1278 2679 1365 2715 2449,
1383 2679 1470 2715 3878,
1489 2679 1578 2715 4032,
1594 2679 1683 2716 4039,
1702 2680 1795 2716 4158;
1812 2696 1850 2701 —
1866 2680 2028 2718 episcopus
2045 2679 2129 2716 2450,
2146 2679 2234 2716 6194,

1279 2733 1366 2769 6454,
1392 2732 1485 2768 6846;
1505 2748 1544 2755 -
1564 2732 1682 2762 6166165
1703 2733 1777 2769 514;
1801 2749 1839 2754 -
1862 2741 1905 2762 66.
1931 2732 1987 2762 SS.
2013 2732 2236 2771 Apostolorum

1279 2785 1374 2821 4039;
1391 2801 1431 2808 —
1446 2794 1490 2814 66.
1509 2785 1541 2814 S.
1560 2785 1645 2814 Petri
1661 2784 1696 2814 in
1712 2784 1848 2815 Castello
1864 2784 1961 2821 2955;
1980 2801 2018 2806 -
2034 2793 2078 2814 66.
2096 2785 2134 2814 fr.
2154 2784 2235 2815 min.

1280 2838 1313 2867 S.
1333 2838 1433 2867 Firmi
1450 2837 1538 2867 6092.

1242 2891 1414 2920 Veronicae
1433 2891 1539 2927 imago
1557 2888 1626 2920 653.

1242 2943 1417 2973 Veronicae
1433 2942 1637 2981 (Johannes),
1654 2942 1734 2972 civis
1752 2942 1927 2971 Perusinus
1943 2941 2030 2972 7212.

1242 2995 1429 3026 Verruculo.
1448 2995 1494 3024 Cf.
1514 2994 1682 3025 Veruculo.

1247 3047 1375 3077 Versete
1386 3047 1444 3085 (ec.
1458 3046 1519 3085 de),
1535 3046 1782 3076 Conveutrensis
1798 3050 1828 3075 et
1842 3045 2090 3076 Lichefeldensis
2103 3046 2134 3076 (1.
2149 3047 2238 3079 4720.
