2393 3496
874 313 1127 361 QUATRIEME
1149 313 1305 352 ANNEE.
2078 321 2131 350 841

51 403 224 440 deliquerat
234 406 348 437 penam
363 400 557 435 agnosceret,
569 403 624 433 pro
637 398 742 424 nostra
755 392 884 432 quidem
899 390 1051 430 patientia

51 464 106 487 suo
124 452 277 484 demerito
294 450 462 484 leniorem,
482 448 704 488 predicationis
715 447 854 477 officium
867 454 901 474 ac
915 443 1051 474 docendi

52 505 268 538 ministerium
289 512 387 542 usque
404 502 443 531 ad
465 502 668 540 septennium
686 508 743 529 nos
758 497 962 528 interdixisse
977 505 1050 533 cog-

52 569 171 592 noscas.
196 557 350 594 Quocirca
376 555 563 585 discretioni
592 559 644 584 tue
669 563 724 592 per
746 551 913 591 apostolica
938 551 1052 588 scripta

52 613 241 645 mandamus
271 609 422 648 quatinus
455 608 659 637 interdictum
692 610 836 636 nostrum
866 602 1053 641 hujusmodi

53 667 134 697 circa
151 664 255 702 ipsum
276 663 408 691 fratrem
426 661 462 690 T.
486 668 634 699 procures
656 663 685 688 et
704 659 799 688 facias
826 655 1054 686 inviolabiliter

53 716 222 751 observari,
234 719 262 745 et
277 720 306 744 tu
321 723 413 744 ovem
427 718 512 743 tuam
527 721 722 750 cognoscens
736 720 771 740 ac
787 710 933 740 morbum
945 710 1013 747 ejus
1025 712 1055 738 et

53 771 225 811 appositam
243 768 448 803 medicinam,
462 767 505 796 sic
518 765 607 795 illam
620 765 696 794 boui
710 765 842 803 pastoris
856 773 942 793 more
953 768 1054 792 custo-

55 823 240 860 diasutipsa
257 826 285 850 et
301 820 372 849 aliis
383 829 437 858 per
449 819 628 857 exemplum
639 818 737 848 etsibi
754 827 808 856 per
825 819 973 846 meritum
983 817 1052 846 obe-

43 877 172 909 'dientie
189 874 396 908 convalescat,
408 879 438 903 ct
453 882 488 902 ex
505 873 563 902 hoc
575 877 626 901 tue
642 871 783 901 custodie
792 871 948 900 rectitudo
959 870 1055 907 digne

53 930 150 971 possit
179 938 196 958 a
221 928 312 958 nobis
342 928 375 956 in
406 926 542 956 Domino
570 924 801 954 commendari.
834 924 904 952 Dat.
942 924 1054 961 Rome,

54 983 135 1023 apud
151 982 298 1013 Sanctam
317 981 452 1010 Mariam
464 980 629 1017 Majorem,
644 987 685 1007 xn
700 977 851 1007 kalendas
864 976 1053 1012 decembris,

54 1044 138 1068 anno
151 1039 273 1074 quarto.
290 1046 303 1062 »

124 1259 240 1289 6262

554 1257 685 1290 Orvieto,
702 1257 717 1284 9
735 1257 889 1282 novembre
907 1256 985 1282 1291.

90 1334 274 1369 Dispensatio
283 1342 370 1368 super
380 1311 491 1360 defectu
505 1333 650 1359 natalium.
664 1332 747 1365 (Rea.
760 1332 803 1364 46,
816 1340 841 1359 c.
852 1332 912 1363 597,
924 1332 943 1359 f.
958 1332 1004 1359 119
1017 1339 1056 1363 τος

41 1384 172 1416 ‚Po-rm„
188 1384 298 1417 23861.)

99 1522 120 1529 ..
146 1501 279 1538 episcopo
301 1500 435 1528 Asloensi
460 1497 631 1527 committit
655 1502 687 1526 ut
709 1506 782 1526 cum
806 1497 968 1526 Ludovico
991 1496 1060 1533 Sig-

59 1553 152 1584 nardi
166 1553 218 1592 (l),
237 1552 434 1591 presbytero,
453 1552 614 1590 dispenset
629 1556 674 1586 ut,
693 1559 756 1580 non
774 1551 919 1580 obstante
937 1550 1059 1579 defectu

59 1606 212 1637 natalium
229 1616 324 1645 quem
343 1606 470 1644 patitur,
486 1614 502 1634 e
519 1605 703 1643 presbytero
717 1609 746 1634 et
759 1603 860 1633 soluta
872 1591 1009 1641 genitus,
1025 1603 1060 1631 in

58 1659 211 1698 susceptis
230 1659 397 1689 ordinibus
415 1658 601 1687 ministrare
617 1663 646 1686 et
662 1657 854 1686 beneficium
877 1665 985 1685 curam
1002 1656 1060 1685 ha-

59 1713 137 1743 bens
152 1713 311 1751 suscipere
329 1712 433 1750 possit.

100 1777 112 1792 α
140 1767 335 1795 Accedentes
357 1765 396 1794 ad
420 1764 649 1803 presentiam...
669 1780 708 1785 —
728 1764 797 1792 Dat.
817 1763 900 1801 apud
924 1763 1061 1793 Urbem-

61 1823 210 1855 veterem,
227 1828 247 1847 v
262 1818 334 1847 idus
350 1817 543 1853 novembris,
560 1825 646 1846 anno
660 1821 782 1856 quarto,
801 1817 814 1843 ἃ)

128 2043 248 2072 6263

316 2041 675 2075 sainte-Marie-MaJ‘eure‚
692 2041 723 2067 *27
743 2041 896 2067 novembre
915 2041 990 2068 1291.

95 2119 277 2154 Dispensatio
293 2127 380 2154 super
395 2118 557 2153 pluralitate
573 2118 788 2144 beneficiorum.
805 2117 888 2151 (Rae.
902 2118 945 2151 46,
960 2126 986 2144 c.
1001 2118 1060 2151 598,

30 2178 36 2182 ’
59 2168 80 2196 f.
97 2169 146 2195 119
163 2169 211 2201 r⁰.)

100 2285 241 2322 Mayistro
263 2282 384 2313 Fredolo
409 2283 605 2321 Cappellerii,
628 2283 843 2311 archidiacono
867 2283 1065 2311 ,tlontaldemzss

61 2338 96 2367 in
110 2337 229 2367 ecclesia
241 2338 424 2374 Ayennensi.
442 2335 524 2366 Cum
539 2345 574 2365 eo
587 2335 841 2365 consideratione
858 2336 1063 2374 Napoleonis,

63 2389 172 2420 Sancti
193 2390 330 2420 Adriani
353 2389 479 2419 diaconi
500 2389 690 2425 cardinalis,
712 2390 802 2427 cujus
823 2389 1018 2418 camerarius
1036 2395 1066 2418 et

61 2442 242 2482 capellanus
265 2447 331 2479 est,
353 2442 518 2480 dispensat
545 2446 578 2471 ut
601 2442 766 2472 ecclesiam
789 2442 828 2471 de
853 2443 944 2480 Rupe
968 2442 1067 2471 Theo-

61 2494 158 2531 haldi,
171 2495 379 2533 Agennensis
391 2495 556 2531 dioecesis,
573 2500 736 2524 vacantem
750 2503 805 2533 per
820 2499 952 2524 mortem
967 2504 1066 2533 quon-

63 2547 136 2578 dam
152 2548 238 2578 Petri
253 2548 291 2578 de
308 2548 533 2585 Remagueria,
551 2556 615 2576 una
632 2556 706 2577 cnm
724 2547 996 2581 archidiaconatu,
1013 2556 1066 2577 ca-

17 2637 22 2640 ,
63 2601 214 2632 nouicatu
230 2607 260 2631 et
275 2601 454 2640 praebenda
470 2609 551 2639 quae
566 2601 600 2630 in
617 2601 807 2638 Agennensi
826 2601 969 2637 ecclesia,
986 2601 1068 2630 deci-

64 2654 126 2684 mis
141 2663 220 2693 quas
234 2654 269 2683 in
288 2654 472 2684 Lectorensi
488 2658 519 2682 et
536 2653 714 2683 Tholosana
731 2653 928 2683 dioecesibus
946 2654 1069 2684 obtinet.

65 2710 96 2736 et
115 2706 294 2746 praebenda
311 2706 370 2736 suh
387 2707 480 2745 cujus
498 2706 730 2744 exspectatione
750 2707 783 2735 in
806 2706 937 2736 ecclesia
955 2707 1066 2736 Lecto-

64 2759 151 2788 rensi
167 2759 340 2789 canonicus
355 2763 403 2788 est
417 2762 563 2797 receptus
579 2759 716 2788 retinere
733 2759 847 2788 valeat.

109 2812 215 2842 --Gum
233 2811 289 2841 tihi
305 2811 383 2842 oh...
400 2827 438 2832 —
453 2810 526 2840 Dat.
542 2811 655 2847 Rome,
669 2811 752 2850 apud
765 2811 913 2841 Sanctam
932 2812 1067 2842 Mariam

66 2863 232 2903 Majorem,
246 2874 268 2893 v
285 2863 439 2893 kalendas
454 2863 644 2898 decembris,
664 2872 750 2894 auno
765 2869 888 2903 quarto.
908 2877 922 2891 »

96 2996 128 3027 (1)
142 2996 218 3021 Dans
233 2997 359 3021 Potthast
374 3003 380 3020 :
397 2997 543 3026 Siquardi.

205 3054 278 3081 Rse.
298 3054 422 3081 Nicons
441 3052 494 3080 IV.

1168 388 1415 417 62848269
1446 386 1798 420 Sainte-Marie-Majeure.
1811 385 1840 411 Ἡ
1858 386 2010 412 novembre
2026 386 2101 413 1291.

1168 464 1343 490 Electionem
1363 463 1518 498 Raynaldi,
1539 461 1749 496 archiepiscopi
1769 460 1962 491 Turonensis,
1980 460 2138 487 confirmat.

1134 513 1216 546 (Rae.
1234 514 1280 546 46,
1298 521 1323 539 c.
1341 512 1399 543 599,
1417 512 1437 538 f.
1457 512 1505 538 119
1521 514 1566 542 r0.)

1175 642 1330 679 Raynaldo
1344 665 1352 677 ‚
1383 643 1469 670 electo
1504 642 1680 670 Turonensi.
1715 639 1881 676 Quondam
1920 639 2070 677 Philippo
2101 639 2140 668 de

1135 695 1254 726 Cauda.
1273 695 1550 732 archipresbytero
1566 694 1604 722 de
1622 694 1734 722 Lochis
1749 694 1780 722 in
1801 693 1931 722 ecclesia
1947 693 2138 729 Turonensi,

1136 748 1192 787 qui
1209 753 1277 786 post
1291 748 1413 777 obitum
1429 748 1528 776 bonae
1545 748 1715 776 memoriae
1736 747 1784 783 B„
1801 746 2030 785 archiepiscopi
2044 747 2140 776 Turo-

1138 801 1247 830 nensis
1263 826 1269 836 ,
1286 809 1303 829 a
1325 823 1344 828 ..
1367 800 1487 829 decano
1507 805 1537 828 et
1552 799 1688 838 capitulo
1708 800 1904 829 Turonensis
1922 799 2072 829 ecclesiae
2090 808 2141 828 ar-

1136 854 1356 891 cliiepis‹;opus
1373 852 1490 882 electus
1507 857 1563 881 est.
1578 857 1751 890 antequam
1766 853 2040 882 confirmationem
2058 852 2141 881 elec-

1138 907 1234 937 tionis
1255 906 1440 945 hujusmodi
1456 906 1630 940 obtineret,
1649 910 1787 939 mortno,
1806 905 1935 943 praefati
1956 906 2095 934 decanus
2113 909 2144 934 et

1137 960 1329 998 capitulum,
1355 968 1408 996 per
1433 959 1517 987 viam
1544 958 1748 996 procedentes
1770 957 2008 995 compromissi.
2029 966 2141 987 novem

1138 1023 1173 1043 ex
1208 1013 1291 1042 dicto
1319 1012 1471 1050 capitulo,
1500 1011 1646 1040 videlicet
1679 1011 1813 1040 Girardo
1841 1010 1878 1039 de
1905 1010 2142 1046 Monterebelli,

1138 1066 1428 1103 'l'ransingenensi,
1454 1069 1484 1094 et
1509 1064 1653 1095 Johanni
1685 1065 1723 1093 de
1749 1064 1863 1099 Carta,
1886 1062 2145 1100 Transligerensi

1138 1119 1388 1154 archidiaconis,
1406 1118 1561 1147 Gaut‘rido
1582 1118 1700 1153 Ysore,
1718 1116 1993 1155 archipresbytero
2012 1116 2146 1145 Sanctae

1140 1173 1269 1202 Maurae
1297 1172 1328 1200 in
1359 1171 1490 1201 ecclesia
1517 1170 1712 1208 supradicta,
1740 1169 1893 1198 Hit-cardo
1921 1169 1958 1198 de
1983 1168 2146 1206 Nealpha,

1141 1226 1233 1254 Petro
1246 1225 1284 1254 de
1298 1225 1459 1260 Nucariis,
1473 1223 1631 1253 Clementi
1646 1223 1810 1258 Ademari,
1824 1222 1955 1251 Nicolao
1967 1222 2004 1251 de
2019 1221 2145 1259 Nayda,

1140 1278 1314 1308 Guillelmo
1339 1278 1377 1307 de
1398 1277 1546 1307 Narcella
1566 1283 1595 1305 et
1618 1276 1776 1306 Gileberto
1797 1275 1836 1304 de
1856 1275 2027 1309 Ambazia,
2050 1282 2145 1303 cano-

1142 1332 1223 1362 nicis
1239 1331 1382 1370 ejusdem
1404 1330 1573 1365 ecclesiae,
1591 1328 1782 1367 providendi
1801 1327 1952 1357 ecclesiae
1972 1328 2147 1366 praedictae

1141 1385 1180 1414 de
1196 1390 1319 1423 pastore
1335 1388 1560 1413 concesserunt
1577 1383 1774 1411 unanimiter
1790 1385 1972 1420 potestatem
1995 1390 2092 1418 usque
2108 1379 2147 1409 ad

1142 1438 1416 1468 consumationem
1447 1437 1495 1473 cuj
1504 1436 1613 1465 usdam
1643 1435 1793 1465 candelae
1823 1435 2020 1464 duraturam.
2044 1433 2147 1462 Iidem

1141 1496 1247 1520 autem
1275 1488 1545 1527 compromissarii
1576 1487 1798 1526 Raynaldum,
1825 1492 1898 1515 tunc
1921 1485 2148 1515 cancellarium

1142 1543 1293 1574 ecclesiae
1320 1542 1535 1580 supradictae,
1565 1541 1764 1570 unanimiter
1789 1539 1971 1577 elegerunt,
1999 1539 2149 1576 idemque

1144 1596 1331 1635 [laynaldus
1357 1595 1540 1634 hujusmodi
1568 1594 1717 1623 electioni
1743 1593 1964 1627 consentiens,
1989 1594 2046 1622 iter
2068 1592 2148 1620 arri-

1143 1652 1211 1690 puit
1226 1651 1263 1679 ad
1283 1650 1433 1683 Romam,
1449 1648 1489 1677 ad
1506 1648 1782 1677 confirmationem
1799 1655 1889 1676 suam
1908 1645 2128 1684 postulandam
2140 1667 2150 1681 ,

1143 1714 1237 1744 quain
1256 1703 1532 1733 confirmationem
1547 1725 1553 1737 ‚
1572 1707 1639 1739 post
1655 1700 1924 1730 examinationem
1941 1699 2104 1728 electionis
2121 1703 2150 1726 et

1144 1766 1297 1797 personae
1314 1765 1368 1794 per
1385 1779 1406 1786 ..
1424 1756 1605 1793 episcopum
1623 1754 1846 1787 Sabinensem,
1861 1753 1909 1788 P„
1924 1752 2033 1782 Sancti
2049 1751 2149 1780 Marci

1144 1810 1385 1850 presbyterum,
1412 1813 1442 1837 et
1471 1808 1617 1842 Petrum,
1645 1806 1754 1836 Sancti
1783 1805 1942 1835 Eustachii
1980 1805 2148 1834 diaconum

1145 1863 1333 1896 cardinales,
1353 1861 1479 1894 factam,
1501 1869 1578 1898 papa
1596 1859 1752 1889 concedit.

1187 1930 1200 1943 «
1227 1916 1287 1946 Cor
1314 1922 1457 1944 nostrum
1490 1914 1721 1951 jocunditate...
1750 1929 1789 1934 —
1816 1912 1887 1941 Dat.
1921 1911 2036 1941 Rome.
2068 1910 2151 1948 apud

1146 1971 1294 2000 Sanctam
1313 1968 1446 1997 Mariam
1466 1968 1631 2006 Majorem,
1647 1975 1677 1995 xi
1691 1965 1846 1995 kalendas
1860 1964 2048 1999 decembris,
2065 1971 2151 1992 anno

1146 2028 1268 2062 quarto.
1292 2034 1305 2048 n

1186 2077 1222 2106 In
1236 2086 1263 2105 e.
1275 2085 1318 2104 m.
1330 2075 1448 2103 decano
1460 2078 1489 2103 et
1502 2072 1640 2111 capitulo
1651 2072 1801 2102 ecclesiae
1811 2071 2008 2100 Turonensis
2020 2069 2154 2099 mandat

1146 2134 1180 2160 ut
1196 2130 1300 2159 eidem
1317 2128 1414 2157 electo
1430 2126 1568 2156 debitam
1586 2126 1757 2164 praebeant
1771 2124 1999 2154 obedientiam.

1186 2184 1223 2212 In
1242 2192 1268 2211 e.
1287 2191 1330 2210 m.
1351 2180 1434 2210 clero
1452 2180 1590 2209 civitatis
1607 2183 1637 2208 et
1652 2179 1804 2208 dioecesis
1820 2177 2069 2207 Turonensium.

1187 2236 1225 2265 ln
1244 2244 1270 2264 e.
1292 2244 1335 2263 m.
1355 2233 1470 2272 populo
1486 2232 1625 2262 civitatis
1641 2236 1671 2261 et
1690 2231 1843 2261 dioecesis
1861 2229 2110 2259 Turonensium.

1187 2289 1223 2318 In
1242 2298 1268 2317 e.
1287 2297 1331 2316 m.
1349 2285 1507 2315 universis
1523 2285 1666 2314 vassallis
1682 2284 1833 2313 ecclesiae
1849 2283 2056 2312 Turonensis.

1188 2342 1224 2370 In
1242 2350 1269 2369 e.
1289 2349 1330 2369 m.
1351 2338 1509 2369 universis
1523 2338 1679 2377 episcopis
1694 2336 1905 2375 suffraganeis
1921 2335 2071 2365 ecclesiae
2090 2335 2153 2364 Tu-

1148 2394 1306 2424 ronensis.
1846 2397 1849 2401 ·

1221 2631 1338 2660 (3220
1406 2628 1763 2662 Salute-Marie-Majeure,
1785 2627 1816 2655 12
1833 2626 1987 2653 novembre
2004 2625 2082 2652 1291.

1187 2707 1286 2739 Petro,
1305 2707 1441 2740 episcopo
1463 2703 1702 2732 Carcassouensi.
1720 2710 1826 2729 munus
1851 2701 2077 2728 consecrationis
2098 2700 2156 2726 im-

1152 2756 1259 2791 pendit.
1280 2754 1359 2787 tREo.
1377 2754 1421 2785 lib,
1437 2761 1462 2779 c.
1480 2752 1540 2785 600,
1558 2752 1577 2779 f.
1597 2752 1646 2778 120
1663 2752 1710 2783 νο.)

1192 2884 1288 2919 Petro,
1305 2883 1436 2919 episcopo
1455 2881 1697 2911 Carcassonensi.

1193 2950 1206 2964 ιι
1228 2937 1276 2966 Ad
1295 2934 1486 2964 universalis
1502 2933 1671 2963 ecclesie...
1686 2947 1727 2955 —
1742 2932 1814 2961 Dat.
1829 2930 1941 2965 Rome,
1957 2928 2041 2967 apud
2060 2928 2157 2957 Sanc-

1153 2995 1216 3020 tam
1235 2990 1369 3018 Mariam
1386 2988 1550 3026 Majorem,
1568 2996 1589 3015 11
1604 2985 1676 3014 idus
1692 2983 1885 3018 novembris,
1901 2989 1986 3011 anno
1999 2984 2123 3019 quarto.
2139 2991 2154 3005 ι)

1964 3047 2013 3074 106
