2393 3496
952 281 1205 329 QUATRIEME
1226 279 1384 319 ANNEE.
2161 289 2217 318 739

163 379 178 394 «
197 367 341 404 Dignum
357 368 486 394 estut...
497 379 535 384 —-
548 363 620 393 Dat.
632 361 718 400 apud
730 361 1006 395 Urbemveterem,
1022 358 1129 388 idibus

120 419 224 460 junii,
237 426 324 447 anno
339 421 463 455 quarto.
485 428 497 442 »

192 620 311 648 539⁰

157 682 314 709 Absolutio
329 681 540 716 suspensionis.
556 679 639 713 (Rae.
656 681 704 711 46,
722 688 747 706 6.
765 679 825 711 ῗθῗ,
843 680 862 706 f.
880 680 912 706 58
929 682 976 711 r0.)

722 617 854 651 Orvieto,
871 618 885 643 5
897 617 962 651 juin
982 616 1057 643 1291.

161 798 306 834 Mayt'stro
322 797 471 834 Stephano
487 796 520 824 de
536 796 670 833 Maulay,
688 796 826 831 diacono,
843 795 998 831 capellano
1013 798 1128 829 nostro,

121 852 336 881 archidiacono
353 848 538 879 Clivilandt'e
564 850 597 878 in
617 850 738 878 ecclesia
758 849 945 878 Eboracenst.
970 847 1053 876 Eum
1072 846 1127 876 ab·

121 903 216 934 solvit
235 911 253 932 a
270 902 492 941 suspensionis
512 902 671 931 sententia
689 910 802 940 quam,
820 900 1059 939 procurationes
1074 908 1128 938 pe-

121 956 283 986 cuniarias
299 954 500 993 recipiendo,
521 955 669 984 incurrit.

163 1021 177 1037 <t
194 1009 382 1040 Devotionis
399 1013 451 1038 tue
476 1008 634 1047 puritas...
661 1025 699 1030 —
716 1008 788 1038 Dat.
812 1007 896 1046 apud
918 1007 1128 1037 Urbemvete-

121 1072 207 1100 rem,
228 1063 324 1092 nonis
338 1062 442 1101 junii,
460 1070 546 1092 anno
562 1066 684 1101 quarto.
706 1074 719 1088 n

192 1269 279 1297 539
286 1269 306 1296 Ι
314 1269 450 1297 -5382

515 1298 517 1300 ,
720 1267 851 1298 Orvieto,
869 1268 884 1294 8
897 1269 961 1301 juin
981 1267 1057 1295 1291.

156 1331 274 1358 Collatio
289 1331 429 1358 beneficii.
448 1331 532 1364 (Rau.
549 1331 597 1362 46,
615 1340 640 1358 6.
658 1331 723 1365 ⁶293,
740 1331 758 1357 f.
777 1331 810 1357 58
825 1331 874 1362 ro.)

163 1447 323 1476 Guillelmo
332 1447 366 1476 de
376 1447 530 1483 Narbona,
540 1448 685 1476 canonico
697 1446 886 1482 Cat-nolensi,
897 1446 1051 1483 capellano
1065 1455 1131 1475 nos-

124 1504 180 1529 tro.
199 1499 237 1528 Ei
253 1503 458 1538 personatum
475 1499 525 1529 vel
541 1499 731 1536 dignitatem
742 1499 776 1528 10
793 1497 984 1528 Carnotensi
996 1498 1130 1528 ecclesia

120 1556 272 1587 reservat,
284 1560 470 1591 quanquam
483 1552 571 1582 idem
582 1551 776 1581 Gnillelmus
790 1552 825 1580 in
840 1552 1019 1582 Tholosana
1034 1552 1131 1582 eccle-

121 1605 170 1634 sia
185 1605 485 1636 arehidiaconatum
504 1606 542 1635 de
560 1605 751 1641 Villamuro.
767 1605 802 1634 in
824 1605 933 1635 eadem
954 1610 984 1636 et
999 1606 1034 1635 in
1051 1606 1130 1635 Nar-

119 1658 256 1688 bonensi
275 1663 306 1688 et
324 1658 513 1688 Cat-notensi
533 1659 677 1689 ecclesiis
695 1661 901 1690 canonicatus
918 1665 948 1690 et
969 1660 1128 1698 praeben-

121 1710 187 1747 das,
201 1711 356 1750 quasdam
372 1712 512 1741 decimas
527 1712 561 1741 in
578 1712 712 1741 Sanctae
729 1713 849 1743 Mariae
865 1713 904 1742 de
922 1713 1084 1749 Quideriis
1100 1717 1130 1742 et

121 1764 310 1794 Sanctarum
326 1764 514 1795 Puellarum
528 1765 680 1800 ecclesiis,
701 1765 901 1796 Tholosanae
915 1767 1080 1803 dioecesis,
1100 1770 1130 1796 et

121 1817 288 1847 ecclesiam
310 1818 426 1847 Beatae
443 1818 565 1847 Mariae
585 1817 624 1848 de
646 1812 809 1854 Mazertis}
827 1819 897 1849 sine
915 1828 1006 1855 cura,
1025 1820 1129 1850 Biter-

121 1870 225 1900 rensis
240 1871 405 1907 dioecesis,
425 1872 557 1901 obtinet.

161 1936 174 1952 α
194 1924 376 1963 Apostolice
394 1925 480 1955 sedis
497 1925 721 1963 benignitas...
736 1943 775 1947 —
792 1926 862 1957 Dat.
885 1927 968 1965 apud
988 1928 1127 1957 Urbem-

120 1980 275 2013 veterem,
293 1988 326 2008 vr
342 1978 415 2008 idus
427 1979 534 2018 junii,
552 1987 638 2008 3000
654 1983 778 2018 quarto.
798 1991 812 2005 »

160 2032 199 2061 In
220 2040 248 2061 e.
275 2040 318 2061 m.
343 2054 363 2061 ..
388 2032 485 2070 priori
508 2031 545 2061 de
571 2031 707 2068 Alsone,
728 2032 930 2062 Tholosanae
955 2033 1126 2071 dioecesis,

90 2088 94 2090 ’
118 2084 272 2122 magistro
290 2084 434 2114 Johanni
455 2085 494 2114 de
518 2085 721 2124 Fulaquerio,
750 2086 963 2122 Parisiensis,
987 2091 1017 2116 et
1042 2087 1127 2125 Ray-

117 2137 240 2168 mundo
255 2138 295 2168 de
311 2138 422 2168 Castro
442 2139 551 2175 Novo,
576 2139 821 2176 Andegavensis
845 2139 1051 2169 ecclesiarum
1074 2150 1127 2169 63-

119 2191 256 2228 nonicis,
274 2191 405 2221 mandat
420 2196 455 2221 ut
470 2191 664 2230 praedictam
680 2193 929 2222 reservationem
945 2193 979 2222 in
996 2193 1129 2223 ecclesia

119 2244 307 2274 Carnotensi
335 2244 537 2284 publicantes
563 2249 737 2284 notamque
759 2245 904 2284 episcopo
934 2250 963 2276 et
992 2247 1128 2285 capitulo

119 2296 369 2334 Cat-notensibus
384 2297 556 2334 facientes,
572 2297 751 2336 praefatum
769 2303 974 2336 personatum
993 2299 1041 2329 vel
1058 2300 1127 2338 dig-

121 2350 254 2380 nitatem
267 2350 374 2380 eidem
391 2350 565 2381 Guillelmo
581 2351 759 2381 conferant.

192 2569 445 2598 5393-5408

156 2631 365 2666 Indulgentiae.
386 2631 466 2662 (Res.
485 2632 531 2663 46,
549 2639 575 2658 c.
593 2631 653 2663 294,
671 2633 690 2659 f.
706 2633 739 2659 58
756 2635 807 2666 vo.)

702 2569 834 2604 Orvieto‚
850 2570 883 2597 22
896 2571 960 2605 juin
980 2572 1055 2599 1291.

164 2748 316 2778 Universt's
332 2747 445 2776 Christi
465 2747 604 2784 fidelibus
622 2753 771 2785 presentes
794 2749 912 2778 litteras
932 2751 1126 2788 inspecturis.

120 2799 362 2838 Indulgentiam
380 2801 476 2829 unius
491 2800 570 2829 anni
585 2804 616 2829 et
634 2809 672 2829 111,
687 2800 814 2831 dierum
833 2803 976 2832 concedit
995 2803 1128 2832 visitan-

122 2853 206 2883 tibus
229 2852 396 2883 ecclesiam
413 2852 567 2882 Omnium
583 2852 773 2883 Sanctorum
788 2853 827 2884 de
843 2854 981 2892 Oeham,
999 2855 1130 2885 Lincol-

121 2905 247 2935 niensis
258 2904 423 2942 dioecesis,
437 2905 472 2934 in
489 2904 674 2935 eorumdem
686 2910 867 2936 sanctorum
882 2906 1129 2946 sollempnitate,

122 2961 258 2997 quatuor
268 2957 378 2987 beatae
394 2957 516 2988 Mariae
533 2961 563 2987 et
581 2958 682 2988 sancti
693 2958 854 2989 Johannis
868 2960 1028 2999 Baptistae
1044 2960 1130 2990 festi-

1212 356 1373 392 vitatibus,
1394 365 1448 395 per
1463 360 1531 385 octo
1546 355 1615 384 dies
1631 358 1799 393 sequentes
1823 358 1853 383 et
1874 354 1907 382 in
1929 354 2149 384 anniversario
2165 355 2217 385 die

1211 409 1419 439 dedicationis
1436 409 1577 447 ejusdem
1596 408 1759 438 ecclesiae.

1254 476 1267 489 «ι
1288 463 1367 492 Loca
1385 467 1566 492 sanctorum
1582 462 1767 491 omnium...
1788 476 1828 482 -—
1850 461 1920 489 Dat.
1938 460 2022 498 apud
2039 461 2216 490 Urbemve-

1214 520 1329 551 161601,
1346 525 1362 544 x
1382 515 1537 544 kalendas
1550 515 1645 554 julii,
1663 523 1749 544 anno
1765 518 1888 552 quarto.
1910 526 1922 540 1>

1252 569 1289 597 10
1308 578 1335 598 6.
1356 578 1415 603 m.,
1439 577 1494 606 pro
1515 568 1647 598 66616513
1671 567 1710 597 de
1733 567 1847 597 Sancto
1871 566 2034 603 Benigno.
2061 566 2218 595 Eduensis

1212 621 1378 657 dioecesis,
1392 621 1425 650 in
1443 626 1625 650 sanctorum
1641 620 1801 650 ‚Iohannis
1817 619 2050 656 Evangelistae‚
2063 618 2217 657 Stephani

1213 679 1241 702 et
1260 673 1386 703 Nicolai
1406 673 1629 702 festivitatibus
1648 678 1677 702 ct
1694 682 1749 711 per
1767 676 1836 702 octo
1854 672 1922 702 dies
1939 676 2119 710 sequentes.
2144 672 2215 701 Dat.

1213 731 1245 756 111
1261 735 1366 764 supra.

1252 780 1290 809 In
1308 788 1336 808 e.
1352 788 1408 813 m.,
1426 787 1482 817 pro
1498 778 1630 808 66616513
1646 778 1756 808 Sancti
1775 778 1929 817 Stephani
1949 778 1987 807 de
2006 778 2217 807 Monteferra-

1213 834 1269 865 rio.
1291 831 1532 869 Magalonensis
1553 832 1720 867 dioecesis,
1739 832 1771 860 in
1789 831 1932 869 ejusdem
1953 831 2065 863 5311611,
2085 836 2219 869 quatuor

1212 887 1322 916 beatae
1345 885 1466 914 Mariae
1489 890 1519 914 et
1542 885 1574 915 S.
1594 884 1763 914 Michaelis
1784 884 1969 921 archangeli
1992 885 2218 914 festivitatibus

1211 944 1242 968 et
1260 948 1314 977 per
1331 943 1400 968 octo
1416 938 1482 967 dies
1496 943 1674 976 sequentes.

1254 1005 1266 1018 ιι
1286 992 1442 1030 Splendor
1457 997 1586 1030 paterne
1602 991 1739 1029 glorie...
1758 1008 1796 1013 ——
1815 992 1884 1021 Dat.
1905 996 1939 1020 ut
1958 1000 2062 1029 supra.
2084 1005 2095 1016 ι»

1796 1085 1924 1115 Orvieto,
1945 1084 1973 1110 16
1987 1084 2050 1117 juin
2073 1084 2148 1111 1291.

1254 1148 1290 1176 111
1309 1157 1333 1177 6.
1353 1156 1414 1185 m.,
1433 1156 1488 1186 pro
1506 1147 1637 1177 ecclesia
1663 1147 1797 1177 Sanctae
1820 1147 1940 1176 Mariae
1959 1147 2119 1185 Hoyensi‚
2140 1147 2219 1176 Leo-

1212 1201 1333 1231 diensis
1350 1201 1520 1238 dioecesis,
1539 1203 1572 1231 in
1590 1205 1727 1240 quatuor
1749 1201 1892 1239 ejusdem
1909 1201 2045 1238 virginis
2063 1205 2091 1230 et
2108 1200 2139 1230 S.
2161 1201 2220 1230 Ni-

1214 1255 1293 1284 colai
1309 1255 1545 1288 festivitatibus,
1563 1263 1617 1293 per
1633 1259 1701 1284 octo
1717 1254 1784 1284 dies
1801 1260 1967 1293 sequentes
1980 1259 2010 1283 et
2025 1255 2058 1283 in
2075 1254 2221 1283 anniver-

1212 1308 1296 1337 sario
1311 1308 1361 1337 die
1383 1308 1591 1337 dedicationis
1605 1308 1749 1345 ejusdem
1767 1306 1930 1337 ecclesiae.

1255 1374 1267 1387 α
1288 1361 1455 1391 Gloriosus
1476 1361 1560 1390 Deus
1576 1361 1648 1390 in...
1671 1377 1711 1383 —-
1737 1361 1809 1390 Dat.
1833 1361 1917 1399 apud
1940 1361 2218 1397 Urbemveterem,

1212 1425 1262 1445 xm
1281 1414 1435 1444 kalendas
1447 1414 1523 1453 julii
1539 1439 1544 1449 ,
1562 1423 1647 1444 anno
1664 1418 1786 1453 quarto.
1809 1426 1822 1441 n

1793 1507 1926 1537 Orvieto,
1947 1508 1975 1533 1ῖ
1989 1508 2053 1541 juin
2075 1507 2148 1534 1291.

1252 1573 1291 1601 111
1309 1581 1337 1602 6.
1354 1581 1412 1608 m.⁷
1432 1581 1486 1610 pro
1500 1571 1634 1601 ecclesia
1651 1571 1759 1601 Sancti
1778 1571 1872 1600 Pauli
1889 1571 2067 1606 Leodiensi,
2084 1571 2118 1599 111
2140 1580 2219 1608 qua-

1214 1630 1285 1655 tuor
1303 1625 1412 1654 beatae
1429 1625 1550 1654 Mariae
1567 1629 1596 1654 et
1611 1629 1793 1654 sanctorum
1810 1624 1895 1653 Petri
1913 1628 1943 1654 et
1962 1623 2054 1653 Pauli
2069 1624 2221 1653 festivita-

1213 1679 1307 1715 tibus,
1325 1688 1380 1717 per
1396 1683 1463 1708 octo
1479 1678 1548 1708 dies
1564 1682 1734 1717 sequentes
1752 1682 1783 1708 et
1804 1678 1839 1707 in
1855 1677 2078 1707 anniversario
2097 1677 2148 1707 die
2165 1677 2220 1706 de-

1213 1732 1380 1761 dicationis
1398 1731 1542 1770 ejusdem
1559 1720 1726 1762 ecclesiae.

1254 1798 1268 1812 «
1287 1785 1374 1814 Licet
1389 1785 1416 1814 is
1431 1785 1508 1814 de...
1526 1802 1565 1805 —
1581 1785 1652 1814 Dat.
1669 1784 1753 1823 apud
1769 1785 2039 1820 Urbemveterem,
2057 1794 2096 1813 xv
2112 1783 2220 1814 kalen-

1212 1837 1372 1876 (13530111Ί
1390 1846 1476 1867 anno
1492 1842 1615 1876 quarto.
1637 1850 1650 1864 5>

1251 1891 1288 1920 In
1306 1901 1333 1921 e.
1351 1900 1394 1920 m.
1406 1913 1414 1926 ‚
1432 1899 1488 1929 pro
1510 1891 1642 1920 ecclesia
1660 1891 1769 1920 Sancti
1787 1891 1874 1920 Petri
1896 1890 2078 1925 1115016051,
2097 1890 2217 1919 Torna-

1211 1945 1315 1975 censis
1330 1945 1495 1980 dioecesis,
1512 1944 1546 1973 111
1561 1949 1696 1983 quatuor
1710 1945 1818 1974 beatae
1833 1945 1953 1973 Mariae
1967 1948 1996 1973 et
2010 1944 2041 1973 S.
2060 1943 2145 1973 Petri
2159 1943 2220 1972 fes-

1212 1999 1388 2028 tivitatibus
1400 2021 1409 2034 ,
1427 2003 1485 2027 616.
1504 2002 1538 2027 ut
1554 2006 1658 2036 supra.

1797 2076 1927 2107 Orvieto,
1945 2077 1978 2102 ‘20
1991 2077 2055 2110 juin
2074 2076 2149 2103 1291.

1255 2141 1289 2170 10
1302 2149 1328 2169 6.
1345 2149 1408 2175 10.,
1426 2148 1482 2178 pro
1500 2139 1630 2169 ecclesia
1651 2139 1758 2169 Sancti
1776 2139 1891 2168 Felicis
1914 2139 1952 2168 de
1974 2137 2076 2174 Salis,
2096 2139 2219 2167 Astori-

1211 2193 1316 2223 censis
1334 2192 1504 2225 dioecesis,
1524 2193 1557 2222 in
1574 2192 1743 2222 festivitate
1760 2191 1902 2230 ejusdem
1920 2191 2020 2220 sancti
2037 2195 2067 2220 et
2084 2199 2138 2229 per
2154 2195 2220 2220 octo

1210 2246 1277 2275 dies
1293 2249 1473 2284 sequentes.

1254 2312 1265 2323 «ι
1283 2298 1357 2327 Vite
1376 2297 1527 2336 perennis
1542 2296 1680 2334 gloria...
1696 2314 1734 2318 -
1751 2297 1822 2326 Dat.
1839 2297 1923 2335 apud
1942 2297 2216 2326 Urbemveterem.

1210 2361 1252 2380 111
1269 2350 1422 2380 kalendas
1439 2350 1528 2389 julii,
1546 2358 1633 2380 anno
1649 2354 1772 2389 quarto.
1794 2362 1808 2376 n
1825 2349 1884 2388 (En
1900 2350 2031 2388 marye.)

1791 2442 1924 2472 Orvieto‚
1944 2442 1976 2468 22
1988 2442 2052 2476 J'uin
2073 2441 2148 2468 1291.

1252 2506 1291 2534 In
1308 2514 1335 2535 6.
1352 2513 1408 2541 01.,
1425 2513 1481 2543 pro
1499 2503 1632 2534 ecclesia
1645 2504 1759 2533 Beatae
1771 2504 1890 2533 Mariae
1905 2503 2081 2541 Clugiensi,
2093 2503 2126 2531 in
2143 2511 2220 2540 qua-

1213 2563 1284 2588 tuor
1300 2558 1443 2597 ejusdem
1459 2557 1594 2595 virginis
1612 2561 1642 2586 et
1660 2561 1842 2586 sanctorum
1858 2556 1972 2585 Felicis
1991 2561 2021 2585 et
2036 2556 2216 2587 Fortunati,

1211 2621 1347 2651 quorum
1360 2619 1490 2649 corpora
1506 2611 1539 2640 in
1556 2610 1667 2640 eadem
1683 2609 1814 2640 ecclesia
1830 2610 2044 2647 requiescunt,
2062 2608 2219 2638 festivita-

1212 2666 1308 2695 tibus.
1328 2664 1400 2694 Dat.
1418 2664 1502 2703 apud
1521 2660 1804 2698 Urbemveterem,
1822 2672 1840 2691 x
1859 2662 2011 2692 kalendas
2027 2661 2119 2700 julii,
2136 2669 2221 2690 anno

1211 2723 1334 2758 quarto.
1347 2717 1452 2757 (Itz'cl.)

1797 2787 1925 2821 Orvieto,
1944 2788 1974 2814 17
1987 2787 2051 2821 juin
2072 2787 2147 2813 1291.

1253 2853 1292 2882 In
1311 2861 1339 2882 e.
1357 2861 1418 2888 m.,
1437 2860 1492 2891 pro
1505 2851 1638 2881 ecclesia
1663 2874 1682 2880 ..
1708 2850 1879 2888 guardiani
1904 2853 1933 2879 et
1956 2853 2131 2878 conventus
2153 2848 2216 2877 sra-

1214 2911 1298 2936 trum
1315 2906 1478 2935 minorum
1497 2905 1715 2941 Albiensium,
1734 2905 1769 2933 10
1785 2908 1921 2942 quatuor
1935 2902 2043 2932 beatae
2060 2901 2178 2930 Mariae
2190 2906 2220 2930 et

1213 2963 1397 2989 sanctorum
1418 2958 1582 2988 Francisci
1599 2962 1628 2987 et
1645 2957 1780 2987 Antonii
1794 2955 2021 2986 festivitatibus
2039 2960 2068 2984 et
2083 2963 2137 2992 per
2151 2958 2218 2984 octo
