2393 3496
998 234 1252 282 QUATRIEME
1275 243 1331 273 AN
1339 243 1432 274 xri:
2207 246 2262 276 697

166 315 253 347 modi
279 324 341 345 uon
363 314 525 350 obstante,
549 313 588 343 ad
609 314 752 344 minores
773 313 936 343 dumtaxat
958 312 1087 343 ordines
1104 319 1175 350 pro-

167 369 288 399 moveri
313 372 345 398 et
365 367 616 397 ecclesiasticum
637 367 829 397 beneficium
855 367 925 396 siue
941 375 1016 396 cura
1031 365 1176 396 obtinere

167 422 277 461 possit.

209 487 222 503 ι
243 475 388 513 Dignum
403 479 536 504 estut...
554 491 592 496 —
609 474 679 503 Dat.
694 473 777 511 apud
796 473 1070 508 Urbemveterem,
1089 482 1107 501 v
1123 471 1175 501 ka-

168 527 280 559 lendas
295 527 393 563 maii,
413 535 500 557 anno
516 532 641 566 quarto.
664 539 676 553 n

237 707 357 736 ⁴840
747 706 874 739 Orvieto,
892 706 926 733 ‘26
940 706 1008 732 avril
1029 706 1104 733 1291.

204 768 388 804 Dispensatio
403 776 491 804 super
502 768 615 796 defectu
628 769 773 796 natalium.
790 768 873 802 (Res.
887 769 930 799 ⁴6,
942 778 967 795 c.
984 769 1040 799 165,
1054 769 1072 795 s.
1084 768 1116 795 32
1129 769 1175 800 νῦ.)

206 871 293 901 Petro
330 873 435 906 Dutct,
462 873 650 909 presbytero,
682 872 829 900 monacho
857 873 1040 900 monasterii
1068 871 1175 900 Sancte

166 924 272 955 Crucis
295 926 328 954 de
353 926 534 962 Kemperele,
559 925 678 954 ordinis
700 924 733 954 S.
759 924 922 958 Benedicti,
947 924 1175 962 Corisopileusis

166 978 301 1008 diocesis.
319 977 399 1008 Curn
418 987 466 1014 eo,
483 987 555 1007 cum
571 985 634 1017 quo
645 977 713 1016 jam
726 977 784 1007 suit
799 975 876 1006 olim
891 976 1110 1015 dispensatum
1129 981 1173 1011 ut,

166 1039 230 1061 non
246 1031 390 1061 obstante
406 1031 530 1062 defectu
548 1030 703 1060 natalium
723 1039 819 1069 quem
837 1029 953 1069 patitur
970 1040 986 1059 e
1002 1029 1104 1060 soluto
1119 1038 1174 1067 ge-

166 1084 254 1114 nitus
272 1089 302 1114 et
321 1084 440 1121 soluta,
462 1084 495 1113 in
518 1084 674 1122 susceptis
693 1082 861 1113 ordinibus
887 1083 1069 1112 ministrare
1089 1087 1120 1112 et
1135 1083 1174 1112 ad

165 1137 216 1167 sui
232 1137 356 1168 ordinis
371 1137 668 1167 administrationes
682 1136 845 1166 dumtaxat
859 1135 979 1165 assumi
995 1135 1122 1171 valeret,
1135 1135 1173 1165 ad

165 1190 352 1221 instantiam
370 1213 391 1220 ..
413 1190 536 1220 abbatis
558 1195 588 1220 et
609 1190 723 1229 prioris
747 1189 880 1228 praefati
903 1190 1088 1220 monasterii
1110 1189 1173 1220 dis-

165 1248 278 1283 pensat
302 1248 336 1274 ut
358 1243 397 1274 ad
422 1243 594 1282 dignitates
612 1247 642 1273 et
662 1243 804 1274 abbatias
820 1243 963 1281 ejusdem
980 1243 1103 1273 ordinis
1122 1252 1172 1273 as-

166 1297 252 1327 sumi
270 1297 376 1336 possit.

207 1362 222 1377 «
253 1349 320 1380 Etsi
348 1354 459 1381 contra
487 1358 578 1381 eos...
609 1367 648 1372 —
673 1350 745 1380 Dat.
776 1349 859 1389 apud
889 1349 1172 1386 Urbemveterem‚

166 1412 196 1433 vi
213 1402 368 1433 kalendas
387 1403 483 1441 maii,
501 1411 587 1434 anuo
602 1407 727 1442 quarto.
745 1415 757 1430 a

233 1583 489 1612 4841-4842
769 1583 898 1616 Orvieto‚
916 1584 932 1611 9
949 1585 1004 1610 mai
1024 1584 1101 1612 1291.

199 1644 429 1672 Transtntionem
444 1645 489 1677 P„
505 1646 636 1681 episcopi
657 1646 894 1678 Aurelianensis,
911 1646 946 1673 ad
962 1646 1175 1673 Carcassonen-

164 1701 226 1721 sem
240 1694 393 1721 ecclesiam
410 1698 534 1721 revocat.
552 1694 635 1725 (Rau.
653 1694 702 1726 46,
719 1703 743 1721 c.
764 1695 828 1726 166,
845 1695 864 1721 f.
882 1695 914 1722 3⁵3
931 1698 978 1729 ro.)

212 1797 379 1827 Venerabili
393 1798 489 1834 fratri
506 1798 552 1835 Ρ.,
563 1799 698 1837 episcopo
714 1799 941 1828 Aurelianensi.
959 1810 972 1825 α
988 1799 1034 1829 De
1049 1804 1174 1829 tuarum

165 1850 457 1881 consideratione...
475 1850 562 1881 Scire
584 1855 612 1881 te
637 1850 786 1881 volumus
803 1852 992 1890 processisse
1012 1853 1096 1891 quod
1118 1861 1175 1882 nos

164 1903 302 1942 pridem,
333 1908 384 1934 tue
408 1903 692 1943 circonspectionis
721 1904 916 1934 industriam
946 1905 1112 1935 carissimo
1140 1906 1173 1934 in

163 1956 293 1988 Christo
308 1957 375 1987 filio
395 1961 502 1988 nostro
520 1958 682 1996 Philippo,
696 1958 765 1995 regi
783 1958 978 1988 Francorum
996 1959 1125 1995 illustri,
1139 1968 1175 1989 ac

164 2018 263 2049 regno
275 2010 376 2049 ipsius
394 2011 555 2041 utiliorem
572 2011 604 2040 in
625 2011 889 2041 Carcassonensis
907 2021 1002 2050 quam
1020 2013 1053 2041 in
1071 2014 1173 2042 Aure-

161 2063 317 2094 lianensis
332 2063 463 2094 ecclesie
479 2064 638 2101 regimine
653 2089 659 2100 ,
681 2069 772 2102 prout
789 2064 924 2094 habebat
936 2065 1110 2095 multorum
1123 2075 1173 2095 as-

163 2117 272 2154 sertio,
285 2118 488 2152 extimantes.
506 2123 544 2151 te,
564 2117 603 2147 de
621 2118 756 2147 fratrum
774 2123 954 2148 nostrornm
971 2119 1118 2155 consilio,
1135 2120 1171 2149 ad

163 2170 542 2210 ipsamCarcasonensem
556 2170 721 2200 ecclesiam
736 2170 888 2200 duximus
903 2172 1172 2208 transferendum,

162 2232 181 2253 a
202 2223 331 2254 vinculo
351 2232 414 2262 quo
431 2223 662 2253 Aurelianensi
682 2224 839 2254 tenebaris
857 2225 988 2254 ecclesie
1005 2225 1173 2255 absolven-

165 2281 247 2306 tes...
267 2276 349 2307 Cum
365 2277 471 2315 itaque
490 2276 626 2306 dilectus
642 2276 727 2306 filius
744 2277 896 2314 magister
911 2278 1016 2308 Guido
1031 2279 1069 2308 de
1085 2279 1172 2308 Cari-

165 2330 332 2368 tate‚juris
345 2329 449 2359 civilis
460 2331 629 2368 professor,
647 2330 822 2360 canonicus
839 2331 1092 2367 Aurelianensis,
1109 2341 1173 2361 me·

164 2385 275 2413 morati
296 2383 378 2421 regis
396 2383 532 2413 clericus
547 2407 552 2416 .
573 2393 609 2414 ex
626 2384 730 2422 ipsius
751 2385 834 2421 regis
849 2389 880 2414 et
899 2389 949 2413 tua
967 2390 1052 2423 parte
1072 2395 1174 2424 nuper

163 2437 203 2466 ad
233 2437 426 2476 presentiam
456 2442 597 2467 nostram
625 2437 796 2473 accedenS,
827 2439 932 2468 varias
955 2440 1173 2469 excusationes

165 2489 338 2529 prudenter
353 2491 544 2528 exposuerit,
565 2495 690 2530 propter
702 2499 780 2529 quas
793 2491 825 2520 in
840 2492 1047 2522 translatione
1064 2492 1174 2530 hujus—

164 2542 249 2573 modi
270 2547 298 2573 te
315 2552 378 2572 non
395 2543 521 2582 expedit
535 2543 688 2574 adhibere
703 2552 909 2581 consensum,
924 2545 976 2575 sed
991 2547 1173 2576 consentire

164 2595 198 2625 in
216 2604 298 2632 eam,
314 2604 500 2634 quanquam
519 2595 701 2631 humiliter,
729 2601 834 2626 tamen
860 2606 1005 2636 expresse
1028 2608 1170 2635 recusas,

165 2657 240 2685 nos,
264 2649 484 2679 excusationes
513 2649 641 2679 easdem
665 2649 837 2687 benignius
859 2651 1063 2681 admittentes
1089 2657 1119 2681 ct
1145 2657 1172 2682 te

164 2710 219 2742 per
235 2711 288 2731 ens
305 2706 491 2732 excusatum
511 2702 676 2737 habentes,
697 2704 894 2741 presentium
911 2705 1097 2734 auctoritate
1116 2705 1172 2735 de-

163 2755 326 2785 cernimus
339 2760 366 2784 te
377 2755 480 2794 quoad
496 2760 705 2785 memoratam
717 2754 986 2787 Aurelianensum
1005 2757 1169 2787 ecclesiam

162 2809 196 2837 in
215 2816 252 2838 eo
267 2812 361 2845 statu,
377 2807 586 2837 translatione
602 2816 638 2837 ac
652 2807 853 2839 absolutione
872 2811 1036 2848 premissis
1054 2820 1172 2850 nequa-

162 2869 258 2900 quam
274 2861 486 2896 obstantibus,
502 2861 534 2890 in
547 2860 699 2890 omnibus
718 2864 748 2890 ot
763 2870 818 2899 per
832 2863 942 2892 omnia
959 2872 1123 2893 remanere
1138 2865 1169 2893 in

162 2922 226 2952 quo
241 2922 310 2943 eras
326 2918 399 2943 ante
413 2922 509 2952 quam
522 2912 633 2943 eadem
652 2912 818 2944 translatio
832 2918 862 2943 et
877 2914 1034 2945 absolutio
1050 2925 1172 2954 prot-es-

306 2978 377 3006 Ree.
400 2978 522 3006 Nicoma
542 2978 595 3005 lV.

1261 310 1386 340 sissent.
1407 311 1478 340 Dat.
1496 310 1580 350 apud
1600 310 1879 347 Urbemveterem,
1899 320 1939 340 vu
1964 311 2036 341 idus
2058 313 2152 348 maii,
2179 321 2264 343 anno

1258 368 1381 402 quarto.
1400 376 1412 390 ι

1300 417 1336 446 In
1355 425 1382 446 e.
1401 426 1445 446 m.
1463 416 1667 456 Philippum,
1685 425 1791 455 regem
1807 417 2018 453 Francorum,
2041 418 2207 448 certiorem
2225 418 2264 448 de

1258 470 1430 508 praedictis
1446 470 1529 500 facit.

1301 536 1313 550 «ι
1335 523 1381 553 De
1396 523 1651 554 consideratione
1665 524 1858 553 virtutum...
1873 539 1912 546 —
1936 523 2006 553 Dat.
2026 527 2060 552 ut
2077 532 2182 562 supra.
2205 536 2216 550 n

1329 702 1447 731 4843

1297 765 1480 800 Dispensatio
1491 772 1580 799 super
1591 763 1704 790 defectu
1717 764 1860 790 natalium.
1875 764 1961 798 (Rau.
1975 764 2018 797 46,
2030 772 2055 790 c.
2073 764 2159 794 167,1,
2173 764 2204 791 32¹
2214 766 2266 794 vo.)

1862 702 1992 733 (li-vieto,
2012 703 2026 729 3
2044 703 2098 728 mai
2119 702 2193 729 1291.

1299 867 1462 903 Gottisrido
1489 866 1524 894 de
1555 866 1693 901 Har-deli,
1720 866 1888 902 presbytero
1915 867 2102 895 Pacaviensis
2130 867 2265 897 diocesis.

1258 920 1340 950 Cum
1357 927 1410 955 eo,
1429 927 1503 948 cum
1519 927 1580 957 quo
1601 921 1677 948 tune
1695 917 1818 956 acolyto
1835 919 1902 956 jam
1920 918 1997 948 olim
2021 919 2080 948 suit
2101 919 2265 956 dispensa-

1259 978 1324 1003 tum
1345 977 1393 1009 nt,
1412 981 1477 1002 non
1495 972 1639 1002 obstante
1658 971 1780 1001 defectu
1800 971 1955 1001 natalium
1978 980 2072 1010 quem
2095 972 2228 1010 patitur,
2250 982 2266 1001 e

1259 1026 1444 1065 presbytero
1460 1025 1589 1063 genitus
1605 1030 1636 1054 et
1653 1024 1754 1055 soluta
1769 1049 1775 1060 ,
1791 1025 1825 1054 iu
1844 1025 1998 1064 susceptis
2015 1026 2196 1055 ministrare
2212 1034 2264 1055 01·-

1259 1079 1388 1109 dinibus
1410 1083 1441 1108 et
1460 1078 1499 1108 ad
1522 1087 1634 1108 omnes
1651 1078 1730 1108 alios
1745 1079 1840 1108 etiam
1858 1079 2038 1117 promoveri
2056 1083 2172 1117 posset,
2193 1088 2265 1108 rur-

1259 1140 1313 1162 sus
1333 1131 1496 1170 dispensat
1518 1135 1552 1160 ut
1573 1131 1766 1161 beneficium
1785 1131 2053 1167 ecclesiasticum,
2074 1132 2169 1161 etiam
2193 1141 2265 1162 cum

1258 1194 1352 1222 cura,
1376 1184 1550 1215 dummodo
1577 1193 1640 1214 non
1666 1185 1707 1214 sit
1733 1185 1768 1214 in
1792 1184 1926 1215 ecclesia
1948 1185 1982 1214 in
2005 1194 2067 1223 qua
2088 1189 2174 1224 pater
2199 1186 2267 1224 ejus

1259 1238 1356 1268 fuerit
1371 1238 1590 1270 beneficiatus,
1607 1238 1753 1268 obtinere
1769 1238 1880 1268 valeat.

1301 1304 1313 1318 a
1332 1292 1526 1330 Quanquam
1542 1295 1653 1321 contra
1670 1294 1799 1322 natos...
1815 1308 1854 1313 —
1870 1291 1942 1321 Dat.
1959 1291 2042 1330 apud
2060 1291 2266 1322 Urbemvete-

1258 1354 1326 1375 rem
1339 1367 1346 1381 ,
1365 1354 1383 1374 v
1400 1353 1500 1375 nonas
1515 1344 1614 1382 maii,
1632 1352 1718 1374 anno
1733 1349 1858 1383 quarto.
1877 1356 1891 1371 »

1328 1517 1446 1546 4344
1836 1515 1963 1546 Orvieto,
1985 1517 2014 1543 13
2030 1516 2099 1542 avril
2119 1515 2194 1543 1‘291.

1294 1579 1442 1614 Hospitale
1458 1577 1492 1604 de
1509 1576 1737 1612 Santinghevett,
1756 1576 1929 1603 Morinensis
1945 1577 2095 1608 dioecesis,
2114 1586 2129 1603 a
2145 1577 2266 1611 quibus-

1258 1636 1382 1662 cumque
1393 1627 1592 1654 exactionibus
1604 1627 1731 1653 immune
1743 1625 1876 1653 declarat.
1886 1626 1969 1658 (Rea.
1980 1626 2022 1658 46,
2033 1634 2058 1652 c.
2073 1626 2129 1657 168,
2142 1626 2158 1652 s.
2171 1626 2202 1652 3⁴2
2215 1628 2264 1659 νο.)

1301 1754 1320 1761 ..
1342 1733 1487 1768 maqi'slro
1506 1735 1532 1759 ει
1557 1730 1710 1766 fratribus
1733 1729 1891 1767 hospitalis
1913 1730 1946 1757 de
1964 1729 2207 1766 Santinqhevell,
2227 1729 2266 1757 ad

1258 1794 1420 1814 romanam
1432 1785 1586 1814 ecclesiam
1598 1784 1684 1812 nullo
1700 1783 1796 1812 medio
1808 1783 1999 1820 pertinentis,
2015 1783 2192 1812 Morimnsis
2203 1783 2266 1811 dio-

1258 1841 1340 1869 cesis.
1358 1850 1372 1864 a
1391 1838 1505 1867 Merita
1523 1841 1626 1866 vestre
1643 1836 1858 1866 devotionis...
1877 1835 1996 1865 Cum...
2018 1844 2069 1865 vos
2087 1835 2191 1864 nullas
2208 1836 2265 1864 lia-

1258 1891 1359 1921 beatis
1374 1890 1539 1926 ecclesias,
1560 1889 1700 1919 decimas
1717 1893 1771 1918 aut
1788 1888 1930 1918 redditus
1949 1888 2192 1921 ecclesiasticos,
2211 1887 2264 1917 sed

1258 1944 1296 1974 de
1313 1944 1448 1983 propriis
1466 1942 1630 1972 laboribus
1647 1942 1759 1971 vivatis
1783 1941 1957 1973 dumtaxat,
1978 1950 2043 1975 nos,
2062 1940 2175 1969 vestris
2191 1950 2264 1978 sup-

1259 1998 1485 2037 plicationibus
1503 1996 1647 2027 inclinati
1660 2019 1667 2032 ,
1685 1996 1869 2025 anctoritate
1887 1995 1975 2024 vobis
1995 1995 2189 2032 presentium
2211 1994 2263 2022 iu-

1257 2051 1428 2089 dulgemus
1453 2055 1486 2079 ut
1509 2059 1564 2088 per
1591 2049 1711 2080 litteras
1734 2048 1901 2087 apostolice
1924 2047 2006 2078 sedis
2032 2051 2062 2077 et
2085 2047 2262 2084 legatorum

1258 2105 1343 2142 ejus,
1361 2103 1591 2141 cujuscumque
1609 2102 1728 2131 tenoris
1747 2101 1897 2136 existant,
1916 2100 1953 2129 ad
1971 2100 2183 2139 provisionem
2204 2100 2262 2129 ali-

1257 2157 1348 2195 cujus
1377 2156 1409 2185 in
1439 2155 1648 2194 pensionibus
1671 2159 1701 2184 et
1727 2154 1765 2184 ad
1792 2153 2059 2184 contribuendum
2090 2155 2121 2182 in
2144 2153 2264 2192 aliqui-

1258 2210 1315 2239 bus
1338 2208 1450 2245 talliis,
1469 2207 1626 2243 collectis,
1644 2207 1813 2241 subsidiis,
1833 2207 2038 2245 pecuniarum
2056 2206 2190 2235 summis
2210 2211 2264 2235 aut

1257 2262 1474 2293 exactionibus
1487 2261 1570 2297 aliis,
1588 2269 1790 2299 quocumque
1808 2260 1939 2290 nomine
1949 2264 2151 2295 censeantur,
2165 2258 2263 2288 velud

1257 2315 1474 2345 exhibendum
1490 2323 1545 2344 seu
1561 2313 1766 2353 prestandum
1781 2312 1906 2342 easdem
1925 2312 2060 2341 minime
2079 2311 2260 2342 teneamini,

1257 2378 1315 2398 nec
1331 2368 1369 2397 ad
1388 2368 1418 2397 id
1435 2367 1586 2406 compelli
1603 2367 1728 2405 possitis
1741 2391 1748 2403 ,
1772 2366 1833 2395 nisi
1854 2365 2037 2404 hujusmodi
2056 2365 2157 2393 littere
2173 2372 2261 2402 apos-

1258 2422 1349 2452 tolice
1367 2421 1404 2451 de
1422 2420 1569 2459 hospitali
1586 2425 1689 2450 vestro
1705 2424 1735 2449 et
1758 2419 1959 2457 indulgentia
1978 2417 2159 2455 hujusmodi
2180 2417 2262 2445 sere-

1257 2476 1321 2505 rint
1336 2475 1574 2505 mentionem...
1589 2474 1659 2503 Dat.
1675 2473 1760 2512 apud
1774 2473 2046 2505 Urbemveterem,
2063 2471 2168 2499 idibus
2181 2470 2262 2508 upri-

1256 2528 1308 2564 lis,
1326 2537 1412 2558 anuo
1428 2532 1552 2573 quarto.
1576 2539 1589 2553 r>

1326 2701 1444 2729 4945
1859 2696 1989 2727 (lrvieto,
2008 2696 2021 2719 .“ι
2039 2695 2091 2719 tnui
2114 2694 2187 2719 tz‘tu.

1293 2763 1333 2789 lle
1350 2762 1432 2788 lionis
1447 2761 1712 2796 archiepiscopatus
1727 2757 1904 2785 senonensis
1920 2757 1990 2782 alien
2003 2755 2084 2781 nudis.
2105 2754 2175 2785 (lieu
2208 2754 2254 2785 4⁴3,

1254 2821 1279 2839 c.
1302 2812 1359 2842 169,
1378 2813 1395 2838 s.
1419 2811 1450 2838 :3⁵3
1471 2812 1521 2842 vu.)

1301 2913 1465 2942 rem-rabili
1487 2912 1582 2947 fratri
1607 2933 1626 2938 ..
1650 2910 1782 2946 episcopo
1807 2906 2045 2937 Aucisioclorcnsi
2069 2902 2196 2932 inundat
2224 2906 2256 2930 ut

2082 2972 2114 2993 m<
