2393 3496
670 365 806 396 TABLE
829 357 1164 403 ALPHABETIQUE
1186 367 1265 396 DES
1288 368 1405 398 NOMS
1430 369 1634 400 PROPRES.
2128 375 2202 406 1257

103 429 306 468 Raynaldus,
324 429 477 459 Senensis
495 430 661 469 episcopus
680 432 864 468 3591-3593,
883 433 971 463 6409.

104 482 304 521 Raynaldus,
323 482 519 511 Turonensis
541 482 659 513 electus
682 485 871 521 6264-62693
894 502 933 508 -
955 486 1112 516 cancella-

143 535 213 565 rius
228 543 274 565 ec.
293 535 491 564 Turonensis
508 535 597 564 6264.

104 588 305 627 Raynaldus,
320 588 416 617 abhas
433 596 520 617 mon.
537 588 571 618 S.
595 589 758 620 Benedicti
773 591 810 620 de
826 592 1007 622 Frusinone
1023 593 1110 622 6418.

105 641 305 680 Raynaldus,
323 641 420 671 abbas
440 649 526 670 mon.
546 641 578 670 S.
602 642 751 681 Dionysii
768 644 800 673 iu
819 645 964 674 Francia.
985 646 1031 675 Cf.
1052 646 1112 675 Re-

144 693 306 732 ginaldus.

105 747 307 787 Raynaldus,
330 747 506 777 monachus
531 756 619 778 mon.
644 748 676 778 S.
704 750 825 780 Mariae
849 750 887 780 de
911 751 1112 788 Castellione,

147 801 333 831 Parmensis
349 801 380 830 d.
399 801 488 830 4686.

105 854 307 893 Raynaldus,
325 853 507 892 capellanus
524 863 569 884 ec.
590 854 622 884 S.
642 855 759 893 Augeli
779 856 816 886 de
834 857 1003 887 Pusterula
1023 859 1110 888 6054.

105 907 307 946 RaynaIdus,
329 907 473 937 notarius
489 906 578 937 3467.

103 960 305 999 Raynaldus,
324 964 507 999 procurator
523 959 611 989 3795.

103 1013 304 1052 Raynaidus‚
330 1013 416 1043 filius
440 1013 626 1042 Theverutii
652 1013 690 1043 de
714 1014 958 1054 Montemelino,
982 1017 1111 1047 Perusi-

144 1075 204 1097 nae
221 1067 252 1097 d.
272 1067 360 1096 5585.

102 1119 292 1159 Raynaldus
307 1119 346 1149 de
362 1120 495 1155 Abbate,
517 1120 595 1154 civis
612 1120 776 1150 Romanus
793 1122 880 1152 6419.

101 1172 293 1212 Raynaldus
309 1173 347 1202 de
363 1172 496 1209 Avellis,
515 1172 609 1202 miles
627 1173 715 1210 5584,
733 1174 821 1203 6200.

102 1224 292 1264 Raynaldus
308 1225 346 1254 de
363 1225 544 1262 Brunforti,
562 1226 805 1256 camerinensis
827 1227 857 1257 d.
879 1227 972 1264 1988;
998 1246 1035 1251 -
1055 1239 1109 1268 po-

144 1282 238 1309 testas
254 1279 464 1308 viterbiensis
481 1278 568 1316 7236,
589 1279 679 1309 7237.

102 1331 293 1371 Raynaldus
311 1331 547 1361 Buccavitellus
564 1332 651 1362 3465.

103 1385 292 1424 Raynaldus
308 1384 431 1415 Casalis
449 1385 488 1414 de
512 1384 680 1422 Philitino,
701 1385 850 1423 clericus,
875 1388 1109 1420 Lemovicensis

142 1437 174 1468 d.
192 1438 282 1468 2887.

102 1491 292 1531 Raynaldus
320 1491 359 1521 de
389 1491 594 1528 Castronovo,
629 1493 713 1530 prior
740 1502 784 1522 ec.
814 1494 843 1523 S.
880 1494 1041 1525 Laurentii
1071 1497 1109 1526 de

141 1545 289 1581 Gubiata,
309 1545 504 1575 Tudertinae
526 1546 556 1575 d.
582 1545 674 1582 2872;
700 1563 738 1567 —
767 1547 984 1578 thesaurarius
999 1558 1108 1588 papae,

140 1599 314 1629 canonicus
331 1599 532 1629 Ebroieeusis
550 1599 640 1636 5858,
659 1600 747 1630 6541.

101 1652 291 1692 Raynaldus
306 1652 437 1683 Corradi
454 1653 542 1683 2578.

100 1705 289 1745 Raynaldus
305 1706 343 1735 de
360 1705 482 1741 Esculo.
498 1706 595 1745 judex
616 1707 866 1738 Panormitanus
881 1708 970 1740 3468.

99 1759 290 1798 Raynatdus
307 1760 346 1789 de
361 1759 517 1790 Falerone
537 1760 625 1789 7160.
805 1758 807 1760 “

98 1813 289 1852 Raynaldus
306 1813 470 1852 Farulphi,
487 1813 639 1844 dominus
655 1813 752 1844 castri
768 1815 910 1845 Morrani
926 1817 1012 1846 7282.

98 1866 289 1905 Raynatdus
303 1866 510 1896 Fidismundi
525 1866 614 1897 2588.

99 1919 290 1959 Raynaldus
304 1920 463 1950 Johannis
475 1920 615 1950 Romani
626 1920 666 1951 de
679 1921 776 1951 Reate
790 1921 845 1950 477
859 1933 866 1958 ;
883 1938 919 1944 —
934 1923 1107 1954 canonicus

139 1981 185 2003 ec.
204 1972 421 2003 Ferrariensis
437 1973 524 2003 2528.

99 2025 289 2065 Raynaldus
303 2025 427 2056 domini
444 2027 561 2056 Leonis
576 2026 666 2058 3467.

99 2079 289 2119 Raynaldus
300 2079 403 2110 dictus
416 2081 586 2111 Maczonus
595 2081 634 2111 de
643 2081 987 2118 Setia,Terraciuensis
996 2082 1026 2112 d.
1039 2083 1104 2113 115.

98 2133 288 2172 Raynaldus
305 2133 344 2163 de
361 2134 525 2171 Magentia
541 2134 629 2165 3467.

98 2186 287 2226 Raynaldus
304 2186 443 2216 Mathaei
460 2187 564 2217 Rubei
580 2188 619 2217 de
636 2188 724 2218 Urbe
739 2188 827 2218 3571.

97 2239 288 2279 Raynaldus
303 2239 342 2270 de
357 2240 497 2277 Melloto‚
515 2245 625 2271 cantor
641 2249 685 2271 ec.
706 2240 958 2271 Cenomanensis
976 2241 1065 2272 4644.

96 2293 286 2332 Raynaldus
301 2292 339 2322 de
355 2292 571 2331 Montenigro,
587 2293 690 2331 miles,
709 2294 882 2324 Perusinae
897 2294 926 2324 d.
947 2294 1035 2324 6127.

95 2346 285 2386 Raynaldus
300 2346 497 2385 Napoteonis
511 2346 549 2376 de
566 2346 724 2384 Fulgineo
740 2347 809 2383 645,
830 2347 897 2376 647.

97 2399 286 2439 Raynaldus
305 2399 344 2429 de
370 2399 506 2435 Oxonia,
536 2400 712 2430 monachus
737 2409 823 2430 mon.
845 2400 884 2430 de
907 2400 940 2430 S.
955 2387 1102 2438 'Albano,

137 2452 375 2482 Lincolniensis
391 2453 421 2482 d.
439 2452 528 2483 4638.

95 2505 284 2545 Raynaldus
301 2505 462 2544 Raynaldi
480 2505 567 2535 2580.

95 2558 285 2598 Raynaldus
300 2558 417 2595 Rubei,
435 2559 526 2589 miles
540 2559 734 2597 Anagninus
751 2559 839 2588 7097.

96 2611 286 2651 Ray-namus
303 2611 342 2642 de
359 2611 509 2642 Sculcula
523 2612 591 2643 384.

96 2664 286 2703 Raynaldus
304 2664 342 2694 de
365 2664 553 2701 Sirmineto,
578 2668 678 2695 rector
699 2674 745 2694 ec.
770 2664 826 2694 SS.
848 2664 934 2694 Petri
959 2667 989 2694 et
1010 2663 1103 2694 Pauli

135 2717 176 2748 de
189 2717 367 2756 Traygnes,
386 2716 623 2747 Lincolniensis
638 2717 668 2747 d.
688 2717 755 2747 250.

95 2769 286 2809 Raynaldus
304 2770 342 2799 de
363 2770 522 2800 Vareunis
538 2770 623 2800 6105.

95 2822 296 2862 Raynaldus.
315 2822 364 2853 Cf.
383 2822 593 2861 Reginaldus,
612 2823 810 2862 Reynaldus.

95 2875 332 2916 Raynaldutius
348 2875 506 2906 Carbonis
523 2876 611 2906 2586.

94 2928 335 2968 Raynaldutius
358 2928 501 2965 Henrici‚
523 2929 602 2958 civis
619 2927 857 2966 Senogaliensis
873 2928 959 2957 7127.

95 2981 332 3021 Raynaldutius
352 2981 579 3019 Neapoleonis,
596 2981 746 3011 dominus
767 2981 861 3011 castri
880 2981 980 3016 Jovis,
1005 2981 1103 3011 Ame—

135 3035 249 3066 liensis
264 3035 295 3064 d.
314 3035 403 3071 7004,
421 3035 510 3064 7005.

237 3101 310 3128 Rau.
331 3100 454 3128 Nicetis
474 3099 526 3126 lV.

1197 434 1437 473 Raynaldutius
1454 436 1672 466 Trausmundi
1691 437 1778 468 2586.

1196 487 1375 525 Raynallus
1393 488 1431 517 de
1449 490 1569 518 Aversa
1585 489 1674 520 6093.

1197 539 1309 578 Rayne
1324 540 1464 579 (Petrus)
1481 541 1519 571 de
1534 541 1706 579 Gordonio,
1725 543 1928 574 Caturcensis
1943 545 1973 575 d.
1992 546 2080 576 5428.

1196 591 1373 630 Rayneria,
1393 597 1464 621 nata
1480 592 1571 622 Nieri
1587 593 1625 622 de
1642 594 1802 632 Tignauo,
1821 595 2026 627 Florentiuae
2041 598 2072 627 d.
2093 597 2177 629 1903.

1196 644 1353 682 Ray-nerii
1376 645 1535 684 (Eamus),
1566 651 1721 677 mercator
1747 647 1836 684 6926,
1867 649 1955 685 7112,
1988 651 2076 685 7158,
2109 651 2200 688 7235,

1235 696 1322 727 7379.

1197 750 1351 788 Raynerii
1377 750 1565 789 (Fortinus),
1590 757 1746 783 mercator
1768 754 1856 791 7112,
1882 755 1970 790 7158,
1996 756 2083 793 7199,
2109 757 2198 793 7226,

1235 803 1323 832 7235.

1198 856 1350 894 Raynerii
1373 856 1512 895 (Petrus)
1531 857 1569 887 de
1594 859 1836 895 Montechiello,
1868 861 2008 890 notarius
2031 861 2199 892 districtus

1235 909 1393 939 Senaruin
1413 910 1501 940 6273.

1195 963 1350 1001 Raynerii
1366 963 1522 1002 (Pucins),
1539 969 1695 995 mercator
1711 965 1797 1001 6926,
1816 967 1903 1002 7177,
1923 967 2010 996 7241.

1195 1016 1351 1054 Raynerii
1367 1016 1404 1046 de
1420 1016 1597 1047 Castaldeto
1614 1023 1752 1048 castrum
1768 1018 1857 1055 7132,
1875 1019 1963 1050 7133.

1194 1069 1350 1107 Raynerii
1366 1069 1404 1099 de
1421 1070 1527 1099 Monte
1544 1070 1678 1100 Auriolo
1696 1075 1835 1100 castrum
1852 1071 1920 1106 604,
1939 1071 2029 1108 7132,
2046 1073 2134 1103 7133.

1194 1122 1350 1161 Raynerii
1372 1122 1526 1161 Stephani
1549 1123 1746 1162 (Raynerius
1764 1124 1932 1160 Muualdi),
1951 1125 2028 1155 civis
2054 1126 2195 1156 Urbeve-

1233 1180 1325 1204 tanus
1342 1175 1428 1205 5895.

1193 1229 1386 1267 Raynerius,
1405 1229 1610 1259 Plouasensis
1625 1232 1788 1268 episcopus
1806 1230 1893 1259 2860.

1193 1281 1387 1319 Rayuerius,
1405 1282 1500 1311 abbas
1517 1290 1602 1311 mon.
1621 1282 1653 1311 S.
1672 1283 1758 1311 Petri
1775 1283 1925 1312 Perusini
1938 1283 1987 1320 42,
2004 1282 2054 1313 491
2067 1284 2092 1320 1,
2105 1283 2196 1314 6137.

1194 1336 1386 1374 Raynerius,
1405 1344 1554 1365 romanae
1569 1335 1721 1366 ecclesiae
1737 1335 2016 1366 vicecancellarius
2033 1336 2119 1367 2606.

1194 1389 1388 1427 Raynerius,
1408 1389 1582 1418 monachus
1599 1397 1685 1419 mon.
1704 1388 1737 1418 S.
1758 1389 1879 1419 Mariae
1897 1389 1934 1419 de
1950 1389 2096 1428 Farneto,
2114 1392 2195 1421 Are-

1232 1441 1318 1471 tinae
1333 1442 1364 1470 d.
1383 1442 1470 1470 2556.

1194 1495 1384 1533 Raynerius.
1406 1500 1496 1524 uatus
1512 1495 1687 1525 Rolaudini
1705 1495 1743 1525 de
1761 1495 1897 1525 Canossa
1912 1495 1980 1525 858.

1193 1548 1374 1586 Raynerius
1391 1548 1428 1577 de
1444 1548 1631 1583 Abbatibus,
1651 1552 1806 1578 mercator
1821 1548 1909 1577 7199.

1192 1600 1374 1638 113ςο0Γί05
1390 1599 1526 1634 Atheni,
1544 1601 1621 1630 civis
1641 1600 1857 1630 Bononiensis
1874 1600 1960 1630 5586.

1193 1653 1376 1692 Raynerius
1392 1653 1430 1683 de
1448 1653 1690 1683 Buzaneusibus
1709 1653 1757 1684 83.

1192 1707 1375 1746 Rayuerius
1391 1707 1429 1736 de
1444 1706 1621 1737 Castaldeto
1637 1707 1706 1736 604.

1194 1760 1374 1799 Raynerius
1387 1760 1424 1789 de
1439 1759 1575 1796 Casulis,
1593 1759 1774 1798 capellanus
1787 1768 1883 1799 papae
1897 1760 1985 1798 7262,
2000 1761 2087 1798 7287,
2102 1761 2191 1799 73113

1229 1830 1269 1836 --
1283 1813 1456 1844 canonicus
1474 1813 1668 1843 Vulteranus
1686 1813 1773 1848 1184,
1794 1813 1878 1849 1607,
1897 1813 1986 1851 2569,
2000 1814 2088 1851 2673,
2104 1815 2192 1851 2887,

1230 1867 1319 1904 3226,
1337 1866 1424 1903 3363,
1445 1865 1533 1903 3619,
1551 1866 1639 1903 5989,
1660 1865 1748 1902 5991,
1768 1866 1855 1902 6290,
1874 1866 1962 1903 6304,
1980 1866 2068 1897 63-20.

1191 1920 1373 1959 Raynerius
1387 1919 1578 1956 Floravanti,
1599 1924 1754 1949 mercator
1773 1919 1862 1957 6926,
1880 1920 1969 1949 7158.

1190 1974 1373 2013 Raynerius
1393 1972 1546 2011 Hugolini
1563 1973 1650 2002 4218.

1189 2026 1371 2065 Raynerius
1385 2025 1507 2062 ι130001,
1525 2029 1680 2054 mercator
1698 2024 1762 2059 103,
1784 2024 1849 2060 104,
1865 2023 1953 2056 7109.

1189 2079 1372 2119 Raynerius
1388 2078 1558 2113 Johannis,
1577 2080 1730 2106 mercator
1749 2077 1795 2113 14,
1813 2076 1900 2106 5758.

1189 2133 1371 2172 Raynerius
1387 2130 1545 2160 ι10030015
1563 2130 1659 2159 Pazae
1673 2130 1794 2165 Jacobi‚
1815 2129 1893 2159 civis
1908 2130 2084 2160 Perusinus
2099 2130 2188 2160 7212.

1190 2185 1371 2224 Raynerius
1390 2183 1562 2221 Lodigerii‚
1579 2182 1657 2212 civis
1677 2182 1898 2212 Urbevetanus
1914 2182 2004 2212 4756.

1188 2238 1370 2277 Raynerius
1387 2237 1424 2266 de
1443 2235 1614 2272 Marsiano,
1636 2234 1727 2264 miles
1745 2235 1832 2264 7212.

1188 2291 1371 2330 Ray-uerius
1390 2288 1535 2319 Munaldi
1556 2288 1711 2326 Rayuerii
1732 2287 1900 2326 Stephani,
1920 2288 1998 2318 civis
2018 2288 2191 2319 Urbeveta-

1228 2353 1288 2374 nus
1306 2343 1394 2373 5895.

1187 2397 1370 2436 Raynerius
1390 2395 1475 2424 Petri
1492 2393 1682 2429 Alexandri,
1700 2393 1779 2422 civis
1796 2392 2007 2423 viterbiensis
2024 2392 2112 2424 6431.

1188 2449 1368 2489 Raynerius
1385 2447 1423 2476 de
1440 2446 1523 2476 Pisis
1534 2446 1622 2481 4715,
1634 2445 1706 2474 6041
1720 2455 1726 2482 ;
1743 2462 1781 2466 -
1796 2444 1970 2475 canonicus
1988 2444 2191 2476 Belvacensis

1230 2503 1313 2538 1135,
1338 2501 1435 2536 1322ς
1459 2516 1499 2523 -
1523 2503 1624 2529 rector
1647 2498 1779 2528 ducatus
1803 2497 1967 2537 Spoletani
1991 2498 2077 2535 6727,
2102 2498 2191 2536 6728,

1226 2556 1314 2592 7316,
1332 2554 1422 2590 7329,
1439 2552 1528 2589 7330,
1545 2551 1635 2588 7332,
1652 2551 1746 2588 7380;
1764 2567 1802 2573 -
1818 2555 1919 2581 rector
1935 2551 2087 2581 Sabiniae
2101 2551 2189 2588 7316,

1225 2609 1314 2645 7330,
1332 2608 1407 2637 7332
1422 2617 1429 2644 3
1447 2622 1486 2629 —
1501 2605 1644 2636 notarius
1666 2613 1772 2643 papae.
1802 2628 1809 2633 .

1188 2662 1368 2701 Raynerius
1383 2660 1422 2690 de
1437 2660 1542 2694 Senis,
1560 2657 1684 2688 ordinis
1702 2656 1955 2687 Humiliatorum
1971 2656 2039 2687 306.

1188 2714 1370 2754 Raynerius
1386 2711 1543 2742 Thebaidi
1558 2711 1597 2740 de
1610 2710 1787 2740 'rutranova
1801 2709 1890 2739 6439.

1187 2766 1369 2807 Rayuerius
1385 2765 1423 2794 de
1440 2764 1535 2798 Vitio,
1554 2767 1654 2792 rector
1669 2771 1713 2792 ec.
1730 2762 1769 2791 de
1786 2762 1880 2798 Hese,
1898 2760 2134 2792 Londoniensis
2154 2762 2187 2790 d.

1226 2821 1314 2850 2715.

1187 2874 1369 2911 Raynerus.
1389 2870 1437 2900 Cf.
1459 2869 1651 2908 Raynerius.

1186 2928 1363 2965 Raynonns
1379 2924 1416 2953 de
1434 2922 1586 2957 Viterbio,
1603 2921 1642 2950 fr.
1664 2920 1768 2959 praed.
1786 2919 1853 2954 560,
1872 2918 1940 2955 566,
1958 2917 2026 2953 567,
2045 2918 2113 2948 570.

1188 2978 1417 3017 Bayuucciuus
1432 2975 1470 3004 de
1488 2975 1595 3004 Murro
1613 2972 1759 3008 227-2313
1776 2989 1813 2993 -
1829 2971 2001 3001 canonicus
2016 2970 2187 3000 Firmanus

1225 3031 1292 3066 310,
1313 3030 1381 3068 311,
1405 3028 1478 3064 674;
1497 3044 1534 3048 —
1549 3026 1670 3056 archid.
1685 3025 1894 3055 Verveceusis
1911 3024 1944 3053 10
1961 3031 2006 3053 ec.
2026 3023 2186 3062 Burgensi

1998 3089 2045 3116 158
