<?xml version="1.0" encoding="UTF-8"?>
<!DOCTYPE html PUBLIC "-//W3C//DTD XHTML 1.0 Transitional//EN"
    "http://www.w3.org/TR/xhtml1/DTD/xhtml1-transitional.dtd">
<html xmlns="http://www.w3.org/1999/xhtml" xml:lang="en" lang="en">
 <head>
  <title>
</title>
<meta http-equiv="Content-Type" content="text/html;charset=utf-8" />
  <meta name='ocr-system' content='tesseract 3.04.00' />
  <meta name='ocr-capabilities' content='ocr_page ocr_carea ocr_par ocr_line ocrx_word'/>
</head>
<body>
  <div class='ocr_page' id='page_1' title='image "./lesregistresdeni02romeuoft_0129.png"; bbox 0 0 2393 3496; ppageno 0'>
   <div class='ocr_carea' id='block_1_1' title="bbox 901 300 2167 348">
    <p class='ocr_par' dir='ltr' id='par_1_1' title="bbox 901 300 2167 348">
     <span class='ocr_line' id='line_1_1' title="bbox 901 300 2167 348; baseline 0.006 -8"><span class='ocrx_word' id='word_1_1' title='bbox 901 300 1156 347; x_wconf 76' lang='lat' dir='ltr'><strong>QUATRIEME</strong></span> <span class='ocrx_word' id='word_1_2' title='bbox 1178 302 1334 340; x_wconf 75' lang='lat' dir='ltr'>ANNEE.</span> <span class='ocrx_word' id='word_1_3' title='bbox 2110 317 2167 348; x_wconf 87' lang='lat'>803</span> 
     </span>
    </p>
   </div>
   <div class='ocr_carea' id='block_1_2' title="bbox 71 377 1081 733">
    <p class='ocr_par' dir='ltr' id='par_1_2' title="bbox 71 377 1081 733">
     <span class='ocr_line' id='line_1_2' title="bbox 71 377 1080 416; baseline -0.005 -6"><span class='ocrx_word' id='word_1_4' title='bbox 71 380 202 411; x_wconf 86' lang='lat' dir='ltr'>interim</span> <span class='ocrx_word' id='word_1_5' title='bbox 218 387 333 408; x_wconf 87' lang='lat' dir='ltr'>manus</span> <span class='ocrx_word' id='word_1_6' title='bbox 351 386 425 407; x_wconf 86' lang='lat' dir='ltr'>suas</span> <span class='ocrx_word' id='word_1_7' title='bbox 438 377 477 406; x_wconf 90' lang='lat' dir='ltr'>ad</span> <span class='ocrx_word' id='word_1_8' title='bbox 495 377 615 407; x_wconf 78' lang='lat' dir='ltr'>fructus</span> <span class='ocrx_word' id='word_1_9' title='bbox 631 378 714 416; x_wconf 88' lang='lat' dir='ltr'>ipsos</span> <span class='ocrx_word' id='word_1_10' title='bbox 731 377 951 414; x_wconf 79' lang='lat' dir='ltr'>extenderint,</span> <span class='ocrx_word' id='word_1_11' title='bbox 969 385 1080 414; x_wconf 85' lang='lat' dir='ltr'>perpe-</span> 
     </span>
     <span class='ocr_line' id='line_1_3' title="bbox 74 429 1080 469; baseline -0.005 -6"><span class='ocrx_word' id='word_1_12' title='bbox 74 438 126 463; x_wconf 84' lang='lat' dir='ltr'>tuo</span> <span class='ocrx_word' id='word_1_13' title='bbox 141 431 371 469; x_wconf 81' lang='lat' dir='ltr'>maneantipso</span> <span class='ocrx_word' id='word_1_14' title='bbox 386 430 467 460; x_wconf 83' lang='lat' dir='ltr'>facto</span> <span class='ocrx_word' id='word_1_15' title='bbox 481 430 650 469; x_wconf 82' lang='lat' dir='ltr'>prebendis</span> <span class='ocrx_word' id='word_1_16' title='bbox 664 430 741 468; x_wconf 91' lang='lat' dir='ltr'>ipsis</span> <span class='ocrx_word' id='word_1_17' title='bbox 758 430 870 468; x_wconf 87' lang='lat' dir='ltr'>privati</span> <span class='ocrx_word' id='word_1_18' title='bbox 886 434 916 458; x_wconf 92' lang='lat' dir='ltr'>et</span> <span class='ocrx_word' id='word_1_19' title='bbox 932 439 986 467; x_wconf 82' lang='lat' dir='ltr'>per</span> <span class='ocrx_word' id='word_1_20' title='bbox 997 429 1080 467; x_wconf 89' lang='lat' dir='ltr'>epis-</span> 
     </span>
     <span class='ocr_line' id='line_1_4' title="bbox 73 482 1081 524; baseline -0.005 -8"><span class='ocrx_word' id='word_1_21' title='bbox 73 493 185 524; x_wconf 85' lang='lat' dir='ltr'>copum</span> <span class='ocrx_word' id='word_1_22' title='bbox 202 485 378 514; x_wconf 85' lang='lat' dir='ltr'>Metensem</span> <span class='ocrx_word' id='word_1_23' title='bbox 393 483 447 522; x_wconf 90' lang='lat' dir='ltr'>qui</span> <span class='ocrx_word' id='word_1_24' title='bbox 465 482 559 512; x_wconf 79' lang='lat' dir='ltr'>fuerit</span> <span class='ocrx_word' id='word_1_25' title='bbox 571 491 627 520; x_wconf 88' lang='lat' dir='ltr'>pro</span> <span class='ocrx_word' id='word_1_26' title='bbox 642 487 781 521; x_wconf 82' lang='lat' dir='ltr'>tempore</span> <span class='ocrx_word' id='word_1_27' title='bbox 792 482 977 512; x_wconf 84' lang='lat' dir='ltr'>auctoritate</span> <span class='ocrx_word' id='word_1_28' title='bbox 988 490 1081 520; x_wconf 85' lang='lat' dir='ltr'>apos-</span> 
     </span>
     <span class='ocr_line' id='line_1_5' title="bbox 74 535 1080 576; baseline -0.005 -7"><span class='ocrx_word' id='word_1_29' title='bbox 74 538 177 574; x_wconf 78' lang='lat' dir='ltr'>tolica,</span> <span class='ocrx_word' id='word_1_30' title='bbox 192 545 287 576; x_wconf 86' lang='lat' dir='ltr'>quam</span> <span class='ocrx_word' id='word_1_31' title='bbox 296 536 324 565; x_wconf 91' lang='lat' dir='ltr'>ei</span> <span class='ocrx_word' id='word_1_32' title='bbox 335 541 442 565; x_wconf 81' lang='lat' dir='ltr'>tenore</span> <span class='ocrx_word' id='word_1_33' title='bbox 455 536 651 574; x_wconf 88' lang='lat' dir='ltr'>presentium</span> <span class='ocrx_word' id='word_1_34' title='bbox 660 536 693 564; x_wconf 91' lang='lat' dir='ltr'>in</span> <span class='ocrx_word' id='word_1_35' title='bbox 704 535 762 565; x_wconf 85' lang='lat' dir='ltr'>hac</span> <span class='ocrx_word' id='word_1_36' title='bbox 771 540 856 574; x_wconf 87' lang='lat' dir='ltr'>parte</span> <span class='ocrx_word' id='word_1_37' title='bbox 863 535 1080 572; x_wconf 79' lang='lat' dir='ltr'>concedimus,</span> 
     </span>
     <span class='ocr_line' id='line_1_6' title="bbox 73 588 1081 631; baseline -0.004 -10"><span class='ocrx_word' id='word_1_38' title='bbox 73 589 216 631; x_wconf 85' lang='lat' dir='ltr'>personis</span> <span class='ocrx_word' id='word_1_39' title='bbox 232 589 378 628; x_wconf 81' lang='lat' dir='ltr'>ydoneis,</span> <span class='ocrx_word' id='word_1_40' title='bbox 398 588 573 617; x_wconf 89' lang='lat' dir='ltr'>dnmmodo</span> <span class='ocrx_word' id='word_1_41' title='bbox 586 588 667 617; x_wconf 90' lang='lat' dir='ltr'>nulli</span> <span class='ocrx_word' id='word_1_42' title='bbox 683 588 741 617; x_wconf 85' lang='lat' dir='ltr'>alii</span> <span class='ocrx_word' id='word_1_43' title='bbox 754 588 791 617; x_wconf 91' lang='lat' dir='ltr'>de</span> <span class='ocrx_word' id='word_1_44' title='bbox 804 589 876 625; x_wconf 88' lang='lat' dir='ltr'>jure</span> <span class='ocrx_word' id='word_1_45' title='bbox 890 588 956 617; x_wconf 85' lang='lat' dir='ltr'>sint</span> <span class='ocrx_word' id='word_1_46' title='bbox 967 588 1081 625; x_wconf 83' lang='lat' dir='ltr'>debite,</span> 
     </span>
     <span class='ocr_line' id='line_1_7' title="bbox 73 641 1081 680; baseline -0.003 -6"><span class='ocrx_word' id='word_1_47' title='bbox 73 643 286 675; x_wconf 80' lang='lat' dir='ltr'>conferantur.</span> <span class='ocrx_word' id='word_1_48' title='bbox 302 642 372 671; x_wconf 89' lang='lat' dir='ltr'>Dat.</span> <span class='ocrx_word' id='word_1_49' title='bbox 387 641 471 679; x_wconf 84' lang='lat' dir='ltr'>apud</span> <span class='ocrx_word' id='word_1_50' title='bbox 487 641 760 678; x_wconf 85' lang='lat' dir='ltr'>Urbemveterem,</span> <span class='ocrx_word' id='word_1_51' title='bbox 779 650 813 670; x_wconf 86' lang='lat'>111</span> <span class='ocrx_word' id='word_1_52' title='bbox 831 649 931 670; x_wconf 91' lang='lat' dir='ltr'>nonas</span> <span class='ocrx_word' id='word_1_53' title='bbox 946 646 1081 680; x_wconf 86' lang='lat' dir='ltr'>septem-</span> 
     </span>
     <span class='ocr_line' id='line_1_8' title="bbox 72 697 425 733; baseline -0.014 -6"><span class='ocrx_word' id='word_1_54' title='bbox 72 697 151 733; x_wconf 81' lang='lat' dir='ltr'>bris,</span> <span class='ocrx_word' id='word_1_55' title='bbox 165 703 252 725; x_wconf 87' lang='lat' dir='ltr'>anno</span> <span class='ocrx_word' id='word_1_56' title='bbox 267 698 391 733; x_wconf 89' lang='lat' dir='ltr'>quarto.</span> <span class='ocrx_word' id='word_1_57' title='bbox 411 706 425 721; x_wconf 69' lang='grc' dir='ltr'>ι»</span> 
     </span>
    </p>
   </div>
   <div class='ocr_carea' id='block_1_3' title="bbox 145 874 264 906">
    <p class='ocr_par' dir='ltr' id='par_1_3' title="bbox 145 874 264 906">
     <span class='ocr_line' id='line_1_9' title="bbox 145 874 264 906; baseline -0.025 0"><span class='ocrx_word' id='word_1_58' title='bbox 145 874 264 906; x_wconf 74' lang='grc'>5965</span> 
     </span>
    </p>
   </div>
   <div class='ocr_carea' id='block_1_4' title="bbox 73 934 1081 1017">
    <p class='ocr_par' dir='ltr' id='par_1_4' title="bbox 73 934 1081 1017">
     <span class='ocr_line' id='line_1_10' title="bbox 106 934 1081 969; baseline -0.003 -6"><span class='ocrx_word' id='word_1_59' title='bbox 106 936 151 964; x_wconf 87' lang='lat' dir='ltr'>De</span> <span class='ocrx_word' id='word_1_60' title='bbox 173 936 348 963; x_wconf 86' lang='lat' dir='ltr'>aedificando</span> <span class='ocrx_word' id='word_1_61' title='bbox 379 935 552 962; x_wconf 86' lang='lat' dir='ltr'>monasterio</span> <span class='ocrx_word' id='word_1_62' title='bbox 579 942 667 969; x_wconf 83' lang='lat' dir='ltr'>prope</span> <span class='ocrx_word' id='word_1_63' title='bbox 689 938 815 961; x_wconf 81' lang='lat' dir='ltr'><strong>castrum</strong></span> <span class='ocrx_word' id='word_1_64' title='bbox 840 934 953 966; x_wconf 87' lang='lat' dir='ltr'>Pontis,</span> <span class='ocrx_word' id='word_1_65' title='bbox 981 934 1081 969; x_wconf 87' lang='lat' dir='ltr'>Spole-</span> 
     </span>
     <span class='ocr_line' id='line_1_11' title="bbox 73 984 1015 1017; baseline -0.004 -3"><span class='ocrx_word' id='word_1_66' title='bbox 73 989 155 1014; x_wconf 70' lang='lat' dir='ltr'>tanae</span> <span class='ocrx_word' id='word_1_67' title='bbox 169 985 323 1012; x_wconf 82' lang='lat' dir='ltr'>dioecesis.</span> <span class='ocrx_word' id='word_1_68' title='bbox 340 985 422 1017; x_wconf 64' lang='lat' dir='ltr'>(Rau.</span> <span class='ocrx_word' id='word_1_69' title='bbox 441 985 484 1015; x_wconf 76' lang='lat'>46,</span> <span class='ocrx_word' id='word_1_70' title='bbox 500 993 526 1011; x_wconf 88' lang='lat' dir='ltr'>c.</span> <span class='ocrx_word' id='word_1_71' title='bbox 544 984 604 1016; x_wconf 64' lang='lat'>472,</span> <span class='ocrx_word' id='word_1_72' title='bbox 621 984 639 1010; x_wconf 83' lang='lat' dir='ltr'>f.</span> <span class='ocrx_word' id='word_1_73' title='bbox 656 984 689 1011; x_wconf 72' lang='lat'>92</span> <span class='ocrx_word' id='word_1_74' title='bbox 706 991 753 1017; x_wconf 85' lang='lat' dir='ltr'>v⁰;</span> <span class='ocrx_word' id='word_1_75' title='bbox 772 984 889 1015; x_wconf 58' lang='lat' dir='ltr'>porra,</span> <span class='ocrx_word' id='word_1_76' title='bbox 907 984 1015 1016; x_wconf 59' lang='lat'>23810.)</span> 
     </span>
    </p>
   </div>
   <div class='ocr_carea' id='block_1_5' title="bbox 575 872 1008 907">
    <p class='ocr_par' dir='ltr' id='par_1_5' title="bbox 575 872 1008 907">
     <span class='ocr_line' id='line_1_12' title="bbox 575 872 1008 907; baseline 0 -8"><span class='ocrx_word' id='word_1_77' title='bbox 575 872 703 902; x_wconf 82' lang='lat' dir='ltr'>Orvieto,</span> <span class='ocrx_word' id='word_1_78' title='bbox 721 873 736 899; x_wconf 87' lang='lat'><strong>3</strong></span> <span class='ocrx_word' id='word_1_79' title='bbox 751 873 914 907; x_wconf 75' lang='lat' dir='ltr'>septembre</span> <span class='ocrx_word' id='word_1_80' title='bbox 934 873 1008 900; x_wconf 62' lang='lat'>1291.</span> 
     </span>
    </p>
   </div>
   <div class='ocr_carea' id='block_1_6' title="bbox 47 1086 1082 1443">
    <p class='ocr_par' dir='ltr' id='par_1_6' title="bbox 47 1072 1082 1443">
     <span class='ocr_line' id='line_1_13' title="bbox 154 1086 1082 1123; baseline -0.003 -6.118"><span class='ocrx_word' id='word_1_81' title='bbox 154 1088 300 1116; x_wconf 73' lang='lat' dir='ltr'>ministro</span> <span class='ocrx_word' id='word_1_82' title='bbox 325 1089 463 1123; x_wconf 75' lang='lat' dir='ltr'><em>fratrum</em></span> <span class='ocrx_word' id='word_1_83' title='bbox 486 1087 607 1115; x_wconf 79' lang='lat' dir='ltr'><em>ordinis</em></span> <span class='ocrx_word' id='word_1_84' title='bbox 627 1087 784 1115; x_wconf 78' lang='lat' dir='ltr'>minorum</span> <span class='ocrx_word' id='word_1_85' title='bbox 804 1087 957 1123; x_wconf 70' lang='lat' dir='ltr'>provincie</span> <span class='ocrx_word' id='word_1_86' title='bbox 978 1086 1082 1115; x_wconf 81' lang='lat' dir='ltr'>Sancti</span> 
     </span>
     <span class='ocr_line' id='line_1_14' title="bbox 74 1138 1082 1172; baseline -0.004 -1"><span class='ocrx_word' id='word_1_87' title='bbox 74 1141 230 1172; x_wconf 68' lang='lat' dir='ltr'>Franciscz·</span> <span class='ocrx_word' id='word_1_88' title='bbox 261 1139 392 1169; x_wconf 81' lang='lat' dir='ltr'>mandat</span> <span class='ocrx_word' id='word_1_89' title='bbox 422 1144 455 1168; x_wconf 85' lang='lat' dir='ltr'>ut</span> <span class='ocrx_word' id='word_1_90' title='bbox 481 1140 713 1168; x_wconf 87' lang='lat' dir='ltr'>monasterinm</span> <span class='ocrx_word' id='word_1_91' title='bbox 740 1138 932 1168; x_wconf 89' lang='lat' dir='ltr'>monialium</span> <span class='ocrx_word' id='word_1_92' title='bbox 961 1139 1082 1167; x_wconf 81' lang='lat' dir='ltr'>ordinis</span> 
     </span>
     <span class='ocr_line' id='line_1_15' title="bbox 47 1183 1079 1231; baseline -0.003 -8"><span class='ocrx_word' id='word_1_93' title='bbox 47 1203 50 1206; x_wconf 67' lang='grc'>’</span> <span class='ocrx_word' id='word_1_94' title='bbox 73 1193 107 1224; x_wconf 90' lang='lat' dir='ltr'>S.</span> <span class='ocrx_word' id='word_1_95' title='bbox 124 1193 291 1224; x_wconf 78' lang='lat' dir='ltr'>Benedicti</span> <span class='ocrx_word' id='word_1_96' title='bbox 305 1201 402 1231; x_wconf 82' lang='lat' dir='ltr'>prope</span> <span class='ocrx_word' id='word_1_97' title='bbox 418 1197 558 1222; x_wconf 80' lang='lat' dir='ltr'>castrum</span> <span class='ocrx_word' id='word_1_98' title='bbox 571 1183 693 1227; x_wconf 80' lang='lat' dir='ltr'>Pontis,</span> <span class='ocrx_word' id='word_1_99' title='bbox 708 1191 898 1230; x_wconf 79' lang='lat' dir='ltr'>Spoletanae</span> <span class='ocrx_word' id='word_1_100' title='bbox 915 1192 1079 1228; x_wconf 79' lang='lat' dir='ltr'>dioecesis,</span> 
     </span>
     <span class='ocr_line' id='line_1_16' title="bbox 63 1244 1082 1288; baseline -0.003 -12"><span class='ocrx_word' id='word_1_101' title='bbox 63 1247 160 1288; x_wconf 81' lang='lat' dir='ltr'>-juxta</span> <span class='ocrx_word' id='word_1_102' title='bbox 175 1246 418 1284; x_wconf 77' lang='lat' dir='ltr'>dispositionem</span> <span class='ocrx_word' id='word_1_103' title='bbox 436 1250 466 1274; x_wconf 89' lang='lat' dir='ltr'>et</span> <span class='ocrx_word' id='word_1_104' title='bbox 488 1245 633 1275; x_wconf 86' lang='lat' dir='ltr'>ultimam</span> <span class='ocrx_word' id='word_1_105' title='bbox 650 1244 846 1274; x_wconf 75' lang='lat' dir='ltr'>voluntatem</span> <span class='ocrx_word' id='word_1_106' title='bbox 866 1244 920 1281; x_wconf 59' lang='lat' dir='ltr'>B„</span> <span class='ocrx_word' id='word_1_107' title='bbox 944 1244 1082 1282; x_wconf 79' lang='lat' dir='ltr'>episcopi</span> 
     </span>
     <span class='ocr_line' id='line_1_17' title="bbox 72 1297 732 1334; baseline -0.003 -5"><span class='ocrx_word' id='word_1_108' title='bbox 72 1298 266 1334; x_wconf 73' lang='lat' dir='ltr'>Prenestini,</span> <span class='ocrx_word' id='word_1_109' title='bbox 282 1298 447 1328; x_wconf 83' lang='lat' dir='ltr'>aedificari</span> <span class='ocrx_word' id='word_1_110' title='bbox 465 1297 613 1328; x_wconf 71' lang='lat' dir='ltr'>et&#39;dotari</span> <span class='ocrx_word' id='word_1_111' title='bbox 632 1302 732 1327; x_wconf 85' lang='lat' dir='ltr'>curet.</span> 
     </span>
     <span class='ocr_line' id='line_1_18' title="bbox 114 1351 1080 1390; baseline 0 -10"><span class='ocrx_word' id='word_1_112' title='bbox 114 1364 130 1380; x_wconf 92' lang='lat'>«</span> <span class='ocrx_word' id='word_1_113' title='bbox 153 1352 243 1382; x_wconf 89' lang='lat' dir='ltr'>Bone</span> <span class='ocrx_word' id='word_1_114' title='bbox 264 1351 418 1381; x_wconf 85' lang='lat' dir='ltr'>memorie</span> <span class='ocrx_word' id='word_1_115' title='bbox 446 1352 508 1381; x_wconf 85' lang='grc' dir='ltr'>Β...</span> <span class='ocrx_word' id='word_1_116' title='bbox 537 1368 576 1373; x_wconf 90' lang='grc'><strong>-</strong></span> <span class='ocrx_word' id='word_1_117' title='bbox 598 1351 669 1380; x_wconf 90' lang='lat' dir='ltr'>Dat.</span> <span class='ocrx_word' id='word_1_118' title='bbox 691 1351 775 1390; x_wconf 89' lang='lat' dir='ltr'>apud</span> <span class='ocrx_word' id='word_1_119' title='bbox 798 1351 1080 1388; x_wconf 84' lang='lat' dir='ltr'>Urbemveterem,</span> 
     </span>
     <span class='ocr_line' id='line_1_19' title="bbox 73 1405 718 1443; baseline -0.005 -8"><span class='ocrx_word' id='word_1_120' title='bbox 73 1414 108 1435; x_wconf 85' lang='lat'>111</span> <span class='ocrx_word' id='word_1_121' title='bbox 125 1412 226 1435; x_wconf 90' lang='lat' dir='ltr'>nonas</span> <span class='ocrx_word' id='word_1_122' title='bbox 241 1405 440 1443; x_wconf 72' lang='lat' dir='ltr'>septembris,</span> <span class='ocrx_word' id='word_1_123' title='bbox 459 1413 546 1434; x_wconf 89' lang='lat' dir='ltr'>anno</span> <span class='ocrx_word' id='word_1_124' title='bbox 561 1408 685 1443; x_wconf 87' lang='lat' dir='ltr'>quarto.</span> <span class='ocrx_word' id='word_1_125' title='bbox 705 1416 718 1431; x_wconf 70' lang='lat' dir='ltr'>n</span> 
     </span>
    </p>
   </div>
   <div class='ocr_carea' id='block_1_7' title="bbox 142 1582 392 1612">
    <p class='ocr_par' dir='ltr' id='par_1_7' title="bbox 142 1582 392 1612">
     <span class='ocr_line' id='line_1_20' title="bbox 142 1582 392 1612; baseline -0.004 0"><span class='ocrx_word' id='word_1_126' title='bbox 142 1582 392 1612; x_wconf 61' lang='lat'>5983-5987</span> 
     </span>
    </p>
   </div>
   <div class='ocr_carea' id='block_1_8' title="bbox 73 1644 1079 1730">
    <p class='ocr_par' dir='ltr' id='par_1_8' title="bbox 73 1644 1079 1730">
     <span class='ocr_line' id='line_1_21' title="bbox 107 1644 1079 1680; baseline 0 -8"><span class='ocrx_word' id='word_1_127' title='bbox 107 1645 237 1672; x_wconf 83' lang='lat' dir='ltr'>Ecclesia</span> <span class='ocrx_word' id='word_1_128' title='bbox 252 1645 419 1672; x_wconf 73' lang='lat' dir='ltr'>Lat-inensis</span> <span class='ocrx_word' id='word_1_129' title='bbox 434 1644 540 1676; x_wconf 85' lang='lat' dir='ltr'>Sabae,</span> <span class='ocrx_word' id='word_1_130' title='bbox 558 1645 694 1680; x_wconf 87' lang='lat' dir='ltr'>episcopo</span> <span class='ocrx_word' id='word_1_131' title='bbox 711 1644 863 1677; x_wconf 86' lang='lat' dir='ltr'>Militensi,</span> <span class='ocrx_word' id='word_1_132' title='bbox 880 1646 1079 1672; x_wconf 76' lang='lat' dir='ltr'>committitur.</span> 
     </span>
     <span class='ocr_line' id='line_1_22' title="bbox 73 1693 502 1730; baseline -0.005 -8"><span class='ocrx_word' id='word_1_133' title='bbox 73 1694 154 1730; x_wconf 70' lang='lat' dir='ltr'>(Rae.</span> <span class='ocrx_word' id='word_1_134' title='bbox 171 1694 215 1726; x_wconf 78' lang='lat'>46,</span> <span class='ocrx_word' id='word_1_135' title='bbox 232 1701 257 1721; x_wconf 85' lang='lat' dir='ltr'>c.</span> <span class='ocrx_word' id='word_1_136' title='bbox 274 1694 349 1725; x_wconf 74' lang='lat'>472²,</span> <span class='ocrx_word' id='word_1_137' title='bbox 364 1694 384 1720; x_wconf 85' lang='lat' dir='ltr'>f.</span> <span class='ocrx_word' id='word_1_138' title='bbox 402 1693 435 1721; x_wconf 71' lang='lat'>9⁶2</span> <span class='ocrx_word' id='word_1_139' title='bbox 451 1695 502 1726; x_wconf 77' lang='lat' dir='ltr'>vo.)</span> 
     </span>
    </p>
   </div>
   <div class='ocr_carea' id='block_1_9' title="bbox 562 1581 1013 1616">
    <p class='ocr_par' dir='ltr' id='par_1_9' title="bbox 562 1581 1013 1616">
     <span class='ocr_line' id='line_1_23' title="bbox 562 1581 1013 1616; baseline 0.002 -8"><span class='ocrx_word' id='word_1_140' title='bbox 562 1582 688 1613; x_wconf 82' lang='lat' dir='ltr'>Orvieto‚</span> <span class='ocrx_word' id='word_1_141' title='bbox 707 1581 740 1609; x_wconf 85' lang='lat'>13</span> <span class='ocrx_word' id='word_1_142' title='bbox 755 1582 917 1616; x_wconf 84' lang='lat' dir='ltr'>septembre</span> <span class='ocrx_word' id='word_1_143' title='bbox 937 1582 1013 1609; x_wconf 75' lang='lat'>1-291.</span> 
     </span>
    </p>
   </div>
   <div class='ocr_carea' id='block_1_10' title="bbox 43 1796 1080 2368">
    <p class='ocr_par' dir='ltr' id='par_1_10' title="bbox 73 1796 1080 2102">
     <span class='ocr_line' id='line_1_24' title="bbox 120 1796 1080 1834; baseline 0.001 -8"><span class='ocrx_word' id='word_1_144' title='bbox 120 1797 285 1827; x_wconf 77' lang='lat' dir='ltr'>Venerabili</span> <span class='ocrx_word' id='word_1_145' title='bbox 297 1798 392 1834; x_wconf 81' lang='lat' dir='ltr'>fratri</span> <span class='ocrx_word' id='word_1_146' title='bbox 407 1796 495 1832; x_wconf 82' lang='lat' dir='ltr'>Sabe,</span> <span class='ocrx_word' id='word_1_147' title='bbox 515 1797 646 1834; x_wconf 77' lang='lat' dir='ltr'>episcopo</span> <span class='ocrx_word' id='word_1_148' title='bbox 663 1797 826 1833; x_wconf 73' lang='lat' dir='ltr'>Mililensi,</span> <span class='ocrx_word' id='word_1_149' title='bbox 849 1796 902 1826; x_wconf 89' lang='lat' dir='ltr'>cni</span> <span class='ocrx_word' id='word_1_150' title='bbox 922 1797 1009 1826; x_wconf 81' lang='lat' dir='ltr'>exuli</span> <span class='ocrx_word' id='word_1_151' title='bbox 1029 1798 1080 1827; x_wconf 91' lang='lat' dir='ltr'>bo-</span> 
     </span>
     <span class='ocr_line' id='line_1_25' title="bbox 74 1849 1078 1888; baseline 0 -8"><span class='ocrx_word' id='word_1_152' title='bbox 74 1858 134 1880; x_wconf 76' lang='lat' dir='ltr'>nae</span> <span class='ocrx_word' id='word_1_153' title='bbox 149 1850 322 1879; x_wconf 85' lang='lat' dir='ltr'>memoriae</span> <span class='ocrx_word' id='word_1_154' title='bbox 344 1849 512 1883; x_wconf 74' lang='lat' dir='ltr'>Berardus,</span> <span class='ocrx_word' id='word_1_155' title='bbox 529 1850 694 1888; x_wconf 86' lang='lat' dir='ltr'>episcopus</span> <span class='ocrx_word' id='word_1_156' title='bbox 711 1850 931 1885; x_wconf 84' lang='lat' dir='ltr'>I’enestrinus,</span> <span class='ocrx_word' id='word_1_157' title='bbox 951 1855 1026 1880; x_wconf 84' lang='lat' dir='ltr'>tunc</span> <span class='ocrx_word' id='word_1_158' title='bbox 1044 1851 1078 1880; x_wconf 89' lang='lat' dir='ltr'>in</span> 
     </span>
     <span class='ocr_line' id='line_1_26' title="bbox 74 1901 1079 1941; baseline -0.001 -8"><span class='ocrx_word' id='word_1_159' title='bbox 74 1911 174 1941; x_wconf 85' lang='lat' dir='ltr'>regno</span> <span class='ocrx_word' id='word_1_160' title='bbox 191 1901 321 1932; x_wconf 84' lang='lat' dir='ltr'>Siciliae</span> <span class='ocrx_word' id='word_1_161' title='bbox 339 1902 530 1940; x_wconf 87' lang='lat' dir='ltr'>apostolicae</span> <span class='ocrx_word' id='word_1_162' title='bbox 548 1901 631 1931; x_wconf 89' lang='lat' dir='ltr'>sedis</span> <span class='ocrx_word' id='word_1_163' title='bbox 646 1902 783 1940; x_wconf 86' lang='lat' dir='ltr'>legatus,</span> <span class='ocrx_word' id='word_1_164' title='bbox 805 1903 970 1932; x_wconf 86' lang='lat' dir='ltr'>ecclesiam</span> <span class='ocrx_word' id='word_1_165' title='bbox 990 1904 1079 1933; x_wconf 87' lang='lat' dir='ltr'>Lari-</span> 
     </span>
     <span class='ocr_line' id='line_1_27' title="bbox 73 1956 1079 1996; baseline 0.001 -10"><span class='ocrx_word' id='word_1_166' title='bbox 73 1965 207 1986; x_wconf 88' lang='lat' dir='ltr'>nensem</span> <span class='ocrx_word' id='word_1_167' title='bbox 235 1961 311 1986; x_wconf 89' lang='lat' dir='ltr'>tunc</span> <span class='ocrx_word' id='word_1_168' title='bbox 335 1960 500 1986; x_wconf 89' lang='lat' dir='ltr'>vacantem</span> <span class='ocrx_word' id='word_1_169' title='bbox 528 1965 627 1995; x_wconf 88' lang='lat' dir='ltr'>usque</span> <span class='ocrx_word' id='word_1_170' title='bbox 651 1956 691 1985; x_wconf 87' lang='lat' dir='ltr'>ad</span> <span class='ocrx_word' id='word_1_171' title='bbox 719 1965 813 1986; x_wconf 90' lang='lat' dir='ltr'>suum</span> <span class='ocrx_word' id='word_1_172' title='bbox 843 1957 1079 1996; x_wconf 83' lang='lat' dir='ltr'>beneplacitum</span> 
     </span>
     <span class='ocr_line' id='line_1_28' title="bbox 73 2009 1080 2049; baseline 0.002 -10"><span class='ocrx_word' id='word_1_173' title='bbox 73 2009 249 2047; x_wconf 76' lang='lat' dir='ltr'>commisit,</span> <span class='ocrx_word' id='word_1_174' title='bbox 272 2017 352 2048; x_wconf 90' lang='lat' dir='ltr'>papa</span> <span class='ocrx_word' id='word_1_175' title='bbox 379 2009 567 2047; x_wconf 79' lang='lat' dir='ltr'>hujusmodi</span> <span class='ocrx_word' id='word_1_176' title='bbox 584 2010 863 2047; x_wconf 78' lang='lat' dir='ltr'>commissionem,</span> <span class='ocrx_word' id='word_1_177' title='bbox 888 2020 943 2049; x_wconf 85' lang='lat' dir='ltr'>per</span> <span class='ocrx_word' id='word_1_178' title='bbox 957 2011 1080 2041; x_wconf 88' lang='lat' dir='ltr'>obitum</span> 
     </span>
     <span class='ocr_line' id='line_1_29' title="bbox 74 2063 569 2102; baseline -0.002 -9"><span class='ocrx_word' id='word_1_179' title='bbox 74 2063 207 2097; x_wconf 77' lang='lat' dir='ltr'>Berardi</span> <span class='ocrx_word' id='word_1_180' title='bbox 222 2063 408 2102; x_wconf 85' lang='lat' dir='ltr'>expiratam‚</span> <span class='ocrx_word' id='word_1_181' title='bbox 427 2067 569 2092; x_wconf 81' lang='lat' dir='ltr'>renovat.</span> 
     </span>
    </p>

    <p class='ocr_par' dir='ltr' id='par_1_11' title="bbox 43 2116 1079 2208">
     <span class='ocr_line' id='line_1_30' title="bbox 114 2116 1079 2155; baseline 0.003 -11"><span class='ocrx_word' id='word_1_182' title='bbox 114 2127 129 2144; x_wconf 73' lang='grc' dir='ltr'><strong>α</strong></span> <span class='ocrx_word' id='word_1_183' title='bbox 153 2116 282 2146; x_wconf 90' lang='lat' dir='ltr'>Dudum</span> <span class='ocrx_word' id='word_1_184' title='bbox 298 2116 382 2146; x_wconf 87' lang='lat' dir='ltr'>bone</span> <span class='ocrx_word' id='word_1_185' title='bbox 398 2116 590 2146; x_wconf 88' lang='lat' dir='ltr'>memorie...</span> <span class='ocrx_word' id='word_1_186' title='bbox 617 2132 656 2137; x_wconf 93' lang='lat'>—</span> <span class='ocrx_word' id='word_1_187' title='bbox 677 2116 749 2145; x_wconf 87' lang='lat' dir='ltr'>Dat.</span> <span class='ocrx_word' id='word_1_188' title='bbox 767 2116 850 2155; x_wconf 89' lang='lat' dir='ltr'>apud</span> <span class='ocrx_word' id='word_1_189' title='bbox 871 2117 1079 2147; x_wconf 86' lang='lat' dir='ltr'>Urhemvete-</span> 
     </span>
     <span class='ocr_line' id='line_1_31' title="bbox 43 2169 771 2208; baseline 0 -9"><span class='ocrx_word' id='word_1_190' title='bbox 43 2178 47 2181; x_wconf 52' lang='lat'>¹</span> <span class='ocrx_word' id='word_1_191' title='bbox 73 2178 157 2207; x_wconf 86' lang='lat' dir='ltr'>rem,</span> <span class='ocrx_word' id='word_1_192' title='bbox 173 2169 281 2199; x_wconf 88' lang='lat' dir='ltr'>idibus</span> <span class='ocrx_word' id='word_1_193' title='bbox 298 2169 496 2208; x_wconf 81' lang='lat' dir='ltr'>septembris,</span> <span class='ocrx_word' id='word_1_194' title='bbox 513 2177 600 2198; x_wconf 88' lang='lat' dir='ltr'>anno</span> <span class='ocrx_word' id='word_1_195' title='bbox 614 2173 738 2208; x_wconf 84' lang='lat' dir='ltr'>quarto.</span> <span class='ocrx_word' id='word_1_196' title='bbox 757 2181 771 2195; x_wconf 76' lang='lat'>1&gt;</span> 
     </span>
    </p>

    <p class='ocr_par' dir='ltr' id='par_1_12' title="bbox 74 2222 1080 2368">
     <span class='ocr_line' id='line_1_32' title="bbox 112 2222 1080 2261; baseline 0.001 -9"><span class='ocrx_word' id='word_1_197' title='bbox 112 2222 150 2252; x_wconf 89' lang='lat' dir='ltr'>In</span> <span class='ocrx_word' id='word_1_198' title='bbox 171 2232 198 2252; x_wconf 89' lang='lat' dir='ltr'>e.</span> <span class='ocrx_word' id='word_1_199' title='bbox 220 2232 263 2252; x_wconf 90' lang='lat' dir='ltr'>m.</span> <span class='ocrx_word' id='word_1_200' title='bbox 290 2222 429 2261; x_wconf 86' lang='lat' dir='ltr'>capitulo</span> <span class='ocrx_word' id='word_1_201' title='bbox 454 2226 484 2252; x_wconf 86' lang='lat' dir='ltr'>et</span> <span class='ocrx_word' id='word_1_202' title='bbox 508 2222 592 2252; x_wconf 86' lang='lat' dir='ltr'>clero</span> <span class='ocrx_word' id='word_1_203' title='bbox 610 2222 746 2252; x_wconf 87' lang='lat' dir='ltr'>civitatis</span> <span class='ocrx_word' id='word_1_204' title='bbox 768 2228 797 2252; x_wconf 86' lang='lat' dir='ltr'>et</span> <span class='ocrx_word' id='word_1_205' title='bbox 816 2223 969 2253; x_wconf 89' lang='lat' dir='ltr'>dioecesis</span> <span class='ocrx_word' id='word_1_206' title='bbox 989 2224 1080 2253; x_wconf 85' lang='lat' dir='ltr'>Lari-</span> 
     </span>
     <span class='ocr_line' id='line_1_33' title="bbox 74 2275 1079 2315; baseline 0.001 -11"><span class='ocrx_word' id='word_1_207' title='bbox 74 2275 183 2306; x_wconf 89' lang='lat' dir='ltr'>nensis</span> <span class='ocrx_word' id='word_1_208' title='bbox 199 2275 330 2305; x_wconf 84' lang='lat' dir='ltr'>mandat</span> <span class='ocrx_word' id='word_1_209' title='bbox 348 2281 381 2304; x_wconf 86' lang='lat' dir='ltr'>ut</span> <span class='ocrx_word' id='word_1_210' title='bbox 396 2275 500 2305; x_wconf 89' lang='lat' dir='ltr'>eidem</span> <span class='ocrx_word' id='word_1_211' title='bbox 517 2275 619 2305; x_wconf 84' lang='lat' dir='ltr'>Sabae</span> <span class='ocrx_word' id='word_1_212' title='bbox 640 2275 680 2305; x_wconf 88' lang='lat' dir='ltr'>de</span> <span class='ocrx_word' id='word_1_213' title='bbox 701 2275 879 2305; x_wconf 84' lang='lat' dir='ltr'>redditibus</span> <span class='ocrx_word' id='word_1_214' title='bbox 896 2281 925 2305; x_wconf 84' lang='lat' dir='ltr'>et</span> <span class='ocrx_word' id='word_1_215' title='bbox 943 2285 1079 2315; x_wconf 84' lang='lat' dir='ltr'>proven-</span> 
     </span>
     <span class='ocr_line' id='line_1_34' title="bbox 76 2328 930 2368; baseline 0 -10"><span class='ocrx_word' id='word_1_216' title='bbox 76 2328 157 2359; x_wconf 83' lang='lat' dir='ltr'>tibus</span> <span class='ocrx_word' id='word_1_217' title='bbox 174 2329 367 2368; x_wconf 87' lang='lat' dir='ltr'>episcopatui</span> <span class='ocrx_word' id='word_1_218' title='bbox 386 2329 554 2358; x_wconf 83' lang='lat' dir='ltr'>Larinensi</span> <span class='ocrx_word' id='word_1_219' title='bbox 575 2329 691 2359; x_wconf 85' lang='lat' dir='ltr'>debitis</span> <span class='ocrx_word' id='word_1_220' title='bbox 708 2330 930 2367; x_wconf 84' lang='lat' dir='ltr'>respondeant.</span> 
     </span>
    </p>
   </div>
   <div class='ocr_carea' id='block_1_11' title="bbox 61 1840 69 1858">
    <p class='ocr_par' dir='ltr' id='par_1_13' title="bbox 61 1840 69 1858">
     <span class='ocr_line' id='line_1_35' title="bbox 61 1840 69 1858; baseline 0 0"><span class='ocrx_word' id='word_1_221' title='bbox 61 1840 69 1858; x_wconf 78' lang='grc'>1</span> 
     </span>
    </p>
   </div>
   <div class='ocr_carea' id='block_1_12' title="bbox 144 2506 397 2537">
    <p class='ocr_par' dir='ltr' id='par_1_14' title="bbox 144 2506 397 2537">
     <span class='ocr_line' id='line_1_36' title="bbox 144 2506 397 2537; baseline -0.008 0"><span class='ocrx_word' id='word_1_222' title='bbox 144 2506 397 2537; x_wconf 62' lang='grc' dir='ltr'><strong>5968·59ἵ2</strong></span> 
     </span>
    </p>
   </div>
   <div class='ocr_carea' id='block_1_13' title="bbox 77 2566 1079 2652">
    <p class='ocr_par' dir='ltr' id='par_1_15' title="bbox 77 2566 1079 2652">
     <span class='ocr_line' id='line_1_37' title="bbox 112 2566 1079 2606; baseline 0.005 -12"><span class='ocrx_word' id='word_1_223' title='bbox 112 2567 399 2594; x_wconf 88' lang='lat' dir='ltr'>Administrationem</span> <span class='ocrx_word' id='word_1_224' title='bbox 414 2567 554 2593; x_wconf 87' lang='lat' dir='ltr'>ecclesiae</span> <span class='ocrx_word' id='word_1_225' title='bbox 570 2566 798 2601; x_wconf 82' lang='lat' dir='ltr'>Famagustanae</span> <span class='ocrx_word' id='word_1_226' title='bbox 814 2569 858 2603; x_wconf 69' lang='lat' dir='ltr'>B„</span> <span class='ocrx_word' id='word_1_227' title='bbox 871 2572 1006 2606; x_wconf 86' lang='lat' dir='ltr'>episcopo</span> <span class='ocrx_word' id='word_1_228' title='bbox 1021 2572 1079 2599; x_wconf 89' lang='lat' dir='ltr'>Tri-</span> 
     </span>
     <span class='ocr_line' id='line_1_38' title="bbox 77 2616 823 2652; baseline 0.001 -9"><span class='ocrx_word' id='word_1_229' title='bbox 77 2616 211 2652; x_wconf 86' lang='lat' dir='ltr'>politano,</span> <span class='ocrx_word' id='word_1_230' title='bbox 226 2617 388 2643; x_wconf 83' lang='lat' dir='ltr'>committit.</span> <span class='ocrx_word' id='word_1_231' title='bbox 406 2616 490 2649; x_wconf 71' lang='lat' dir='ltr'>(Res,</span> <span class='ocrx_word' id='word_1_232' title='bbox 508 2616 550 2648; x_wconf 80' lang='lat'>46,</span> <span class='ocrx_word' id='word_1_233' title='bbox 566 2624 591 2642; x_wconf 89' lang='lat' dir='ltr'>c.</span> <span class='ocrx_word' id='word_1_234' title='bbox 610 2616 669 2647; x_wconf 86' lang='lat'>473,</span> <span class='ocrx_word' id='word_1_235' title='bbox 690 2617 708 2642; x_wconf 82' lang='lat' dir='ltr'>f.</span> <span class='ocrx_word' id='word_1_236' title='bbox 727 2618 759 2644; x_wconf 75' lang='lat'>93</span> <span class='ocrx_word' id='word_1_237' title='bbox 776 2621 823 2651; x_wconf 77' lang='lat' dir='ltr'>r0.)</span> 
     </span>
    </p>
   </div>
   <div class='ocr_carea' id='block_1_14' title="bbox 570 2506 1007 2542">
    <p class='ocr_par' dir='ltr' id='par_1_16' title="bbox 570 2506 1007 2542">
     <span class='ocr_line' id='line_1_39' title="bbox 570 2506 1007 2542; baseline 0.009 -9"><span class='ocrx_word' id='word_1_238' title='bbox 570 2506 701 2541; x_wconf 85' lang='lat' dir='ltr'>Orvieto‚</span> <span class='ocrx_word' id='word_1_239' title='bbox 719 2508 733 2533; x_wconf 84' lang='lat'>5</span> <span class='ocrx_word' id='word_1_240' title='bbox 750 2509 912 2542; x_wconf 78' lang='lat' dir='ltr'>septembre</span> <span class='ocrx_word' id='word_1_241' title='bbox 932 2510 1007 2537; x_wconf 72' lang='lat'>1291.</span> 
     </span>
    </p>
   </div>
   <div class='ocr_carea' id='block_1_15' title="bbox 34 2718 1081 3021">
    <p class='ocr_par' dir='ltr' id='par_1_17' title="bbox 34 2718 1081 2866">
     <span class='ocr_line' id='line_1_40' title="bbox 123 2718 1080 2756; baseline 0.007 -10"><span class='ocrx_word' id='word_1_242' title='bbox 123 2718 290 2747; x_wconf 76' lang='lat' dir='ltr'>Venerabili</span> <span class='ocrx_word' id='word_1_243' title='bbox 307 2719 356 2752; x_wconf 87' lang='lat' dir='ltr'>B.,</span> <span class='ocrx_word' id='word_1_244' title='bbox 379 2719 513 2755; x_wconf 80' lang='lat' dir='ltr'>episcopo</span> <span class='ocrx_word' id='word_1_245' title='bbox 537 2718 745 2756; x_wconf 82' lang='lat' dir='ltr'>Tripolitana,</span> <span class='ocrx_word' id='word_1_246' title='bbox 768 2720 1080 2753; x_wconf 82' lang='lat' dir='ltr'>administrationem</span> 
     </span>
     <span class='ocr_line' id='line_1_41' title="bbox 77 2769 1081 2814; baseline 0.004 -13"><span class='ocrx_word' id='word_1_247' title='bbox 77 2769 229 2801; x_wconf 86' lang='lat' dir='ltr'>ecclesiae</span> <span class='ocrx_word' id='word_1_248' title='bbox 246 2770 514 2808; x_wconf 82' lang='lat' dir='ltr'>Famagustanae‚</span> <span class='ocrx_word' id='word_1_249' title='bbox 531 2779 587 2808; x_wconf 89' lang='lat' dir='ltr'>per</span> <span class='ocrx_word' id='word_1_250' title='bbox 604 2770 726 2799; x_wconf 82' lang='lat' dir='ltr'>obitum</span> <span class='ocrx_word' id='word_1_251' title='bbox 752 2772 903 2811; x_wconf 84' lang='lat' dir='ltr'>Mathaei,</span> <span class='ocrx_word' id='word_1_252' title='bbox 925 2775 979 2813; x_wconf 91' lang='lat' dir='ltr'>qui</span> <span class='ocrx_word' id='word_1_253' title='bbox 997 2776 1081 2814; x_wconf 87' lang='lat' dir='ltr'>apud</span> 
     </span>
     <span class='ocr_line' id='line_1_42' title="bbox 34 2823 940 2866; baseline 0.002 -12"><span class='ocrx_word' id='word_1_254' title='bbox 34 2862 39 2866; x_wconf 32' lang='grc' dir='ltr'>ι</span> <span class='ocrx_word' id='word_1_255' title='bbox 76 2824 183 2854; x_wconf 87' lang='lat' dir='ltr'>sedem</span> <span class='ocrx_word' id='word_1_256' title='bbox 201 2823 407 2862; x_wconf 88' lang='lat' dir='ltr'>apostolicam</span> <span class='ocrx_word' id='word_1_257' title='bbox 427 2823 571 2859; x_wconf 83' lang='lat' dir='ltr'>decessit,</span> <span class='ocrx_word' id='word_1_258' title='bbox 590 2825 741 2860; x_wconf 81' lang='lat' dir='ltr'>vacantis,</span> <span class='ocrx_word' id='word_1_259' title='bbox 759 2827 940 2856; x_wconf 85' lang='lat' dir='ltr'>committit.</span> 
     </span>
    </p>

    <p class='ocr_par' dir='ltr' id='par_1_18' title="bbox 75 2870 1081 2968">
     <span class='ocr_line' id='line_1_43' title="bbox 119 2870 1081 2918; baseline 0.009 -15"><span class='ocrx_word' id='word_1_260' title='bbox 119 2889 133 2904; x_wconf 90' lang='lat'>«</span> <span class='ocrx_word' id='word_1_261' title='bbox 156 2870 354 2906; x_wconf 87' lang='lat' dir='ltr'>Imminente</span> <span class='ocrx_word' id='word_1_262' title='bbox 374 2876 467 2905; x_wconf 88' lang='lat' dir='ltr'>nobis</span> <span class='ocrx_word' id='word_1_263' title='bbox 491 2875 734 2906; x_wconf 84' lang='lat' dir='ltr'>ecclesiarum...</span> <span class='ocrx_word' id='word_1_264' title='bbox 757 2894 797 2900; x_wconf 92' lang='lat'><strong>—</strong></span> <span class='ocrx_word' id='word_1_265' title='bbox 818 2879 890 2909; x_wconf 80' lang='lat' dir='ltr'>Dat.</span> <span class='ocrx_word' id='word_1_266' title='bbox 911 2881 994 2918; x_wconf 87' lang='lat' dir='ltr'>apud</span> <span class='ocrx_word' id='word_1_267' title='bbox 1020 2882 1081 2911; x_wconf 85' lang='lat' dir='ltr'>Ur-</span> 
     </span>
     <span class='ocr_line' id='line_1_44' title="bbox 75 2928 919 2968; baseline -0.001 -8"><span class='ocrx_word' id='word_1_268' title='bbox 75 2930 308 2967; x_wconf 82' lang='lat' dir='ltr'>hemveterem,</span> <span class='ocrx_word' id='word_1_269' title='bbox 327 2929 423 2959; x_wconf 87' lang='lat' dir='ltr'>nonis</span> <span class='ocrx_word' id='word_1_270' title='bbox 438 2928 640 2967; x_wconf 87' lang='lat' dir='ltr'>septembris,</span> <span class='ocrx_word' id='word_1_271' title='bbox 661 2938 746 2959; x_wconf 86' lang='lat' dir='ltr'>anno</span> <span class='ocrx_word' id='word_1_272' title='bbox 763 2936 886 2968; x_wconf 86' lang='lat' dir='ltr'>quarto.</span> <span class='ocrx_word' id='word_1_273' title='bbox 906 2945 919 2959; x_wconf 64' lang='lat'>2&gt;</span> 
     </span>
    </p>

    <p class='ocr_par' dir='ltr' id='par_1_19' title="bbox 116 2981 1081 3021">
     <span class='ocr_line' id='line_1_45' title="bbox 116 2981 1081 3021; baseline 0.004 -9"><span class='ocrx_word' id='word_1_274' title='bbox 116 2983 156 3013; x_wconf 90' lang='lat' dir='ltr'>In</span> <span class='ocrx_word' id='word_1_275' title='bbox 178 2992 205 3012; x_wconf 91' lang='lat' dir='ltr'>e.</span> <span class='ocrx_word' id='word_1_276' title='bbox 228 2991 272 3012; x_wconf 91' lang='lat' dir='ltr'>m.</span> <span class='ocrx_word' id='word_1_277' title='bbox 290 2981 427 3021; x_wconf 84' lang='lat' dir='ltr'>capitulo</span> <span class='ocrx_word' id='word_1_278' title='bbox 445 2981 596 3012; x_wconf 79' lang='lat' dir='ltr'>ecclesiae</span> <span class='ocrx_word' id='word_1_279' title='bbox 619 2982 872 3021; x_wconf 83' lang='lat' dir='ltr'>Famagustanae</span> <span class='ocrx_word' id='word_1_280' title='bbox 892 2986 1023 3016; x_wconf 86' lang='lat' dir='ltr'>mandat</span> <span class='ocrx_word' id='word_1_281' title='bbox 1047 2991 1081 3016; x_wconf 92' lang='lat' dir='ltr'>ut</span> 
     </span>
    </p>
   </div>
   <div class='ocr_carea' id='block_1_16' title="bbox 1164 375 2165 524">
    <p class='ocr_par' dir='ltr' id='par_1_20' title="bbox 1164 375 2165 524">
     <span class='ocr_line' id='line_1_46' title="bbox 1164 375 2165 416; baseline 0.007 -11"><span class='ocrx_word' id='word_1_282' title='bbox 1164 375 1268 405; x_wconf 90' lang='lat' dir='ltr'>eidem</span> <span class='ocrx_word' id='word_1_283' title='bbox 1296 377 1442 416; x_wconf 88' lang='lat' dir='ltr'>episcopo</span> <span class='ocrx_word' id='word_1_284' title='bbox 1473 378 1785 408; x_wconf 85' lang='lat' dir='ltr'>administrationem</span> <span class='ocrx_word' id='word_1_285' title='bbox 1816 380 1976 409; x_wconf 84' lang='lat' dir='ltr'>exercenti</span> <span class='ocrx_word' id='word_1_286' title='bbox 2008 382 2165 412; x_wconf 87' lang='lat' dir='ltr'>obediant.</span> 
     </span>
     <span class='ocr_line' id='line_1_47' title="bbox 1204 430 2103 471; baseline 0.007 -13"><span class='ocrx_word' id='word_1_287' title='bbox 1204 430 1241 458; x_wconf 92' lang='lat' dir='ltr'>In</span> <span class='ocrx_word' id='word_1_288' title='bbox 1259 439 1285 459; x_wconf 91' lang='lat' dir='ltr'>e.</span> <span class='ocrx_word' id='word_1_289' title='bbox 1304 439 1346 459; x_wconf 88' lang='lat' dir='ltr'>m.</span> <span class='ocrx_word' id='word_1_290' title='bbox 1365 430 1449 461; x_wconf 90' lang='lat' dir='ltr'>clero</span> <span class='ocrx_word' id='word_1_291' title='bbox 1467 432 1604 461; x_wconf 83' lang='lat' dir='ltr'>civitatis</span> <span class='ocrx_word' id='word_1_292' title='bbox 1623 435 1652 461; x_wconf 84' lang='lat' dir='ltr'>et</span> <span class='ocrx_word' id='word_1_293' title='bbox 1667 431 1820 462; x_wconf 85' lang='lat' dir='ltr'>dioecesis</span> <span class='ocrx_word' id='word_1_294' title='bbox 1839 433 2103 471; x_wconf 82' lang='lat' dir='ltr'>Famagustanae.</span> 
     </span>
     <span class='ocr_line' id='line_1_48' title="bbox 1204 482 2125 524; baseline 0.007 -13"><span class='ocrx_word' id='word_1_295' title='bbox 1204 482 1240 511; x_wconf 89' lang='lat' dir='ltr'>In</span> <span class='ocrx_word' id='word_1_296' title='bbox 1257 491 1284 512; x_wconf 85' lang='lat' dir='ltr'>e.</span> <span class='ocrx_word' id='word_1_297' title='bbox 1304 492 1347 512; x_wconf 90' lang='lat' dir='ltr'>m.</span> <span class='ocrx_word' id='word_1_298' title='bbox 1366 484 1478 522; x_wconf 89' lang='lat' dir='ltr'>populo</span> <span class='ocrx_word' id='word_1_299' title='bbox 1494 485 1629 514; x_wconf 82' lang='lat' dir='ltr'>civitatis</span> <span class='ocrx_word' id='word_1_300' title='bbox 1646 489 1676 514; x_wconf 88' lang='lat' dir='ltr'>et</span> <span class='ocrx_word' id='word_1_301' title='bbox 1690 485 1844 514; x_wconf 84' lang='lat' dir='ltr'>dioecesis</span> <span class='ocrx_word' id='word_1_302' title='bbox 1861 486 2125 524; x_wconf 80' lang='lat' dir='ltr'>Famagustanae.</span> 
     </span>
    </p>
   </div>
   <div class='ocr_carea' id='block_1_17' title="bbox 1165 535 2168 619">
    <p class='ocr_par' dir='ltr' id='par_1_21' title="bbox 1165 535 2168 619">
     <span class='ocr_line' id='line_1_49' title="bbox 1204 535 2168 576; baseline 0.007 -13"><span class='ocrx_word' id='word_1_303' title='bbox 1204 535 1241 564; x_wconf 93' lang='lat' dir='ltr'>In</span> <span class='ocrx_word' id='word_1_304' title='bbox 1263 545 1290 564; x_wconf 88' lang='lat' dir='ltr'>e.</span> <span class='ocrx_word' id='word_1_305' title='bbox 1311 545 1354 565; x_wconf 89' lang='lat' dir='ltr'>m.</span> <span class='ocrx_word' id='word_1_306' title='bbox 1381 559 1400 566; x_wconf 93' lang='lat'>..</span> <span class='ocrx_word' id='word_1_307' title='bbox 1424 546 1531 574; x_wconf 85' lang='lat' dir='ltr'>regem</span> <span class='ocrx_word' id='word_1_308' title='bbox 1550 537 1646 576; x_wconf 84' lang='lat' dir='ltr'>Cypri</span> <span class='ocrx_word' id='word_1_309' title='bbox 1669 537 1814 568; x_wconf 85' lang='lat' dir='ltr'>hortatur</span> <span class='ocrx_word' id='word_1_310' title='bbox 1836 543 1868 568; x_wconf 88' lang='lat' dir='ltr'>nt</span> <span class='ocrx_word' id='word_1_311' title='bbox 1889 539 1991 569; x_wconf 88' lang='lat' dir='ltr'>eidem</span> <span class='ocrx_word' id='word_1_312' title='bbox 2009 540 2168 570; x_wconf 85' lang='lat' dir='ltr'>adminis-</span> 
     </span>
     <span class='ocr_line' id='line_1_50' title="bbox 1165 588 1587 619; baseline 0.007 -3"><span class='ocrx_word' id='word_1_313' title='bbox 1165 588 1273 617; x_wconf 79' lang='lat' dir='ltr'>tratori</span> <span class='ocrx_word' id='word_1_314' title='bbox 1291 589 1436 619; x_wconf 87' lang='lat' dir='ltr'>assistere</span> <span class='ocrx_word' id='word_1_315' title='bbox 1455 589 1587 619; x_wconf 86' lang='lat' dir='ltr'>studeat.</span> 
     </span>
    </p>
   </div>
   <div class='ocr_carea' id='block_1_18' title="bbox 1234 746 1353 774">
    <p class='ocr_par' dir='ltr' id='par_1_22' title="bbox 1234 746 1353 774">
     <span class='ocr_line' id='line_1_51' title="bbox 1234 746 1353 774; baseline 0.017 -2"><span class='ocrx_word' id='word_1_316' title='bbox 1234 746 1353 774; x_wconf 71' lang='lat'>5973</span> 
     </span>
    </p>
   </div>
   <div class='ocr_carea' id='block_1_19' title="bbox 1199 809 2167 849">
    <p class='ocr_par' dir='ltr' id='par_1_23' title="bbox 1199 809 2167 849">
     <span class='ocr_line' id='line_1_52' title="bbox 1199 809 2167 849; baseline 0.01 -15"><span class='ocrx_word' id='word_1_317' title='bbox 1199 809 1383 844; x_wconf 75' lang='lat' dir='ltr'>Dispensatio</span> <span class='ocrx_word' id='word_1_318' title='bbox 1399 818 1486 844; x_wconf 83' lang='lat' dir='ltr'>super</span> <span class='ocrx_word' id='word_1_319' title='bbox 1503 810 1615 837; x_wconf 81' lang='lat' dir='ltr'>defectu</span> <span class='ocrx_word' id='word_1_320' title='bbox 1631 813 1743 839; x_wconf 84' lang='lat' dir='ltr'>aetatis.</span> <span class='ocrx_word' id='word_1_321' title='bbox 1761 812 1844 845; x_wconf 70' lang='lat' dir='ltr'>(Rea.</span> <span class='ocrx_word' id='word_1_322' title='bbox 1862 814 1904 845; x_wconf 81' lang='lat'>46,</span> <span class='ocrx_word' id='word_1_323' title='bbox 1922 822 1947 841; x_wconf 84' lang='lat' dir='ltr'>e.</span> <span class='ocrx_word' id='word_1_324' title='bbox 1966 816 2026 846; x_wconf 86' lang='lat'>474,</span> <span class='ocrx_word' id='word_1_325' title='bbox 2038 816 2058 843; x_wconf 84' lang='lat' dir='ltr'>f.</span> <span class='ocrx_word' id='word_1_326' title='bbox 2071 816 2104 843; x_wconf 73' lang='lat'>93</span> <span class='ocrx_word' id='word_1_327' title='bbox 2120 818 2167 849; x_wconf 88' lang='lat' dir='ltr'>r⁰.)</span> 
     </span>
    </p>
   </div>
   <div class='ocr_carea' id='block_1_20' title="bbox 1662 749 2095 784">
    <p class='ocr_par' dir='ltr' id='par_1_24' title="bbox 1662 749 2095 784">
     <span class='ocr_line' id='line_1_53' title="bbox 1662 749 2095 784; baseline 0.009 -10"><span class='ocrx_word' id='word_1_328' title='bbox 1662 749 1788 780; x_wconf 85' lang='lat' dir='ltr'>Orvieto,</span> <span class='ocrx_word' id='word_1_329' title='bbox 1806 750 1820 775; x_wconf 70' lang='grc' dir='ltr'>ἱ)</span> <span class='ocrx_word' id='word_1_330' title='bbox 1838 751 2000 784; x_wconf 85' lang='lat' dir='ltr'>septembre</span> <span class='ocrx_word' id='word_1_331' title='bbox 2018 752 2095 778; x_wconf 69' lang='lat'>1⁵:91.</span> 
     </span>
    </p>
   </div>
   <div class='ocr_carea' id='block_1_21' title="bbox 1163 912 2169 1429">
    <p class='ocr_par' dir='ltr' id='par_1_25' title="bbox 1163 912 2169 1320">
     <span class='ocr_line' id='line_1_54' title="bbox 1204 912 2169 952; baseline 0.008 -13"><span class='ocrx_word' id='word_1_332' title='bbox 1204 912 1349 945; x_wconf 68' lang='lat' dir='ltr'>(luidoni,</span> <span class='ocrx_word' id='word_1_333' title='bbox 1368 917 1440 940; x_wconf 51' lang='lat' dir='ltr'>‘nato</span> <span class='ocrx_word' id='word_1_334' title='bbox 1460 912 1561 941; x_wconf 74' lang='lat' dir='ltr'>dilecti</span> <span class='ocrx_word' id='word_1_335' title='bbox 1576 913 1637 949; x_wconf 72' lang='lat' dir='ltr'>ficii</span> <span class='ocrx_word' id='word_1_336' title='bbox 1656 914 1766 942; x_wconf 77' lang='lat' dir='ltr'>nobilis</span> <span class='ocrx_word' id='word_1_337' title='bbox 1786 915 1847 943; x_wconf 76' lang='lat' dir='ltr'>viri</span> <span class='ocrx_word' id='word_1_338' title='bbox 1864 916 1977 952; x_wconf 76' lang='lat' dir='ltr'>Narcii,</span> <span class='ocrx_word' id='word_1_339' title='bbox 2000 919 2119 947; x_wconf 80' lang='lat' dir='ltr'>comilis</span> <span class='ocrx_word' id='word_1_340' title='bbox 2135 920 2169 947; x_wconf 79' lang='lat' dir='ltr'>de</span> 
     </span>
     <span class='ocr_line' id='line_1_55' title="bbox 1163 964 2165 1006; baseline 0.007 -14"><span class='ocrx_word' id='word_1_341' title='bbox 1163 964 1315 999; x_wconf 83' lang='lat' dir='ltr'>Marsano,</span> <span class='ocrx_word' id='word_1_342' title='bbox 1332 965 1436 994; x_wconf 75' lang='lat' dir='ltr'>Sancti</span> <span class='ocrx_word' id='word_1_343' title='bbox 1452 965 1560 993; x_wconf 80' lang='lat' dir='ltr'>Donati</span> <span class='ocrx_word' id='word_1_344' title='bbox 1576 967 1696 994; x_wconf 73' lang='lat' dir='ltr'>Arelfne</span> <span class='ocrx_word' id='word_1_345' title='bbox 1713 972 1738 995; x_wconf 79' lang='lat' dir='ltr'>et</span> <span class='ocrx_word' id='word_1_346' title='bbox 1753 967 1858 995; x_wconf 76' lang='lat' dir='ltr'>Sancti</span> <span class='ocrx_word' id='word_1_347' title='bbox 1872 968 2020 998; x_wconf 72' lang='lat' dir='ltr'>Jolzcmnis</span> <span class='ocrx_word' id='word_1_348' title='bbox 2035 971 2165 1006; x_wconf 68' lang='lat' dir='ltr'>ejusdem</span> 
     </span>
     <span class='ocr_line' id='line_1_56' title="bbox 1165 1016 2167 1053; baseline 0.007 -8"><span class='ocrx_word' id='word_1_349' title='bbox 1165 1016 1232 1051; x_wconf 78' lang='lat' dir='ltr'>loci,</span> <span class='ocrx_word' id='word_1_350' title='bbox 1252 1017 1397 1046; x_wconf 72' lang='lat' dir='ltr'>Perusiae</span> <span class='ocrx_word' id='word_1_351' title='bbox 1412 1018 1548 1053; x_wconf 62' lang='lat' dir='ltr'>diocesis,</span> <span class='ocrx_word' id='word_1_352' title='bbox 1566 1020 1760 1047; x_wconf 75' lang='lat' dir='ltr'>ecclesiarum</span> <span class='ocrx_word' id='word_1_353' title='bbox 1778 1022 1931 1049; x_wconf 80' lang='lat' dir='ltr'>canonico.</span> <span class='ocrx_word' id='word_1_354' title='bbox 1948 1021 2027 1050; x_wconf 89' lang='lat' dir='ltr'>Cum</span> <span class='ocrx_word' id='word_1_355' title='bbox 2045 1031 2081 1052; x_wconf 85' lang='lat' dir='ltr'>eo</span> <span class='ocrx_word' id='word_1_356' title='bbox 2100 1023 2167 1052; x_wconf 87' lang='lat' dir='ltr'>dis-</span> 
     </span>
     <span class='ocr_line' id='line_1_57' title="bbox 1164 1070 2167 1113; baseline 0.008 -16"><span class='ocrx_word' id='word_1_357' title='bbox 1164 1074 1275 1107; x_wconf 87' lang='lat' dir='ltr'>pensat</span> <span class='ocrx_word' id='word_1_358' title='bbox 1291 1075 1341 1103; x_wconf 80' lang='lat' dir='ltr'>ut,</span> <span class='ocrx_word' id='word_1_359' title='bbox 1368 1079 1432 1099; x_wconf 87' lang='lat' dir='ltr'>non</span> <span class='ocrx_word' id='word_1_360' title='bbox 1460 1070 1604 1100; x_wconf 85' lang='lat' dir='ltr'>obstante</span> <span class='ocrx_word' id='word_1_361' title='bbox 1628 1071 1750 1101; x_wconf 78' lang='lat' dir='ltr'>defectu</span> <span class='ocrx_word' id='word_1_362' title='bbox 1778 1073 1888 1101; x_wconf 88' lang='lat' dir='ltr'>aetatis</span> <span class='ocrx_word' id='word_1_363' title='bbox 1915 1083 2009 1112; x_wconf 76' lang='lat' dir='ltr'>quem</span> <span class='ocrx_word' id='word_1_364' title='bbox 2040 1076 2167 1113; x_wconf 86' lang='lat' dir='ltr'>patitur,</span> 
     </span>
     <span class='ocr_line' id='line_1_58' title="bbox 1164 1122 2168 1166; baseline 0.007 -15"><span class='ocrx_word' id='word_1_365' title='bbox 1164 1122 1355 1152; x_wconf 77' lang='lat' dir='ltr'>beneficium</span> <span class='ocrx_word' id='word_1_366' title='bbox 1393 1123 1443 1153; x_wconf 87' lang='lat' dir='ltr'>vel</span> <span class='ocrx_word' id='word_1_367' title='bbox 1472 1129 1675 1161; x_wconf 87' lang='lat' dir='ltr'>personatum</span> <span class='ocrx_word' id='word_1_368' title='bbox 1712 1125 1779 1154; x_wconf 86' lang='lat' dir='ltr'>sive</span> <span class='ocrx_word' id='word_1_369' title='bbox 1810 1125 2000 1163; x_wconf 77' lang='lat' dir='ltr'>dignitatem</span> <span class='ocrx_word' id='word_1_370' title='bbox 2028 1129 2168 1166; x_wconf 82' lang='lat' dir='ltr'>recipere</span> 
     </span>
     <span class='ocr_line' id='line_1_59' title="bbox 1163 1176 2164 1216; baseline 0.006 -12"><span class='ocrx_word' id='word_1_371' title='bbox 1163 1176 1271 1213; x_wconf 87' lang='lat' dir='ltr'>possit,</span> <span class='ocrx_word' id='word_1_372' title='bbox 1288 1176 1470 1211; x_wconf 86' lang='lat' dir='ltr'>dummodo,</span> <span class='ocrx_word' id='word_1_373' title='bbox 1488 1181 1650 1215; x_wconf 77' lang='lat' dir='ltr'>postquam</span> <span class='ocrx_word' id='word_1_374' title='bbox 1669 1177 1852 1216; x_wconf 86' lang='lat' dir='ltr'>hujusmodi</span> <span class='ocrx_word' id='word_1_375' title='bbox 1868 1179 2061 1209; x_wconf 79' lang='lat' dir='ltr'>beneficium</span> <span class='ocrx_word' id='word_1_376' title='bbox 2077 1190 2164 1211; x_wconf 87' lang='lat' dir='ltr'>asse-</span> 
     </span>
     <span class='ocr_line' id='line_1_60' title="bbox 1163 1229 2168 1269; baseline 0.005 -11"><span class='ocrx_word' id='word_1_377' title='bbox 1163 1233 1255 1258; x_wconf 84' lang='lat' dir='ltr'>cutus</span> <span class='ocrx_word' id='word_1_378' title='bbox 1280 1229 1390 1264; x_wconf 78' lang='lat' dir='ltr'>fuerit,</span> <span class='ocrx_word' id='word_1_379' title='bbox 1417 1239 1450 1259; x_wconf 87' lang='lat' dir='ltr'>se</span> <span class='ocrx_word' id='word_1_380' title='bbox 1475 1231 1598 1259; x_wconf 83' lang='lat' dir='ltr'>statutis</span> <span class='ocrx_word' id='word_1_381' title='bbox 1623 1230 1819 1269; x_wconf 86' lang='lat' dir='ltr'>temporibus</span> <span class='ocrx_word' id='word_1_382' title='bbox 1842 1232 1880 1261; x_wconf 86' lang='lat' dir='ltr'>ad</span> <span class='ocrx_word' id='word_1_383' title='bbox 1907 1241 2011 1262; x_wconf 87' lang='lat' dir='ltr'>sacros</span> <span class='ocrx_word' id='word_1_384' title='bbox 2039 1233 2168 1263; x_wconf 88' lang='lat' dir='ltr'>ordines</span> 
     </span>
     <span class='ocr_line' id='line_1_61' title="bbox 1164 1283 1462 1320; baseline 0.007 -10"><span class='ocrx_word' id='word_1_385' title='bbox 1164 1284 1342 1320; x_wconf 78' lang='lat' dir='ltr'>promoveri</span> <span class='ocrx_word' id='word_1_386' title='bbox 1359 1283 1462 1312; x_wconf 81' lang='lat' dir='ltr'>faciat.</span> 
     </span>
    </p>

    <p class='ocr_par' dir='ltr' id='par_1_26' title="bbox 1164 1335 2167 1429">
     <span class='ocr_line' id='line_1_62' title="bbox 1206 1335 2167 1377; baseline 0.007 -14"><span class='ocrx_word' id='word_1_387' title='bbox 1206 1346 1218 1361; x_wconf 74' lang='lat' dir='ltr'>u</span> <span class='ocrx_word' id='word_1_388' title='bbox 1243 1335 1425 1374; x_wconf 83' lang='lat' dir='ltr'>Apostolice</span> <span class='ocrx_word' id='word_1_389' title='bbox 1442 1336 1526 1366; x_wconf 80' lang='lat' dir='ltr'>sedis</span> <span class='ocrx_word' id='word_1_390' title='bbox 1542 1337 1762 1374; x_wconf 81' lang='lat' dir='ltr'>benignitas...</span> <span class='ocrx_word' id='word_1_391' title='bbox 1783 1354 1822 1358; x_wconf 93' lang='lat'>-—</span> <span class='ocrx_word' id='word_1_392' title='bbox 1841 1338 1910 1367; x_wconf 84' lang='lat' dir='ltr'>Dat.</span> <span class='ocrx_word' id='word_1_393' title='bbox 1925 1339 2008 1377; x_wconf 90' lang='lat' dir='ltr'>apud</span> <span class='ocrx_word' id='word_1_394' title='bbox 2027 1340 2167 1370; x_wconf 89' lang='lat' dir='ltr'>Urbem-</span> 
     </span>
     <span class='ocr_line' id='line_1_63' title="bbox 1164 1390 1985 1429; baseline 0.004 -13"><span class='ocrx_word' id='word_1_395' title='bbox 1164 1393 1313 1424; x_wconf 76' lang='lat' dir='ltr'>veterem,</span> <span class='ocrx_word' id='word_1_396' title='bbox 1335 1398 1380 1418; x_wconf 88' lang='lat'>1111</span> <span class='ocrx_word' id='word_1_397' title='bbox 1396 1398 1497 1419; x_wconf 88' lang='lat' dir='ltr'>nonas</span> <span class='ocrx_word' id='word_1_398' title='bbox 1513 1391 1710 1428; x_wconf 74' lang='lat' dir='ltr'>septembris,</span> <span class='ocrx_word' id='word_1_399' title='bbox 1729 1390 1814 1421; x_wconf 81' lang='lat' dir='ltr'>anno</span> <span class='ocrx_word' id='word_1_400' title='bbox 1829 1397 1951 1429; x_wconf 86' lang='lat' dir='ltr'>quarto.</span> <span class='ocrx_word' id='word_1_401' title='bbox 1972 1405 1985 1419; x_wconf 71' lang='grc' dir='ltr'>ι)</span> 
     </span>
    </p>
   </div>
   <div class='ocr_carea' id='block_1_22' title="bbox 1233 1547 1352 1575">
    <p class='ocr_par' dir='ltr' id='par_1_27' title="bbox 1233 1547 1352 1575">
     <span class='ocr_line' id='line_1_64' title="bbox 1233 1547 1352 1575; baseline 0 0"><span class='ocrx_word' id='word_1_402' title='bbox 1233 1547 1352 1575; x_wconf 64' lang='grc'>5974</span> 
     </span>
    </p>
   </div>
   <div class='ocr_carea' id='block_1_23' title="bbox 1166 1608 2167 1691">
    <p class='ocr_par' dir='ltr' id='par_1_28' title="bbox 1166 1608 2167 1691">
     <span class='ocr_line' id='line_1_65' title="bbox 1199 1608 2167 1644; baseline 0.006 -10"><span class='ocrx_word' id='word_1_403' title='bbox 1199 1608 1330 1635; x_wconf 83' lang='lat' dir='ltr'>Facultas</span> <span class='ocrx_word' id='word_1_404' title='bbox 1355 1609 1518 1635; x_wconf 81' lang='lat' dir='ltr'>conferendi</span> <span class='ocrx_word' id='word_1_405' title='bbox 1541 1610 1633 1636; x_wconf 86' lang='lat' dir='ltr'>tribus</span> <span class='ocrx_word' id='word_1_406' title='bbox 1657 1612 1788 1644; x_wconf 81' lang='lat' dir='ltr'>personis</span> <span class='ocrx_word' id='word_1_407' title='bbox 1812 1612 2011 1639; x_wconf 81' lang='lat' dir='ltr'>tabellionatus</span> <span class='ocrx_word' id='word_1_408' title='bbox 2034 1613 2167 1640; x_wconf 85' lang='lat' dir='ltr'>officium.</span> 
     </span>
     <span class='ocr_line' id='line_1_66' title="bbox 1166 1657 1581 1691; baseline 0.002 -7"><span class='ocrx_word' id='word_1_409' title='bbox 1166 1657 1246 1688; x_wconf 58' lang='lat' dir='ltr'>&lt;Rea</span> <span class='ocrx_word' id='word_1_410' title='bbox 1265 1658 1306 1688; x_wconf 77' lang='lat' dir='ltr'>4ti,</span> <span class='ocrx_word' id='word_1_411' title='bbox 1324 1666 1349 1684; x_wconf 84' lang='lat' dir='ltr'>c.</span> <span class='ocrx_word' id='word_1_412' title='bbox 1368 1658 1581 1691; x_wconf 67' lang='lat' dir='ltr'>475,f.931·0.›</span> 
     </span>
    </p>
   </div>
   <div class='ocr_carea' id='block_1_24' title="bbox 1648 1548 2097 1584">
    <p class='ocr_par' dir='ltr' id='par_1_29' title="bbox 1648 1548 2097 1584">
     <span class='ocr_line' id='line_1_67' title="bbox 1648 1548 2097 1584; baseline 0.009 -10"><span class='ocrx_word' id='word_1_413' title='bbox 1648 1548 1774 1583; x_wconf 75' lang='lat' dir='ltr'>Orvieto,</span> <span class='ocrx_word' id='word_1_414' title='bbox 1794 1550 1823 1576; x_wconf 83' lang='lat'>13</span> <span class='ocrx_word' id='word_1_415' title='bbox 1840 1551 2003 1584; x_wconf 82' lang='lat' dir='ltr'>septembre</span> <span class='ocrx_word' id='word_1_416' title='bbox 2023 1551 2097 1578; x_wconf 65' lang='lat'>1291.</span> 
     </span>
    </p>
   </div>
   <div class='ocr_carea' id='block_1_25' title="bbox 1162 1760 2164 1906">
    <p class='ocr_par' dir='ltr' id='par_1_30' title="bbox 1162 1760 2164 1906">
     <span class='ocr_line' id='line_1_68' title="bbox 1203 1760 1630 1798; baseline 0.005 -10"><span class='ocrx_word' id='word_1_417' title='bbox 1203 1760 1298 1796; x_wconf 79' lang='lat' dir='ltr'>Petro,</span> <span class='ocrx_word' id='word_1_418' title='bbox 1317 1762 1450 1798; x_wconf 79' lang='lat' dir='ltr'>episcopa</span> <span class='ocrx_word' id='word_1_419' title='bbox 1462 1761 1630 1797; x_wconf 70' lang='lat' dir='ltr'>Bajocensi.</span> 
     </span>
     <span class='ocr_line' id='line_1_69' title="bbox 1205 1813 2164 1854; baseline 0.004 -13"><span class='ocrx_word' id='word_1_420' title='bbox 1205 1826 1218 1839; x_wconf 90' lang='lat'>«</span> <span class='ocrx_word' id='word_1_421' title='bbox 1236 1813 1387 1843; x_wconf 88' lang='lat' dir='ltr'>Volentes</span> <span class='ocrx_word' id='word_1_422' title='bbox 1403 1818 1488 1842; x_wconf 85' lang='lat' dir='ltr'>tuam</span> <span class='ocrx_word' id='word_1_423' title='bbox 1505 1813 1699 1843; x_wconf 84' lang='lat' dir='ltr'>honorare...</span> <span class='ocrx_word' id='word_1_424' title='bbox 1717 1831 1756 1836; x_wconf 81' lang='lat'>—</span> <span class='ocrx_word' id='word_1_425' title='bbox 1770 1815 1839 1844; x_wconf 89' lang='lat' dir='ltr'>Dat.</span> <span class='ocrx_word' id='word_1_426' title='bbox 1857 1816 1940 1854; x_wconf 85' lang='lat' dir='ltr'>apud</span> <span class='ocrx_word' id='word_1_427' title='bbox 1958 1816 2164 1846; x_wconf 85' lang='lat' dir='ltr'>Urbemvete-</span> 
     </span>
     <span class='ocr_line' id='line_1_70' title="bbox 1162 1867 1869 1906; baseline -0.001 -10"><span class='ocrx_word' id='word_1_428' title='bbox 1162 1876 1247 1903; x_wconf 87' lang='lat' dir='ltr'>rem,</span> <span class='ocrx_word' id='word_1_429' title='bbox 1267 1867 1374 1896; x_wconf 87' lang='lat' dir='ltr'>idibus</span> <span class='ocrx_word' id='word_1_430' title='bbox 1391 1867 1592 1905; x_wconf 85' lang='lat' dir='ltr'>septembris,</span> <span class='ocrx_word' id='word_1_431' title='bbox 1610 1877 1695 1897; x_wconf 84' lang='lat' dir='ltr'>anno</span> <span class='ocrx_word' id='word_1_432' title='bbox 1712 1874 1834 1906; x_wconf 83' lang='lat' dir='ltr'>quarto.</span> <span class='ocrx_word' id='word_1_433' title='bbox 1855 1881 1869 1895; x_wconf 63' lang='lat' dir='ltr'>n</span> 
     </span>
    </p>
   </div>
   <div class='ocr_carea' id='block_1_26' title="bbox 1232 2026 1350 2055">
    <p class='ocr_par' dir='ltr' id='par_1_31' title="bbox 1232 2026 1350 2055">
     <span class='ocr_line' id='line_1_71' title="bbox 1232 2026 1350 2055; baseline -0.008 0"><span class='ocrx_word' id='word_1_434' title='bbox 1232 2026 1350 2055; x_wconf 68' lang='lat'>5375</span> 
     </span>
    </p>
   </div>
   <div class='ocr_carea' id='block_1_27' title="bbox 1198 2086 2011 2123">
    <p class='ocr_par' dir='ltr' id='par_1_32' title="bbox 1198 2086 2011 2123">
     <span class='ocr_line' id='line_1_72' title="bbox 1198 2086 2011 2123; baseline -0.001 -8"><span class='ocrx_word' id='word_1_435' title='bbox 1198 2088 1382 2123; x_wconf 81' lang='lat' dir='ltr'>Dispensatio</span> <span class='ocrx_word' id='word_1_436' title='bbox 1399 2088 1580 2114; x_wconf 88' lang='lat' dir='ltr'>matrimonii.</span> <span class='ocrx_word' id='word_1_437' title='bbox 1599 2086 1681 2119; x_wconf 70' lang='lat' dir='ltr'>(Rea.</span> <span class='ocrx_word' id='word_1_438' title='bbox 1700 2087 1742 2119; x_wconf 70' lang='lat' dir='ltr'>liti,</span> <span class='ocrx_word' id='word_1_439' title='bbox 1761 2095 1786 2113; x_wconf 93' lang='lat' dir='ltr'>c.</span> <span class='ocrx_word' id='word_1_440' title='bbox 1804 2088 1863 2117; x_wconf 86' lang='lat'>476,</span> <span class='ocrx_word' id='word_1_441' title='bbox 1880 2088 1899 2114; x_wconf 80' lang='lat' dir='ltr'>f.</span> <span class='ocrx_word' id='word_1_442' title='bbox 1915 2088 1948 2114; x_wconf 81' lang='lat'>93</span> <span class='ocrx_word' id='word_1_443' title='bbox 1965 2093 2011 2119; x_wconf 80' lang='lat' dir='ltr'>r0.)</span> 
     </span>
    </p>
   </div>
   <div class='ocr_carea' id='block_1_28' title="bbox 1659 2025 2091 2060">
    <p class='ocr_par' dir='ltr' id='par_1_33' title="bbox 1659 2025 2091 2060">
     <span class='ocr_line' id='line_1_73' title="bbox 1659 2025 2091 2060; baseline 0.005 -10"><span class='ocrx_word' id='word_1_444' title='bbox 1659 2025 1784 2056; x_wconf 73' lang='lat' dir='ltr'>orvieto,</span> <span class='ocrx_word' id='word_1_445' title='bbox 1800 2026 1818 2052; x_wconf 72' lang='lat'>3</span> <span class='ocrx_word' id='word_1_446' title='bbox 1834 2026 1996 2060; x_wconf 83' lang='lat' dir='ltr'>septembre</span> <span class='ocrx_word' id='word_1_447' title='bbox 2015 2026 2091 2052; x_wconf 68' lang='lat'>¹291.</span> 
     </span>
    </p>
   </div>
   <div class='ocr_carea' id='block_1_29' title="bbox 1203 2189 2164 2226">
    <p class='ocr_par' dir='ltr' id='par_1_34' title="bbox 1203 2189 2164 2226">
     <span class='ocr_line' id='line_1_74' title="bbox 1203 2189 2164 2226; baseline -0.002 -5"><span class='ocrx_word' id='word_1_448' title='bbox 1203 2215 1224 2222; x_wconf 90' lang='lat'>..</span> <span class='ocrx_word' id='word_1_449' title='bbox 1243 2192 1354 2220; x_wconf 77' lang='lat' dir='ltr'>decano</span> <span class='ocrx_word' id='word_1_450' title='bbox 1370 2191 1486 2219; x_wconf 76' lang='lat' dir='ltr'>ecclesie</span> <span class='ocrx_word' id='word_1_451' title='bbox 1500 2189 1658 2226; x_wconf 77' lang='lat' dir='ltr'>Ispalensis</span> <span class='ocrx_word' id='word_1_452' title='bbox 1675 2189 1804 2218; x_wconf 84' lang='lat' dir='ltr'>mandat</span> <span class='ocrx_word' id='word_1_453' title='bbox 1819 2193 1938 2218; x_wconf 78' lang='lat' dir='ltr'>ntcum</span> <span class='ocrx_word' id='word_1_454' title='bbox 1959 2190 2052 2218; x_wconf 84' lang='lat' dir='ltr'>Petro</span> <span class='ocrx_word' id='word_1_455' title='bbox 2069 2190 2164 2219; x_wconf 90' lang='lat' dir='ltr'>Gun-</span> 
     </span>
    </p>
   </div>
   <div class='ocr_carea' id='block_1_30' title="bbox 1114 2241 2162 2277">
    <p class='ocr_par' dir='ltr' id='par_1_35' title="bbox 1114 2241 2162 2277">
     <span class='ocr_line' id='line_1_75' title="bbox 1114 2241 2162 2277; baseline -0.001 -4"><span class='ocrx_word' id='word_1_456' title='bbox 1114 2258 1116 2261; x_wconf 41' lang='lat' dir='ltr'>v</span> <span class='ocrx_word' id='word_1_457' title='bbox 1161 2244 1276 2273; x_wconf 80' lang='lat' dir='ltr'>disalvi</span> <span class='ocrx_word' id='word_1_458' title='bbox 1294 2244 1376 2272; x_wconf 78' lang='lat' dir='ltr'>dicto</span> <span class='ocrx_word' id='word_1_459' title='bbox 1394 2242 1592 2277; x_wconf 84' lang='lat' dir='ltr'>Cainenone,</span> <span class='ocrx_word' id='word_1_460' title='bbox 1613 2241 1731 2277; x_wconf 86' lang='lat' dir='ltr'>milite,</span> <span class='ocrx_word' id='word_1_461' title='bbox 1756 2247 1786 2270; x_wconf 90' lang='lat' dir='ltr'>et</span> <span class='ocrx_word' id='word_1_462' title='bbox 1811 2242 1913 2271; x_wconf 88' lang='lat' dir='ltr'>nobili</span> <span class='ocrx_word' id='word_1_463' title='bbox 1939 2242 2075 2272; x_wconf 86' lang='lat' dir='ltr'>muliere</span> <span class='ocrx_word' id='word_1_464' title='bbox 2101 2242 2162 2273; x_wconf 90' lang='lat' dir='ltr'>Co-</span> 
     </span>
    </p>
   </div>
   <div class='ocr_carea' id='block_1_31' title="bbox 1161 2294 2166 2651">
    <p class='ocr_par' dir='ltr' id='par_1_36' title="bbox 1161 2294 2166 2544">
     <span class='ocr_line' id='line_1_76' title="bbox 1161 2294 2163 2333; baseline -0.003 -6"><span class='ocrx_word' id='word_1_465' title='bbox 1161 2297 1271 2327; x_wconf 85' lang='lat' dir='ltr'>lumba</span> <span class='ocrx_word' id='word_1_466' title='bbox 1306 2296 1435 2330; x_wconf 81' lang='lat' dir='ltr'>Didaei,</span> <span class='ocrx_word' id='word_1_467' title='bbox 1469 2294 1641 2333; x_wconf 81' lang='lat' dir='ltr'>Ispalensis</span> <span class='ocrx_word' id='word_1_468' title='bbox 1672 2294 1840 2329; x_wconf 85' lang='lat' dir='ltr'>dioecesis,</span> <span class='ocrx_word' id='word_1_469' title='bbox 1874 2295 2034 2333; x_wconf 82' lang='lat' dir='ltr'>dispenset</span> <span class='ocrx_word' id='word_1_470' title='bbox 2066 2298 2099 2324; x_wconf 82' lang='lat' dir='ltr'>ut</span> <span class='ocrx_word' id='word_1_471' title='bbox 2129 2296 2163 2325; x_wconf 90' lang='lat' dir='ltr'>in</span> 
     </span>
     <span class='ocr_line' id='line_1_77' title="bbox 1161 2348 2163 2387; baseline -0.001 -8"><span class='ocrx_word' id='word_1_472' title='bbox 1161 2349 1365 2379; x_wconf 82' lang='lat' dir='ltr'>matrimonio</span> <span class='ocrx_word' id='word_1_473' title='bbox 1380 2348 1463 2387; x_wconf 87' lang='lat' dir='ltr'>quod</span> <span class='ocrx_word' id='word_1_474' title='bbox 1478 2348 1572 2383; x_wconf 85' lang='lat' dir='ltr'>olim,</span> <span class='ocrx_word' id='word_1_475' title='bbox 1591 2348 1774 2385; x_wconf 81' lang='lat' dir='ltr'>ignorantes</span> <span class='ocrx_word' id='word_1_476' title='bbox 1790 2348 2057 2386; x_wconf 86' lang='lat' dir='ltr'>impedimentum</span> <span class='ocrx_word' id='word_1_477' title='bbox 2079 2358 2163 2384; x_wconf 87' lang='lat' dir='ltr'>esse,</span> 
     </span>
     <span class='ocr_line' id='line_1_78' title="bbox 1162 2400 2166 2439; baseline -0.002 -7"><span class='ocrx_word' id='word_1_478' title='bbox 1162 2407 1387 2433; x_wconf 80' lang='lat' dir='ltr'>contraxerunt</span> <span class='ocrx_word' id='word_1_479' title='bbox 1415 2406 1445 2430; x_wconf 85' lang='lat' dir='ltr'>et</span> <span class='ocrx_word' id='word_1_480' title='bbox 1468 2402 1502 2430; x_wconf 86' lang='lat' dir='ltr'>in</span> <span class='ocrx_word' id='word_1_481' title='bbox 1530 2409 1593 2439; x_wconf 85' lang='lat' dir='ltr'>quo</span> <span class='ocrx_word' id='word_1_482' title='bbox 1618 2400 1738 2438; x_wconf 86' lang='lat' dir='ltr'>prolem</span> <span class='ocrx_word' id='word_1_483' title='bbox 1766 2407 1972 2438; x_wconf 82' lang='lat' dir='ltr'>procrearunt</span> <span class='ocrx_word' id='word_1_484' title='bbox 1999 2409 2166 2430; x_wconf 85' lang='lat' dir='ltr'>remanere</span> 
     </span>
     <span class='ocr_line' id='line_1_79' title="bbox 1162 2453 2165 2493; baseline -0.002 -8"><span class='ocrx_word' id='word_1_485' title='bbox 1162 2456 1302 2489; x_wconf 79' lang='lat' dir='ltr'>valeant,</span> <span class='ocrx_word' id='word_1_486' title='bbox 1320 2463 1507 2493; x_wconf 78' lang='lat' dir='ltr'>quanquam</span> <span class='ocrx_word' id='word_1_487' title='bbox 1524 2455 1649 2491; x_wconf 82' lang='lat' dir='ltr'>Agnes,</span> <span class='ocrx_word' id='word_1_488' title='bbox 1668 2454 1754 2491; x_wconf 89' lang='lat' dir='ltr'>prior</span> <span class='ocrx_word' id='word_1_489' title='bbox 1772 2453 1859 2483; x_wconf 88' lang='lat' dir='ltr'>Petri</span> <span class='ocrx_word' id='word_1_490' title='bbox 1877 2463 1971 2489; x_wconf 76' lang='lat' dir='ltr'>uxor,</span> <span class='ocrx_word' id='word_1_491' title='bbox 1992 2453 2165 2483; x_wconf 87' lang='lat' dir='ltr'>Columbae</span> 
     </span>
     <span class='ocr_line' id='line_1_80' title="bbox 1164 2506 1952 2544; baseline -0.004 -6"><span class='ocrx_word' id='word_1_492' title='bbox 1164 2510 1252 2538; x_wconf 85' lang='lat' dir='ltr'>tertio</span> <span class='ocrx_word' id='word_1_493' title='bbox 1268 2506 1555 2544; x_wconf 79' lang='lat' dir='ltr'>consanguinitatis</span> <span class='ocrx_word' id='word_1_494' title='bbox 1569 2506 1668 2543; x_wconf 85' lang='lat' dir='ltr'>gradu</span> <span class='ocrx_word' id='word_1_495' title='bbox 1688 2506 1858 2544; x_wconf 84' lang='lat' dir='ltr'>conjuncta</span> <span class='ocrx_word' id='word_1_496' title='bbox 1875 2511 1952 2536; x_wconf 86' lang='lat' dir='ltr'>erat.</span> 
     </span>
    </p>

    <p class='ocr_par' dir='ltr' id='par_1_37' title="bbox 1162 2559 2163 2651">
     <span class='ocr_line' id='line_1_81' title="bbox 1204 2559 2163 2597; baseline 0.001 -10"><span class='ocrx_word' id='word_1_497' title='bbox 1204 2574 1217 2587; x_wconf 67' lang='lat' dir='ltr'>a</span> <span class='ocrx_word' id='word_1_498' title='bbox 1243 2560 1390 2590; x_wconf 76' lang='lat' dir='ltr'>Exhibita</span> <span class='ocrx_word' id='word_1_499' title='bbox 1412 2559 1502 2588; x_wconf 89' lang='lat' dir='ltr'>nobis</span> <span class='ocrx_word' id='word_1_500' title='bbox 1518 2559 1663 2588; x_wconf 85' lang='lat' dir='ltr'>dilecti...</span> <span class='ocrx_word' id='word_1_501' title='bbox 1688 2575 1726 2580; x_wconf 96' lang='lat'><strong>—</strong></span> <span class='ocrx_word' id='word_1_502' title='bbox 1748 2559 1818 2588; x_wconf 82' lang='lat' dir='ltr'>Dat.</span> <span class='ocrx_word' id='word_1_503' title='bbox 1844 2559 1927 2597; x_wconf 88' lang='lat' dir='ltr'>apud</span> <span class='ocrx_word' id='word_1_504' title='bbox 1954 2559 2163 2589; x_wconf 82' lang='lat' dir='ltr'>Urbemvete-</span> 
     </span>
     <span class='ocr_line' id='line_1_82' title="bbox 1162 2612 1916 2651; baseline -0.005 -7"><span class='ocrx_word' id='word_1_505' title='bbox 1162 2624 1245 2651; x_wconf 86' lang='lat' dir='ltr'>rem,</span> <span class='ocrx_word' id='word_1_506' title='bbox 1264 2623 1298 2642; x_wconf 84' lang='lat'>111</span> <span class='ocrx_word' id='word_1_507' title='bbox 1319 2621 1419 2642; x_wconf 82' lang='lat' dir='ltr'>nonas</span> <span class='ocrx_word' id='word_1_508' title='bbox 1434 2612 1633 2650; x_wconf 86' lang='lat' dir='ltr'>septembris,</span> <span class='ocrx_word' id='word_1_509' title='bbox 1650 2619 1735 2641; x_wconf 86' lang='lat' dir='ltr'>anno</span> <span class='ocrx_word' id='word_1_510' title='bbox 1751 2616 1876 2650; x_wconf 84' lang='lat' dir='ltr'>quarto.</span> <span class='ocrx_word' id='word_1_511' title='bbox 1904 2624 1916 2638; x_wconf 75' lang='lat' dir='ltr'>n</span> 
     </span>
    </p>
   </div>
   <div class='ocr_carea' id='block_1_32' title="bbox 1233 2772 1350 2803">
    <p class='ocr_par' dir='ltr' id='par_1_38' title="bbox 1233 2772 1350 2803">
     <span class='ocr_line' id='line_1_83' title="bbox 1233 2772 1350 2803; baseline -0.034 0"><span class='ocrx_word' id='word_1_512' title='bbox 1233 2772 1350 2803; x_wconf 59' lang='lat' dir='ltr'>59?ss</span> 
     </span>
    </p>
   </div>
   <div class='ocr_carea' id='block_1_33' title="bbox 1162 2828 2162 2917">
    <p class='ocr_par' dir='ltr' id='par_1_39' title="bbox 1162 2828 2162 2917">
     <span class='ocr_line' id='line_1_84' title="bbox 1198 2828 2162 2869; baseline -0.008 -8"><span class='ocrx_word' id='word_1_513' title='bbox 1198 2835 1331 2862; x_wconf 86' lang='lat' dir='ltr'>Facultas</span> <span class='ocrx_word' id='word_1_514' title='bbox 1346 2834 1530 2869; x_wconf 83' lang='lat' dir='ltr'>dispensandi</span> <span class='ocrx_word' id='word_1_515' title='bbox 1544 2842 1632 2869; x_wconf 86' lang='lat' dir='ltr'>super</span> <span class='ocrx_word' id='word_1_516' title='bbox 1647 2834 1760 2861; x_wconf 79' lang='lat' dir='ltr'>defectu</span> <span class='ocrx_word' id='word_1_517' title='bbox 1775 2831 1894 2858; x_wconf 86' lang='lat' dir='ltr'>ordinis.</span> <span class='ocrx_word' id='word_1_518' title='bbox 1908 2830 1991 2863; x_wconf 68' lang='lat' dir='ltr'>(Rea.</span> <span class='ocrx_word' id='word_1_519' title='bbox 2006 2830 2047 2860; x_wconf 79' lang='lat'>46,</span> <span class='ocrx_word' id='word_1_520' title='bbox 2061 2837 2088 2857; x_wconf 86' lang='lat' dir='ltr'>c.</span> <span class='ocrx_word' id='word_1_521' title='bbox 2100 2828 2162 2860; x_wconf 79' lang='lat'>477,</span> 
     </span>
     <span class='ocr_line' id='line_1_85' title="bbox 1162 2884 1297 2917; baseline -0.015 -6"><span class='ocrx_word' id='word_1_522' title='bbox 1162 2885 1181 2911; x_wconf 85' lang='lat' dir='ltr'>f.</span> <span class='ocrx_word' id='word_1_523' title='bbox 1200 2884 1233 2911; x_wconf 78' lang='lat'>93</span> <span class='ocrx_word' id='word_1_524' title='bbox 1248 2885 1297 2917; x_wconf 74' lang='grc' dir='ltr'><strong>νο.)</strong></span> 
     </span>
    </p>
   </div>
   <div class='ocr_carea' id='block_1_34' title="bbox 1714 2769 2094 2803">
    <p class='ocr_par' dir='ltr' id='par_1_40' title="bbox 1714 2769 2094 2803">
     <span class='ocr_line' id='line_1_86' title="bbox 1714 2769 2094 2803; baseline -0.003 -6"><span class='ocrx_word' id='word_1_525' title='bbox 1714 2771 1840 2800; x_wconf 80' lang='lat' dir='ltr'>Orvieto,</span> <span class='ocrx_word' id='word_1_526' title='bbox 1858 2770 1891 2796; x_wconf 70' lang='lat'>25</span> <span class='ocrx_word' id='word_1_527' title='bbox 1903 2769 1998 2803; x_wconf 82' lang='lat' dir='ltr'>juillet</span> <span class='ocrx_word' id='word_1_528' title='bbox 2017 2769 2094 2796; x_wconf 66' lang='lat'>1291.</span> 
     </span>
    </p>
   </div>
   <div class='ocr_carea' id='block_1_35' title="bbox 1210 2978 2160 3021">
    <p class='ocr_par' dir='ltr' id='par_1_41' title="bbox 1210 2978 2160 3021">
     <span class='ocr_line' id='line_1_87' title="bbox 1210 2978 2160 3021; baseline -0.011 -6"><span class='ocrx_word' id='word_1_529' title='bbox 1210 2985 1372 3014; x_wconf 76' lang='lat' dir='ltr'>Venerabili</span> <span class='ocrx_word' id='word_1_530' title='bbox 1388 2985 1484 3020; x_wconf 78' lang='lat' dir='ltr'>fratri</span> <span class='ocrx_word' id='word_1_531' title='bbox 1499 2985 1651 3021; x_wconf 84' lang='lat' dir='ltr'>Conrado,</span> <span class='ocrx_word' id='word_1_532' title='bbox 1673 2983 1894 3020; x_wconf 76' lang='lat' dir='ltr'>archiepiscopo</span> <span class='ocrx_word' id='word_1_533' title='bbox 1912 2978 2140 3015; x_wconf 71' lang='lat' dir='ltr'>Salzeburyensi</span> <span class='ocrx_word' id='word_1_534' title='bbox 2152 3000 2160 3014; x_wconf 92' lang='lat'>,</span> 
     </span>
    </p>
   </div>
  </div>
 </body>
</html>
