2393 3496
249 316 305 345 842
995 310 1230 341 REGISTRES
1253 309 1306 338 DE
1330 309 1512 339 NICOLAS
1535 311 1590 339 IV.

277 381 526 410 ozai—8272·
568 377 919 410 Sainte-Marie-Mnjeure.
936 377 963 403 12
978 377 1130 402 novembre
1146 376 1221 402 1291.

284 442 400 469 Collatio
417 442 556 467 bom-ficii.
575 440 656 472 (Rau.
675 440 716 468 to.
733 447 758 464 c.
777 438 836 470 601,
855 438 873 464 s.
892 438 939 464 1ῗο
957 441 1001 469 10.)

288 543 463 580 Ηιιῃηιιιιιιίο
480 544 513 570 de
531 542 624 569 Monte
639 541 756 576 Nyamz,
775 540 919 568 canonico
936 539 1090 567 lter-densi.
1109 538 1155 574 Ei,
1174 542 1248 567 tunc

248 596 361 626 rectori
386 594 534 623 111-8185138
558 592 596 621 de
615 591 788 629 Spelunca,
808 591 1055 620 'reri-aconensis
1079 590 1246 626 dioecesis,

248 648 420 683 Gregorius
445 654 520 684 papa
542 645 597 673 Nu·
615 644 837 673 canouicatum
860 644 892 672 in
915 643 1047 673 ccclesia
1070 643 1245 680 Ilei-densi,

245 710 316 731 cuni
335 698 531 738 plenitudine
548 698 631 735 juris
649 697 810 731 canonici.
828 702 858 726 et
871 697 1084 735 praebendam
1101 701 1131 727 et
1145 696 1249 734 digui-

246 758 338 782 tatein
365 761 417 780 seu
448 754 650 789 personatum
675 749 829 785 contulit:v
854 750 907 779 sed
935 750 1133 789 postmodum
1161 750 1247 779 idem

245 803 466 842 naynmndus,
481 803 612 832 ecclesia
624 803 662 831 de
677 802 835 841 Spelunca
848 803 980 832 dimissa
991 826 999 839 ,
1016 802 1246 842 parrochialem

243 855 405 885 ecclesiam
428 854 562 883 Sanctae
580 855 698 883 Mariae
715 855 753 883 de
771 854 929 891 Aliazira,
950 855 1139 884 Valentinae
1160 854 1246 884 dioe-

242 908 322 937 cesis
335 932 341 944 ‚
375 908 526 937 canonice
556 912 739 943 assecutus,
772 908 985 946 provisionem
1017 908 1180 945 dignitatis
1213 909 1246 937 111

241 960 373 990 ecclesia
391 960 545 989 Ilerdeusi
563 961 711 999 prosequi
729 960 847 990 omisit.
868 961 963 990 Nunc
979 970 1052 990 vero
1068 961 1098 990 ei
1116 970 1195 1000 papa
1213 961 1244 990 in

241 1014 350 1043 eadem
370 1014 501 1042 eci-lesia
520 1019 723 1052 personatum
743 1013 791 1043 vel
807 1014 994 1050 dignitatem
1013 1014 1144 1044 confert.

282 1081 295 1093 «1
316 1067 390 1096 Illos
405 1066 573 1104 apostolice
590 1066 712 1095 sedis...
728 1084 765 1088 —
780 1067 849 1095 Dat.
870 1067 979 1101 Home,
997 1068 1079 1105 apud
1097 1069 1245 1097 Sanctam

242 1121 376 1149 Mariam
396 1121 560 1157 Majorem,
579 1129 598 1148 11
618 1119 688 1148 idus
706 1120 898 1152 novembris.
919 1129 1005 1149 anno
1021 1125 1143 1158 quarto.
1163 1134 1173 1145 υ

283 1175 317 1203 In
336 1184 362 1203 e.
384 1183 425 1202 111.
448 1197 468 1204 ..
491 1173 586 1211 priori
606 1174 810 1207 Dei-niseusi,
839 1197 857 1202 ..
883 1174 1002 1203 decano
1026 1175 1198 1204 Valentino
1216 1179 1246 1204 et

240 1228 391 1263 magistro
412 1229 465 1255 Ar.
484 1227 522 1255 de
535 1227 641 1262 Turri,
660 1226 816 1256 canonico
834 1227 1100 1261 Barchinonensi,
1116 1228 1245 1257 mandat

239 1284 271 1308 ut
289 1279 435 1308 eunidem
455 1279 684 1317 ltayniundum
707 1279 755 1308 vel
780 1284 1013 1317 procuratorem
1031 1281 1101 1317 ejus
1120 1281 1152 1309 111
1175 1289 1243 1310 cor-

238 1332 376 1371 poralem
396 1333 625 1370 possessionem
648 1332 832 1370 hujusmodi
858 1339 1043 1371 personatus
1068 1333 1117 1363 vel
1137 1334 1243 1372 digni-

239 1386 309 1415 tatis
329 1385 492 1414 inducant.
516 1385 584 1414 Dat.
607 1390 639 1414 ut
658 1394 762 1422 snpra.

306 1551 422 1580 (3223

272 1613 499 1639 Instrumentum
529 1621 586 1647 quo
616 1614 689 1640 inter
718 1615 923 1640 monasterium
954 1614 1051 1640 Sancti
1076 1615 1180 1649 Angeli
1208 1615 1242 1641 de

812 1550 945 1585 Ori-ieto,
963 1551 993 1578 13
1009 1553 1077 1578 aout
1094 1552 1170 1579 1291.

234 1662 330 1688 Monte
356 1662 470 1688 Mirtoto
493 1670 580 1697 supra
603 1662 764 1698 Nympham
790 1666 817 1689 et
842 1663 1047 1689 monasterium
1071 1663 1168 1690 Sancti
1184 1664 1243 1690 Ar-

234 1711 366 1745 changeli
386 1711 421 1736 de
436 1711 533 1738 Insula
547 1711 692 1738 Rubiliani
709 1712 840 1745 quaestio
857 1713 1006 1738 terminata
1021 1716 1065 1738 est
1081 1713 1240 1740 confirmat.

236 1759 317 1786 (Rau.
336 1760 378 1791 46,
395 1768 421 1786 c.
438 1759 498 1792 602,
517 1760 536 1787 f.
558 1760 606 1786 1‘20
624 1762 674 1792 νῦ.)

275 1885 294 1890 ..
316 1863 416 1890 abbati
435 1868 458 1889 ef
477 1863 638 1891 mmventui
657 1865 836 1891 monasteris
852 1864 955 1892 Sancti
971 1865 1077 1901 Angyeli
1096 1866 1129 1893 cle
1146 1866 1242 1894 Monte

234 1915 349 1943 *ilii-[elo
379 1924 472 1953 snpra
503 1916 673 1953 Nymphon!
684 1937 692 1951 ‚
721 1916 869 1945 Florensis
894 1918 1026 1952 ordinis,
1056 1917 1242 1947 Vellelrensis

233 1969 366 1997 diocesis.
387 1968 600 1997 Instrumenti
614 1968 794 1998 confirmati
811 1975 900 1998 tenor
914 1969 964 1998 hic
981 1975 1025 1998 est
1045 1979 1050 1999 ;

274 2033 287 2046 «ι
308 2021 344 2049 ln
364 2021 494 2050 nomine
508 2021 638 2050 Domini
654 2030 760 2050 anien.
784 2021 910 2051 Dudum
925 2022 963 2051 de
977 2031 1143 2062 causaque
1157 2023 1241 2053 inter

275 2096 293 2102 ..
313 2073 458 2102 abbatem
478 2078 508 2102 et
525 2078 719 2103 conventum
740 2075 926 2104 monasterii
943 2074 1050 2105 Sancti
1067 2076 1182 2114 Angeli
1202 2077 1240 2106 de

234 2139 247 2153 »
274 2127 381 2156 Monte
398 2127 522 2156 Mirteto
536 2136 631 2165 supra
644 2127 843 2165 Nympham,
857 2127 1018 2158 Florensis
1029 2129 1240 2166 ordinis‚Vel-

235 2192 248 2206 »
272 2179 420 2209 letrensis
429 2180 574 2215 diocesis,
591 2190 626 2209 ex
641 2185 727 2219 parte
739 2190 816 2217 una,
831 2185 891 2212 81..
906 2182 1051 2212 abbatem
1063 2188 1239 2214 etconven-

234 2245 247 2259 »
273 2239 339 2263 tum
356 2234 541 2263 monasterii
554 2234 660 2264 Sancti
672 2235 870 2273 Archangeli
884 2236 922 2266 de
938 2236 1046 2266 Insula
1059 2237 1238 2276 Rubiliani,

234 2298 247 2312 »
273 2287 415 2325 ejusdem
428 2286 562 2321 ordiniS,
577 2287 712 2316 diocesis
725 2287 915 2324 steinensis,
930 2298 1026 2327 super
1036 2290 1109 2329 jure
1121 2291 1240 2330 subjec-

234 2352 246 2366 D

233 2406 246 2420 1)

273 2341 378 2383 1101118,
391 2340 582 2375 obedientie,
592 2341 800 2371 correctionis
812 2346 841 2371 et
851 2342 1054 2379 visitationis,
1066 2345 1150 2382 quod
1163 2344 1239 2374 dicti

271 2393 368 2423 abbas
378 2397 407 2422 et
417 2397 594 2423 conventus
605 2395 791 2424 monasterii
804 2395 913 2425 Sancti
926 2396 1043 2434 Angeli
1053 2397 1087 2426 in
1098 2398 1240 2436 predicto

232 2458 246 2472 »
271 2447 464 2476 monasterio
483 2447 590 2476 Sancti
609 2448 807 2486 Archangeli
826 2454 974 2479 asserunt
995 2459 1027 2479 se
1050 2450 1184 2487 habere,
1202 2460 1237 2481 ex

234 2512 247 2526 v>
272 2500 383 2535 altera,
403 2500 593 2533 vertebatur.
612 2501 787 2531 venerabili
804 2502 836 2531 in
859 2502 987 2533 Christo
1009 2508 1096 2542 patre
1115 2527 1134 2534 ..
1156 2505 1239 2543 epis-

233 2565 246 2579 »
271 2561 348 2591 copo
364 2552 524 2582 Suessano
545 2563 580 2583 ex
604 2554 804 2592 delegatione
819 2557 990 2594 apostolica
1008 2562 1236 2595 cognoscente,

233 2618 247 2632 »
272 2615 327 2645 pro
354 2611 441 2644 parte
466 2606 624 2636 dictorum
647 2607 768 2637 abbatis
793 2612 822 2638 et
849 2615 1025 2640 conventus
1052 2611 1239 2641 monasterii

233 2671 246 2686 ιι
273 2659 382 2689 Sancti
401 2659 517 2697 Angeli
534 2669 551 2689 a
569 2660 761 2699 quibusdam
776 2663 1018 2700 gravaminibus
1035 2664 1081 2694 eis
1099 2674 1152 2703 per
1170 2665 1238 2694 dic-

232 2725 245 2739 »
272 2717 339 2742 111111
368 2714 563 2751 episcopum,
593 2719 626 2744 ut
653 2714 826 2749 dicebatur,
857 2716 952 2747 illatis
978 2718 1038 2748 suit
1063 2718 1102 2748 ad
1131 2718 1238 2749 sedem

233 2778 245 2792 n
270 2765 475 2805 ap3stolicam
500 2766 706 2806 appellatum.
733 2769 770 2797 In
792 2770 883 2808 cujus
903 2771 1126 2809 appellationis
1142 2781 1239 2802 causa

232 2831 246 2845 »
271 2823 301 2848 et
320 2819 415 2848 etiam
436 2819 468 2848 in
494 2824 554 2850 toto
570 2821 739 2860 principali
762 2823 887 2860 negotio
909 2824 1130 2854 sanctissimus
1151 2830 1239 2863 pater

232 2884 244 2899 n
270 2876 300 2902 et
327 2872 499 2908 dominus,
525 2872 676 2903 domiuus
704 2874 873 2912 Nicotaus,
903 2877 1012 2906 divina
1037 2877 1238 2916 providentia

231 2937 244 2951 n
269 2934 348 2964 papa
365 2925 470 2962 nnus,
487 2925 526 2954 ad
550 2926 717 2966 utriusque
737 2929 834 2965 partis
853 2934 1094 2967 procuratorum
1113 2931 1237 2961 instau-

231 2990 244 3005 »
271 2978 359 3016 tiam,
377 2987 445 3016 uos,
465 2978 594 3009 tratrem
610 2979 791 3018 Hugonem‚
808 2983 1017 3020 permissione
1028 2983 1138 3013 divina
1154 2984 1236 3014 tituli

1335 386 1348 400 n
1373 374 1487 404 Sancte
1500 375 1618 405 Sabine
1628 376 1850 415 presbyterum
1859 376 2068 413 cardinalem,
2081 377 2236 406 concessit
2247 377 2337 409 dictis

1333 438 1347 453 »ν
1372 428 1514 466 partibus
1530 429 1720 459 auditorem.
1734 428 1848 459 Coram
1864 429 1954 459 nobis
1966 429 2073 468 itaque
2086 429 2180 460 Petro
2191 430 2229 459 de
2240 429 2336 468 Setia,

1333 491 1347 506 »
1372 484 1572 518 procuratore
1587 480 1745 511 dictorum
1761 481 1884 511 abbatis
1904 486 1934 511 et
1958 485 2135 512 conventus
2152 483 2336 514 monasterii

1334 544 1347 558 n
1369 532 1477 562 Sancti
1494 533 1626 571 Angeli,
1651 543 1689 563 ex
1706 538 1792 572 parte
1812 543 1894 569 una,
1913 538 1943 564 et
1959 534 2055 564 fratre
2073 535 2168 566 Petro
2186 535 2224 565 de
2241 536 2334 574 Luca,

1334 597 1346 611 n
1371 586 1529 616 monacho
1551 587 1628 617 dicti
1651 587 1839 617 monasterii
1864 587 1902 616 de
1928 587 2110 623 Rubiliano,
2139 593 2336 627 procuratore

1334 651 1346 665 n
1371 639 1834 670 substitutoafratreRiccardo
1843 639 2053 677 deSurrento,
2064 645 2265 679 procuratore
2274 641 2337 672 dic-

1333 704 1346 718 »
1372 695 1475 722 torum
1487 692 1609 722 abbatis
1621 697 1651 722 et
1665 698 1839 723 conventus
1854 694 2041 723 monasterii
2058 694 2095 724 de
2111 694 2286 726 Rubiliano
2297 695 2337 726 ad

1333 756 1346 771 »
1371 745 1455 774 hanc
1467 754 1596 775 causam
1612 745 1768 781 ordinato,
1788 755 1823 776 ex
1836 745 1946 781 311813,
1964 747 1995 776 in
2011 746 2132 785 judicio
2143 747 2334 784 constitutis,

1333 811 1346 825 »
1371 799 1510 829 obmisso
1529 798 1749 837 appellationis
1767 799 1913 835 articulo,
1933 800 2035 830 dictus
2056 801 2169 830 Petrus
2186 809 2335 839 procura-

1332 864 1345 877 »
1372 852 1450 882 torio
1466 853 1595 882 nomine
1609 852 1765 882 dictorum
1777 853 1900 883 abbatis
1914 858 1944 883 et
1959 858 2133 884 conventus
2150 854 2350 884 monasterii·

1333 916 1345 931 n
1371 904 1477 934 Sancti
1488 905 1604 943 Angeli
1615 905 1760 935 libellum
1771 906 1887 936 obtulit
1898 907 2062 945 injudicio
2076 907 2134 937 sub
2147 907 2204 937 hac
2217 907 2334 938 forma:

1372 970 1385 985 »
1414 958 1527 988 Coram
1554 958 1660 995 vobis,
1685 960 1860 990 reverendo
1884 964 1971 998 patre
1995 964 2025 990 et
2044 960 2190 997 domino,
2208 960 2337 992 domino

1331 1023 1345 1038 n
1370 1011 1465 1040 fratre
1484 1011 1636 1049 Hugone,
1658 1011 1740 1041 tituli
1761 1011 1876 1042 Sancte
1894 1012 2011 1043 Sabine
2028 1013 2211 1052 presbytero
2233 1013 2336 1044 cardi-

1332 1076 1344 1090 »
1370 1064 1456 1100 nali,
1486 1065 1628 1103 partibus
1652 1065 1865 1105 infrascriptis
1890 1075 1907 1095 a
1936 1066 2070 1098 domino
2093 1076 2170 1106 papa
2193 1067 2336 1098 auditore

1331 1129 1343 1144 n
1369 1117 1547 1156 specialiter
1562 1117 1728 1156 deputato,
1750 1120 1897 1157 proponit
1913 1120 2027 1149 Petrus
2046 1120 2084 1150 de
2103 1120 2206 1157 Setia,
2224 1129 2334 1160 procu-

1331 1183 1343 1197 »
1368 1175 1452 1200 rator
1464 1171 1695 1201 venerabilium
1707 1176 1736 1201 et
1746 1172 1968 1210 religiosorum
1979 1174 2121 1203 virorum
2131 1173 2336 1204 dominorum

1330 1235 1343 1250 n
1367 1223 1489 1253 abbatis
1519 1228 1548 1253 et
1579 1229 1755 1254 conventus
1785 1216 1971 1256 monasterii
2003 1226 2111 1256 Sancti
2145 1226 2264 1265 Angeli
2297 1227 2335 1258 de

1329 1289 1343 1303 »
1369 1277 1476 1306 Monte
1501 1277 1629 1307 Mirteto
1653 1287 1748 1316 snpra
1773 1278 1975 1318 Nympham,
2005 1279 2167 1310 Florensis
2193 1279 2350 1317 ordinis,-

1330 1342 1342 1355 υ
1366 1329 1576 1360 Velletrensis
1603 1330 1749 1367 diocesis,
1775 1332 1991 1370 procuratorio
2019 1333 2151 1363 nomine
2175 1334 2332 1372 ipsorum,

1329 1396 1342 1409 »
1368 1388 1398 1413 et
1414 1392 1469 1422 pro
1486 1384 1563 1422 ipsis
1588 1389 1697 1414 contra
1720 1385 1849 1415 fratrem
1866 1385 2051 1416 Johannem
2067 1387 2105 1417 de
2123 1386 2256 1421 Fillmo,
2278 1386 2334 1426 qui
2352 1376 2354 1378 Ι

1328 1448 1342 1462 »
1367 1446 1399 1466 se
1424 1438 1505 1474 gerit
1531 1446 1586 1475 pro
1609 1438 1720 1467 abbate
1745 1439 1932 1468 monasterii
1953 1439 2061 1469 Sancti
2083 1439 2276 1477 Archangeli
2296 1439 2334 1470 de

1329 1500 1341 1515 n
1368 1489 1478 1519 Insula
1490 1489 1667 1526 Ruhiliani,
1683 1491 1826 1529 ejusdem
1840 1491 1976 1528 ordinis,
1995 1492 2171 1522 Stabiensis
2186 1492 2332 1529 diocesis,

1329 1554 1341 1569 ι)
1366 1547 1396 1572 81
1418 1548 1611 1573 conventum
1634 1544 1777 1582 ejusdem
1802 1549 1832 1574 et
1852 1544 2028 1583 legitimam
2050 1554 2219 1584 personam
2234 1546 2333 1576 inter-

1329 1607 1340 1621 »
1367 1596 1550 1626 venientem
1576 1606 1631 1635 pro
1657 1597 1745 1635 ipsis,
1771 1598 1879 1628 dicens
1905 1598 2005 1636 quod,
2029 1608 2102 1629 cum
2119 1599 2240 1629 dictum
2266 1607 2332 1629 mo-

1327 1662 1340 1676 »
1366 1651 1541 1679 nasteriuni
1561 1650 1668 1680 Sancti
1686 1651 1883 1689 Archangeli
1900 1652 2086 1682 immediate
2104 1661 2140 1682 ac
2155 1652 2249 1691 pleno
2261 1652 2334 1691 jure

1329 1716 1341 1730 r>
1367 1704 1459 1733 fuerit
1488 1709 1517 1733 et
1547 1705 1588 1733 sit
1618 1705 1797 1743 subjectum
1830 1706 1972 1744 predicto
2003 1706 2196 1737 monasterio
2225 1706 2333 1737 Sancti

1329 1771 1340 1782 ι»
1365 1757 1484 1795 Angeli
1496 1757 1534 1787 de
1545 1758 1653 1787 Monte
1666 1759 1804 1795 Mirtet0,
1817 1763 1847 1788 et
1858 1759 1990 1798 predicti
2005 1759 2100 1789 abbas
2114 1763 2144 1789 et
2156 1763 2333 1790 conventus

1328 1822 1341 1837 »
1365 1811 1464 1849 ipsius
1482 1811 1670 1840 monasterii
1689 1811 1797 1841 Sancti
1815 1811 1932 1849 Angeli
1952 1813 2019 1841 vice
2039 1815 2068 1842 et
2083 1812 2216 1842 nomine
2232 1812 2333 1852 ipsius

1328 1876 1340 1891 »
1365 1865 1550 1894 monasterii
1570 1869 1600 1895 et
1618 1874 1672 1903 per
1691 1874 1743 1895 eos
1761 1865 1866 1904 ipsum
1886 1866 2115 1896 monasterium
2134 1866 2230 1896 fuerit
2245 1870 2275 1896 et
2292 1866 2334 1896 sit

1327 1930 1340 1944 »
1365 1918 1398 1947 iu
1419 1918 1617 1956 possessione
1640 1918 1689 1947 vel
1714 1918 1805 1957 quasi
1833 1919 2043 1957 subjectionis
2070 1919 2226 1958 predicte.
2255 1919 2332 1950 dicti

1326 1982 1340 1997 »
1367 1975 1471 2000 tamen
1488 1971 1584 2000 abbas
1601 1975 1630 2000 et
1647 1975 1823 2001 conventus
1841 1971 1917 2001 dicti
1939 1972 2126 2002 monasterii
2144 1972 2252 2003 Sancti
2269 1973 2331 2002 Ar-

1326 2036 1340 2051 »
1364 2024 1515 2062 changeii
1532 2034 1550 2054 a
1566 2025 1705 2063 predicta
1721 2025 1918 2063 subiectione
1933 2035 1965 2055 se
1982 2027 2065 2065 ipsos
2081 2030 2112 2056 et
2126 2026 2247 2056 dictum
2264 2034 2331 2056 mo-

1326 2089 1339 2104 »
1365 2077 1560 2113 nasterium,
1579 2082 1735 2116 quantum
1751 2078 1784 2107 in
1803 2078 1848 2107 eis
1871 2082 1935 2115 est,
1953 2082 2071 2109 temere
2087 2079 2329 2115 subtrahentes,

1327 2142 1339 2156 »
1364 2130 1468 2160 eidem
1492 2131 1582 2160 fratri
1604 2130 1754 2166 Nicolao,
1777 2131 1882 2160 abbati
1902 2131 2003 2171 ipsius
2019 2132 2206 2162 monasterii
2223 2132 2332 2163 Sancti

1326 2196 1338 2210 n
1364 2183 1493 2221 Angeli,
1513 2188 1664 2222 tanquam
1683 2184 1762 2222 patri
1779 2184 1882 2214 abbati
1901 2185 2043 2223 ipsorum
2058 2185 2198 2222 obedire,
2216 2190 2246 2216 et
2264 2186 2331 2224 ejus

1325 2249 1338 2263 n
1363 2236 1545 2267 salubribus
1562 2237 1692 2266 monitis
1708 2241 1738 2266 et
1756 2237 1925 2273 mandatis,
1944 2242 1977 2267 ut
1996 2241 2160 2278 tenentur,
2176 2247 2286 2277 parere
2301 2242 2331 2268 et

1324 2302 1338 2317 n
1362 2290 1545 2326 intendere,
1567 2299 1603 2320 ac
1625 2291 1768 2329 ejusdem
1794 2290 1915 2320 abbatis
1939 2290 2047 2320 Sancti
2075 2290 2191 2329 Angeli
2221 2291 2329 2321 visita-

1324 2356 1337 2371 »
1363 2345 1481 2374 tionem
1505 2349 1535 2373 et
1558 2344 1789 2374 correctionem
1814 2344 1954 2382 recipere
1971 2344 2212 2382 denegaverunt
2228 2349 2258 2375 et
2275 2345 2329 2374 de-

1324 2409 1338 2424 »
1363 2402 1481 2435 negant
1500 2397 1610 2427 minus
1626 2398 1727 2435 J'uste,
1744 2397 1775 2426 in
1794 2397 2007 2435 prejudicium
2024 2400 2053 2426 et
2069 2406 2240 2435 gravamen
2260 2405 2329 2427 mo·
2354 2386 2358 2390 ”

1324 2464 1337 2478 »
1363 2451 1493 2481 nasterii
1513 2451 1620 2481 Sancti
1642 2450 1757 2488 Angeli
1782 2450 1967 2489 supradicti.
1990 2451 2095 2487 Quare
2117 2451 2193 2490 petit
2213 2459 2328 2490 procu-

1324 2517 1337 2532 »
1363 2510 1447 2535 13101
1466 2505 1627 2543 predictus
1651 2504 1867 2542 procuratorio
1889 2505 2019 2534 nomine
2042 2505 2182 2542 ipsorum
2207 2504 2329 2534 abbatis

1325 2570 1337 2584 »
1362 2563 1392 2588 et
1409 2563 1584 2588 conventus
1609 2557 1686 2587 dicti
1709 2557 1893 2587 monasterii
1917 2556 2026 2587 Sancti
2046 2557 2164 2595 Angeli
2182 2566 2237 2597 per
2257 2565 2325 2594 vos,

1322 2623 1336 2639 i>
1361 2611 1535 2641 reverende
1549 2615 1644 2649 pater,
1658 2610 1890 2640 sententialiter
1901 2609 2057 2640 declarari
2067 2610 2188 2640 dictum
2202 2618 2330 2641 monas-

1323 2676 1336 2691 »
1362 2665 1477 2694 18111113
1502 2663 1611 2694 Sancti
1637 2663 1829 2701 Archangeli
1848 2667 1988 2701 spectare
2007 2662 2100 2702 pleno
2112 2663 2186 2702 jure
2200 2663 2239 2693 ad
2259 2672 2328 2694 mo—

1323 2729 1335 2744 »
1361 2717 1537 2747 nasterium
1560 2717 1669 2747 Sancti
1691 2716 1809 2755 Angeli
1829 2716 2002 2755 supradicti
2021 2721 2050 2746 et
2065 2716 2164 2747 dictos
2181 2716 2328 2747 abbatem

1322 2783 1335 2798 n
1361 2776 1390 2800 et
1412 2775 1605 2801 conventum
1631 2771 1738 2801 Sancti
1765 2769 1961 2810 Archangeli
1988 2769 2222 2800 sententialiter
2250 2779 2327 2801 con-

1322 2837 1335 2851 »
1360 2824 1527 2863 deinpnari
1549 2830 1579 2854 et
1603 2824 1750 2864 compelli
1771 2824 1810 2854 ad
1832 2823 2051 2863 recipiendum
2073 2832 2091 2852 a
2111 2823 2194 2853 dicto
2216 2823 2328 2854 abbate

1322 2890 1335 2904 η
1360 2878 1546 2907 monasterii
1564 2878 1670 2908 Sancti
1690 2877 1809 2915 Angeli
1827 2877 2040 2907 visitationem
2053 2880 2083 2906 et
2097 2878 2326 2907 correctionem

1321 2943 1335 2958 n
1360 2936 1390 2962 et
1404 2931 1444 2961 ad
1460 2932 1674 2962 obediendum
1692 2932 1751 2971 ipsi
1767 2931 1872 2961 abbati
1888 2931 1987 2969 ipsius
2005 2930 2193 2960 monasterii
2217 2930 2326 2961 Sancti

1321 2997 1334 3012 ι
1359 2984 1475 3023 Angeli
1497 2989 1646 3024 tanquam
1665 2985 1746 3024 patri
1764 2984 1870 3015 abbati
1886 2984 2041 3023 ipsorum,
2060 2987 2090 3014 et
2108 2987 2141 3014 ut
2156 2983 2326 3014 intendant
