2393 3496
774 340 960 372 LETTRES
983 339 1072 369 NON
1096 329 1428 369 ENREGISTREES.
2082 342 2155 371 1019

57 415 188 459 justitia,
208 418 241 442 ut
258 412 358 450 patrie
375 411 481 439 verbis
504 415 643 446 utamur,
669 418 720 448 per
738 408 929 447 Dyonisium
947 407 985 435 de
1004 407 1064 434 Pa-

61 469 151 504 redo,
177 472 250 496 tunc
273 465 411 494 Turonie
435 463 605 499 ballivum,
629 472 684 500 pro
707 471 762 490 sue
790 460 961 490 voluntatis
983 459 1066 488 arbi-

63 522 120 554 trio
137 519 238 550 extitit
255 521 421 555 occupata,
442 525 505 554 qne
529 515 651 551 adhuc,
670 516 750 544 sicut
773 514 939 547 asseritur,
963 512 1067 541 taliter

63 574 236 607 detinetur,
264 574 388 608 propter
416 569 518 608 quod,
547 578 618 599 cum
647 569 785 606 prefatus
810 567 1066 605 archiepiscopus

64 636 133 659 suos
151 630 180 656 et
202 623 333 654 ecclesie
356 623 492 661 predicte
513 622 666 651 vassallos
685 623 717 651 in
740 621 804 650 illis
826 620 966 659 partibus
985 619 1066 648 tueri

63 689 124 711 non
157 678 278 713 valeat,
317 676 505 706 officialium
539 680 667 705 tuorum
703 674 842 713 potentia
873 673 1065 709 obsistente,

64 731 264 773 quamplures
287 730 353 758 suis
382 738 444 758 non
468 728 609 758 contenti
635 727 792 757 limitibus
815 731 922 757 contra
946 734 1019 755 eum
1038 729 1068 754 et

65 784 225 816 ecclesiam
245 782 441 821 supradictos
460 781 649 818 insurgunt,
666 781 738 818 jura
757 784 909 817 usurpant
925 779 1066 816 ipsorum

65 842 94 869 et
107 837 184 867 alias
200 844 251 865 eos
267 834 489 873 multipliciter
504 835 664 872 impetunt
685 838 714 863 et
732 832 916 868 molestant;
934 840 1067 869 quamo-

63 892 148 922 brem
166 889 263 920 iidem
280 887 419 923 vassalli,
437 887 514 917 dum
531 896 564 916 se
579 888 613 916 in
628 887 686 916 hac
703 890 789 924 parte
805 885 1004 923 conspiciunt
1019 884 1067 912 in-

63 943 205 974 defensos
222 944 251 971 et
268 940 412 979 ejusdem
430 939 562 970 ecclesie
579 939 743 969 destitutos
762 938 892 974 anxilio,
910 940 1070 975 coguntur

63 996 150 1036 quasi
167 995 206 1025 ab
221 994 355 1024 ecclesia
371 995 438 1032 ipsa
454 993 601 1023 recedere
621 992 772 1031 aliudque
791 992 972 1021 dominium
993 999 1069 1028 qne-

63 1059 139 1086 rere,
157 1052 189 1078 ut
204 1048 236 1077 in
252 1056 363 1077 eorum
376 1047 468 1077 bonis
484 1046 649 1085 etjuribus
663 1045 881 1080 defensentur,
899 1045 930 1073 in
949 1043 1069 1082 predic-

65 1107 163 1133 torum
180 1100 409 1138 archiepiscopi
428 1104 457 1129 et
474 1099 607 1129 ecclesie
625 1098 834 1137 prejudicium
854 1103 883 1126 et
896 1098 1066 1135 jacturam.

64 1155 164 1192 Quare
177 1153 316 1193 presatus
329 1153 587 1192 archiepiscopus
599 1151 784 1191 suppliciter
795 1150 972 1189 postulabat
983 1160 1000 1179 a
1013 1158 1068 1180 no-

64 1209 111 1240 bis
127 1211 160 1238 ut
174 1207 236 1237 sibi
246 1211 276 1236 et
288 1206 391 1236 eidem
404 1205 537 1236 ecclesie
551 1214 645 1244 super
659 1205 723 1234 hiis
739 1205 776 1233 de
791 1204 990 1241 benignitate
1002 1211 1067 1241 pro-

63 1261 168 1292 videre
179 1259 270 1290 solita
280 1268 477 1289 curaremus.
493 1259 655 1296 Rogamus
671 1258 778 1296 itaque
793 1257 1067 1295 magnificentiam

65 1313 173 1356 [tuam]
186 1317 217 1343 et
233 1313 399 1343 hortamur
413 1312 446 1341 in
460 1312 600 1342 Domino
612 1312 688 1341 Jesu
701 1311 828 1341 Christo
844 1311 1006 1349 quatinus,
1018 1319 1068 1339 sa-

64 1367 168 1398 lubria
183 1366 424 1406 progenitorum
442 1371 570 1395 tuorum
587 1365 720 1403 vestigia
738 1365 867 1394 imitans
883 1369 913 1394 et
928 1363 1070 1393 laudabi-

65 1420 110 1452 les
125 1424 212 1450 aetus
235 1428 391 1458 sequens,
413 1419 584 1457 predictam
608 1418 777 1447 feudorum
799 1426 835 1447 ac
859 1416 1067 1446 vassallorum

63 1471 215 1511 justitiam
232 1472 472 1511 archiepiscopo
483 1476 513 1501 et
524 1470 657 1501 ecclesie
673 1471 873 1510 supradictis,
891 1479 947 1509 pro
957 1469 1069 1499 divina

66 1529 95 1556 et
109 1523 276 1564 apostolice
294 1524 378 1553 sedis
395 1532 431 1553 ac
450 1527 556 1553 nostra
575 1523 754 1553 reverentia
771 1527 886 1561 tueque
908 1521 1020 1552 salutis
1039 1525 1069 1551 et

65 1577 262 1609 exaltationis
275 1580 466 1615 augmento,
484 1576 582 1606 facias
599 1576 724 1605 sublata
738 1575 923 1605 difficultate
942 1575 1067 1605 restitui

65 1631 129 1662 sive
143 1630 250 1667 reddi,
268 1639 338 1660 eam
353 1630 387 1660 in
409 1630 469 1660 hoc
488 1630 656 1660 efficatiam
677 1629 884 1668 impensurus
906 1630 939 1658 ut
959 1633 1068 1658 eterne

63 1684 269 1715 beatitudinis
284 1683 445 1723 premium
461 1683 576 1713 exinde
591 1683 797 1721 consequaris
812 1691 830 1712 a
845 1682 995 1719 Domino,
1012 1682 1068 1721 qui

63 1746 118 1778 pro
136 1736 284 1767 minimis
305 1736 441 1775 grandia
463 1740 702 1775 recompensat,
725 1744 847 1775 nosque
864 1735 1068 1765 devotionem

64 1790 184 1828 regiam
200 1799 264 1820 non
280 1790 443 1820 immerito
457 1788 734 1820 commendemus.
752 1789 824 1818 Dat.
847 1789 962 1823 Rome,
984 1788 1069 1828 apud

66 1841 212 1873 Sanctam
227 1843 362 1872 Mariam
382 1843 537 1881 Majorem
548 1866 555 1879 ,
573 1852 605 1872 w
621 1842 776 1872 kalendas
791 1842 919 1881 aprilis,
937 1841 1067 1880 pontifi-

65 1900 149 1927 catus
168 1896 267 1926 nostri
282 1904 368 1926 anno
383 1897 508 1935 quinto.
527 1908 541 1923 »

98 2106 100 2109 ’
132 2101 248 2130 '2395

96 2163 206 2199 Regem
230 2163 366 2190 Franciae
388 2166 470 2198 rogat
491 2167 521 2190 ut
542 2163 683 2190 ecclesiae
703 2162 867 2189 Turonensi
887 2170 939 2188 sua
960 2162 1033 2188 bona
1053 2170 1068 2188 a

63 2212 149 2248 regiis
161 2212 332 2240 officialibus
348 2215 489 2247 occupata
506 2212 619 2238 restitui
633 2211 727 2238 faciat.
746 2211 847 2244 (Aaou.
864 2219 925 2237 rur.
939 2233 944 2242 ,
960 2210 988 2244 J,
1005 2210 1068 2242 7⁰0,

63 2260 96 2290 89
110 2262 170 2295 bis.)

397 2100 758 2135 Sainte-Marie-MaJeure,
775 2101 807 2127 ‘27
825 2108 901 2127 mars
918 2100 995 2127 1292.

60 2394 65 2399 ·
102 2378 266 2408 Carissimo
283 2379 318 2408 in
335 2378 451 2408 Christo
466 2377 529 2415 filio
548 2378 696 2415 Philippo,
716 2377 780 2414 reyi
796 2378 924 2406 Franci'e
939 2377 1066 2406 illustri.

66 2443 80 2459 ι
96 2431 235 2462 Mentem
252 2431 374 2469 regiam
390 2431 429 2461 ad
501 2430 585 2461 Sane
601 2430 795 2460 venerabilis
814 2430 910 2459 frater
927 2434 1032 2459 noster
1047 2451 1067 2458 ..

64 2484 314 2523 archiepiscopus
341 2484 537 2514 Turonensis
560 2483 652 2513 nobis
674 2484 817 2522 exposuit
837 2482 919 2521 quod
947 2482 1069 2521 Dyoni-

65 2536 130 2568 sius
145 2538 183 2568 de
198 2537 331 2572 Paredo,
346 2541 423 2567 tunc
436 2536 470 2566 in
483 2537 624 2566 Turonie
637 2536 780 2575 partibus
797 2536 931 2573 baHvus,
949 2540 979 2565 et
991 2543 1071 2565 non-

65 2589 147 2620 nulli
161 2591 335 2620 servientes
348 2589 439 2627 regii,
454 2598 577 2619 moram
595 2589 629 2618 in
643 2590 735 2619 dictis
751 2589 894 2628 partibus
906 2588 1069 2625 facientes,

64 2642 144 2674 bone
160 2643 315 2673 memorie
331 2642 504 2678 Johannis,
520 2642 751 2681 predecessoris
763 2641 993 2680 archiepiscopi
1006 2650 1071 2670 me-

65 2696 194 2733 morati,
212 2704 268 2735 pro
288 2705 345 2726 sua
369 2695 531 2726 voluntate
551 2696 634 2726 bona
658 2704 832 2734 occupare,
854 2704 890 2725 ac
912 2696 1016 2734 ipsum
1033 2694 1072 2723 de

66 2749 215 2779 maneriis
231 2749 299 2779 suis
322 2749 474 2778 omnibus
490 2749 648 2779 violenter
663 2749 765 2779 eicere
786 2751 1071 2787 presumpserunt,

65 2801 236 2832 nonnullos
251 2802 396 2832 custodes
414 2802 448 2831 in
463 2801 541 2841 ipsis
552 2802 706 2832 maneriis
717 2801 912 2840 deputando,
927 2806 956 2830 et
968 2801 1073 2829 adhuc

64 2854 147 2886 hona
160 2855 339 2894 supradicta
355 2864 410 2894 per
426 2856 565 2885 eundem
584 2855 779 2900 Pyonisium
797 2855 983 2884 detinentur
1000 2853 1071 2882 tali—

66 2910 113 2938 ter
126 2913 288 2947 occupata.
306 2908 344 2937 Et
361 2909 433 2938 licet
455 2909 595 2947 prefatus
611 2908 736 2938 balivus
756 2908 876 2947 pluries
899 2906 1073 2945 requisitus

69 2961 205 2992 extiterit
223 2966 257 2991 ut
270 2961 354 2991 bona
370 2961 480 2991 eadem
499 2961 632 2992 ecclesie
650 2962 833 2991 restitueret
851 2960 1020 3000 prelibato,
1040 2959 1072 2988 id

69 3017 173 3045 tamen
189 3014 314 3044 efficere
325 3013 481 3044 hactenus
497 3014 824 3051 recusavit,·asserens
839 3013 1072 3042 restitutionem

1149 405 1334 443 hujusmodi
1354 405 1537 434 nullatenus
1556 414 1588 434 se
1612 406 1784 441 facturum,
1810 406 1868 435 nisi
1894 407 1979 444 prius
2003 416 2156 445 expensas

1150 468 1203 496 per
1223 460 1396 488 servientes
1412 463 1441 487 et
1457 458 1600 487 custodes
1618 459 1742 489 eosdem
1761 460 1793 487 in
1813 460 2028 489 custodiendis
2045 470 2156 491 mane—

1149 511 1206 539 riis
1222 511 1300 549 ipsis
1319 512 1425 545 factas,
1442 520 1478 540 ac
1494 511 1588 539 etiam
1605 512 1757 549 quasdam
1775 512 1864 548 alias,
1882 522 1960 551 quas
1974 513 2057 542 idem
2074 514 2155 543 bali—

1151 574 1208 593 vus
1225 565 1256 593 in
1275 573 1369 593 causa
1384 564 1520 602 quadam
1539 565 1578 593 ab
1598 564 1665 602 ipso
1682 574 1754 594 cum
1772 565 1881 594 eodem
1898 566 2059 602 Johanne,
2080 568 2155 596 dum

1150 617 1280 653 viveret,
1300 617 1406 645 habita
1424 626 1455 645 se
1473 617 1585 646 fecisse
1601 619 1763 656 proponit,
1787 618 2043 657 archiepiscopus
2064 619 2157 657 plene

1153 670 1333 698 restitueret
1344 674 1548 699 memoratus.
1567 670 1671 705 Quare
1687 671 1776 699 nobis
1791 671 1956 701 humiliter
1969 672 2158 711 supplicavit

1153 727 1187 752 ut
1204 723 1264 751 sibi
1281 727 1310 752 et
1326 722 1428 752 eidem
1448 723 1578 752 ecclesie
1595 733 1689 761 super
1706 724 1769 752 hiis
1786 725 1823 753 de
1839 725 2035 763 benignitate
2048 726 2156 764 provi-

1151 776 1224 805 dere
1237 775 1325 805 solita
1342 775 1586 813 dignaremur...
1599 776 1830 806 Celsitudinem
1845 778 1965 815 regiam
1983 779 2156 816 rogandam

1150 834 1269 858 attente
1296 829 1447 858 duximus
1467 834 1497 858 et
1521 829 1710 858 hortandam
1732 832 1893 868 quatinus,
1918 840 1973 869 pro
1997 832 2108 861 diviua
2129 837 2160 861 et

1151 881 1320 920 apostolice
1340 881 1423 911 sedis
1443 882 1638 917 reverentia,
1663 883 1790 920 prefatis
1811 884 2047 923 archiepiscopo
2063 890 2093 914 et
2110 895 2157 915 ec—

1151 934 1246 964 clesie
1260 935 1342 964 bona
1358 935 1536 973 supradicta
1553 936 1646 964 facias
1661 945 1733 964 cum
1752 936 1934 974 integritate
1951 939 2073 967 restitui
2093 939 2158 969 sive

1153 988 1253 1024 reddi,
1275 996 1334 1017 nec
1349 988 1512 1026 permittat
1530 988 1712 1026 benignitas
1728 990 1816 1026 regia
1833 995 1867 1019 ut
1882 990 1965 1019 idem
1981 991 2157 1029 archiepis-

1150 1050 1247 1079 copus
1273 1042 1437 1071 occasione
1464 1041 1675 1079 predictarum
1706 1051 1917 1080 expensarum
1933 1067 1939 1079 ,
1970 1052 2043 1073 cum
2074 1044 2159 1083 ipsas

1151 1095 1237 1132 exigi
1255 1095 1358 1133 potius
1374 1094 1481 1124 deceat
1496 1104 1514 1123 a
1529 1095 1613 1124 dicto
1631 1094 1736 1125 balivo
1752 1104 1847 1134 quam
1870 1096 1936 1134 ipse
1959 1098 2085 1126 easdem
2101 1097 2156 1126 de-

1151 1148 1267 1178 ducere
1284 1148 1406 1185 valeat,
1432 1148 1567 1177 ulterius
1588 1148 1811 1178 molestetur...
1838 1149 1908 1178 Dat.
1936 1150 2053 1186 Rome,
2073 1150 2158 1189 apud

1152 1202 1301 1232 Sanctam
1328 1202 1463 1231 Mariam
1487 1202 1661 1240 Majorem,
1690 1211 1719 1231 v¹
1745 1201 1899 1232 Kalendas
1919 1203 2049 1241 aprilis,
2073 1212 2158 1233 anno

1151 1256 1274 1294 quinto.
1297 1268 1310 1281 ν

1223 1414 1337 1442 ’7396

1186 1475 1297 1510 Regem
1316 1475 1452 1502 Franciae
1468 1479 1549 1509 rogat
1567 1479 1595 1501 ut
1611 1476 1829 1510 archiepiscopo
1843 1476 2005 1504 Turonensi
2016 1486 2158 1504 summam

1151 1525 1291 1559 pecuniae
1308 1524 1421 1550 restitui
1438 1524 1531 1551 faciat.
1549 1524 1650 1557 (Anca.
1667 1533 1740 1555 NAT.,
1758 1524 1786 1555 J,
1803 1525 1865 1555 700,
1882 1526 1938 1557 90.)

1488 1413 1849 1448 Sainte-Marie-Majeure,
1865 1415 1898 1441 ζ27
1916 1423 1991 1441 mars
2009 1415 2085 1442 1292.

1192 1627 1357 1656 Carissimo
1375 1627 1409 1655 in
1427 1626 1544 1656 Christo
1557 1627 1621 1663 filio
1639 1626 1790 1664 Philippo,
1804 1629 1868 1664 reyi.
1884 1628 2013 1657 Francie
2028 1629 2156 1658 illustri.

1152 1694 1167 1708 (t
1196 1679 1381 1710 Venerabili
1407 1679 1504 1709 fratre
1530 1684 1637 1709 nostro
1667 1703 1686 1708 ..
1712 1679 1951 1718 archiepiscopo
1979 1681 2160 1712 Turonensi

1152 1742 1254 1773 nuper
1273 1732 1454 1772 accepimus
1474 1732 1632 1762 referente
1647 1732 1745 1771 quod,
1764 1741 1837 1762 cum
1856 1733 1931 1762 olim
1948 1734 2038 1772 regni
2058 1734 2160 1764 Fran—

1151 1788 1200 1817 cie
1218 1786 1343 1817 decima
1365 1785 1449 1816 clare
1466 1785 1622 1816 memorie
1646 1785 1821 1822 Ludovico,
1842 1786 1909 1824 regi
1930 1787 2081 1824 Francie,
2101 1795 2160 1818 avo

1153 1846 1223 1875 tuo.
1243 1840 1299 1879 qui
1316 1839 1419 1869 crucis
1435 1843 1598 1877 assumpto
1613 1838 1780 1876 signaculo
1796 1838 1829 1868 in
1847 1839 1942 1869 Terre
1959 1839 2073 1870 Sancte
2089 1849 2160 1880 pro-

1152 1893 1252 1924 ficisci
1273 1892 1450 1922 subsidium
1476 1891 1674 1928 intendebat,
1701 1891 1811 1921 fuisset
1834 1891 1874 1921 ab
1897 1892 2067 1931 apostolica
2086 1893 2160 1923 sede

1152 1955 1315 1982 concessa,
1337 1945 1381 1975 ita
1405 1949 1510 1974 tamen
1535 1945 1618 1983 quod
1645 1944 1788 1984 ejusdem
1809 1945 1900 1982 regni
1923 1944 2033 1984 prelati
2055 1946 2161 1976 crucis

1152 2000 1245 2038 signo
1270 1998 1396 2029 vivifice
1420 1997 1569 2035 insigniti
1592 1997 1647 2036 qui
1673 1997 1877 2027 transfretare
1898 1997 2103 2029 intenderent
2124 1999 2160 2028 in

1152 2052 1331 2083 subsidium
1345 2051 1427 2081 dicte
1441 2055 1522 2081 terre
1538 2059 1668 2080 suorum
1681 2055 1892 2089 proventuum
1907 2055 1962 2080 aut
1975 2051 2160 2082 reddituum

1151 2106 1309 2136 decimam
1327 2104 1391 2134 sibi
1408 2112 1462 2143 pro
1485 2103 1551 2133 suis
1566 2107 1692 2142 propter
1712 2102 1771 2133 hoc
1789 2103 1965 2133 subeundis
1981 2105 2160 2144 sumptibus

1152 2159 1332 2189 retinerent
1347 2169 1353 2194 ;
1383 2165 1521 2195 cumque
1550 2156 1750 2194 postmodum
1782 2156 1864 2186 bone
1893 2157 2049 2187 memorie
2077 2157 2159 2187 Vin—

1151 2215 1280 2247 centus,
1305 2209 1565 2248 archiepiscopus
1580 2209 1793 2244 Turonensis,
1817 2209 2018 2248 predecessor
2040 2210 2158 2248 ipsius,

1151 2265 1255 2295 crucis
1278 2262 1393 2293 vexillo
1417 2262 1580 2298 munitus,
1598 2262 1636 2291 ad
1655 2261 1880 2291 ultramarinas
1896 2267 1999 2300 partes
2017 2271 2089 2292 cum
2107 2271 2160 2293 co-

1152 2317 1266 2347 mitiva
1280 2324 1344 2345 uon
1358 2315 1481 2345 modica
1495 2314 1704 2353 personaliter
1713 2323 1745 2343 se
1757 2315 1925 2351 conferret,
1941 2315 2161 2354 prosequendo

1152 2370 1286 2400 sollicite
1300 2373 1408 2398 votum
1425 2377 1530 2402 suum,
1549 2368 1676 2397 tandem
1689 2368 1727 2396 ad
1741 2367 1902 2397 civitatem
1917 2368 2160 2406 Neapolitanam

1152 2423 1353 2463 perveniens,
1371 2422 1464 2458 inibi,
1485 2422 1567 2450 sicut
1585 2421 1724 2451 Domino
1740 2421 1870 2459 placuit,
1887 2421 2031 2451 debitum
2049 2427 2160 2452 nature

1151 2477 1315 2517 persolvit.
1336 2475 1397 2506 Sed
1417 2475 1571 2514 quoniam
1591 2475 1630 2504 ad
1654 2479 1758 2513 partes
1779 2483 1841 2504 non
1859 2475 2004 2513 pervenit
2020 2475 2159 2512 easdem⁷

1156 2532 1294 2571 prelatus
1316 2538 1368 2559 rex
1392 2528 1441 2558 vel
1464 2528 1639 2557 servientes
1659 2527 1761 2566 ipsius
1782 2527 1870 2556 mille
1893 2528 2111 2566 septingentas
2132 2533 2162 2559 et

1155 2584 1387 2623 quinquaginta
1402 2581 1499 2611 libras
1517 2580 1739 2610 turonensium
1757 2580 1899 2619 ejusdem
1918 2580 2160 2620 archiepiscopi,

1154 2637 1237 2676 apud
1265 2636 1371 2666 locum
1398 2635 1530 2664 fratrum
1561 2634 1795 2672 predicatorum
1820 2633 1859 2662 de
1883 2633 2022 2664 Turonis
2044 2634 2161 2664 fidncia

1156 2699 1268 2721 secura
1284 2688 1460 2727 depositas,
1477 2687 1546 2726 capi
1564 2687 1639 2716 fecit
1659 2691 1689 2716 et
1707 2686 1824 2716 deferri
1841 2687 1986 2716 Par-isius
2007 2696 2060 2716 eas
2077 2687 2160 2717 inibi

1155 2744 1288 2774 nomine
1316 2743 1404 2780 regio
1427 2741 1642 2780 deponendas.
1672 2740 1752 2769 Cum
1778 2741 1886 2778 itaque
1914 2741 2052 2779 prefatus
2078 2741 2160 2770 Vin—

1155 2804 1267 2828 centus
1282 2802 1439 2835 quantum
1454 2795 1537 2824 ineo
1552 2794 1689 2823 fueritin
1700 2793 1758 2823 hac
1773 2798 1860 2832 parte
1872 2794 2036 2832 perfecerit
2053 2800 2158 2824 votum

1156 2859 1248 2880 suum
1267 2854 1297 2878 et
1312 2849 1502 2878 immunitas
1515 2847 1596 2876 dicte
1612 2846 1736 2876 decime
1750 2846 1810 2876 sibi
1828 2851 1919 2876 nacta
1936 2846 2079 2876 frma-ari
2096 2856 2160 2877 non

1156 2903 1283 2939 debeat,
1302 2911 1338 2931 ac
1359 2900 1474 2938 etiam,
1501 2902 1582 2929 sicut
1601 2899 1695 2929 habet
1712 2899 1874 2936 fidedigna
1893 2899 2019 2936 relatio,
2038 2900 2069 2928 in
2088 2908 2161 2929 suos

1157 2961 1187 2986 et
1202 2957 1359 2986 sociorum
1379 2962 1509 2983 suorum
1530 2952 1727 2982 necessarios
1747 2957 1914 2991 apparatus
1936 2960 2085 2989 magnam
2103 2960 2160 2981 ex-

1157 3008 1303 3048 penderit
1319 3006 1454 3046 pecunie
1474 3005 1703 3044 quantitatem,
1727 3004 1867 3042 regalem
1887 3004 2159 3042 magnificentiam
