2393 3496
897 309 1141 356 crNQann
1163 310 1322 351 ANNnn.
2100 331 2158 363 933

63 401 79 420 t
100 388 150 420 vel
164 387 303 418 officium
320 385 543 424 tangentibus,
561 386 612 416 vel
627 395 829 427 quocumque
846 387 942 417 modo
960 386 1065 417 delin-

63 454 79 472 »
100 444 232 482 querent
248 439 284 469 in
303 438 397 469 domo
412 438 677 478 archiepiscopali
692 439 743 471 vel
758 440 859 480 ipsius
875 440 1045 480 perpensio
1057 463 1064 477 ,

63 509 80 527 n
97 494 276 536 Jurisdictio
290 493 428 524 totaliter
443 494 601 533 pertineat
612 495 652 524 ad
665 495 943 535 archiepiscopum
959 504 1066 535 supra-

64 562 80 579 »
100 549 231 579 dictum.
247 547 287 577 In
304 545 378 576 aliis
393 555 468 576 vero
481 547 632 577 omnibus
649 553 678 577 et
693 548 832 586 singulis
849 549 887 578 de
902 548 1020 587 quibus
1037 552 1067 578 et

63 613 81 632 n
101 610 194 640 super
210 599 327 639 quibus
345 598 470 638 aliquid
488 600 636 638 superius
652 600 703 630 vel
721 601 857 631 inferius
872 610 938 632 non
954 601 1065 632 statui-

63 657 81 684 ἰ
99 663 171 685 111115
187 662 241 683 seu
262 656 458 690 statuemus,
475 653 655 683 diffinimus
674 663 730 684 seu
753 654 952 685 diffiniemus
964 679 971 692 ,
990 654 1066 684 uni-

63 721 80 738 »
100 707 212 746 cuique
226 706 280 745 jus
299 714 395 735 suum
414 710 580 735 remaneat
598 705 772 737 illibatum.
791 707 894 738 Salvis
912 712 1018 738 tamen
1037 710 1068 737 et

63 773 80 792 ι
99 760 230 792 retentis
245 759 340 789 nobis
352 759 425 798 jure
442 763 473 789 et
487 763 638 798 potestate
653 760 805 797 addendi,
822 761 981 798 mutandi,
997 770 1067 791 cor-

65 827 82 845 »
101 813 239 852 figendi,
257 812 454 850 declarandi,
473 813 706 852 interpretandi
725 818 755 844 et
770 814 978 844 modificandi
993 824 1066 854 pre-

63 879 82 899 »
102 867 184 898 dicta
196 869 228 896 et
241 865 444 904 infrascripta
458 869 551 904 prout
566 866 660 896 nobis
673 866 827 905 placuerit
843 871 873 897 et
884 867 1067 898 videbimus

59 931 84 953 ι
101 918 256 959 expedire.
274 918 357 948 Item
373 917 510 948 dicimus
526 922 557 948 et
569 918 718 949 volumus
731 943 737 956 ,
751 919 938 950 ordinamus
954 924 984 950 et
997 929 1066 960 pro-

63 984 82 1003 ι
100 972 286 1004 nuntiamus
305 972 405 1011 quod,
425 972 452 1001 si
469 968 645 1002 ca'nonieus
660 977 715 1003 aut
731 974 878 1004 canonici
893 973 943 1004 vel
959 973 1067 1004 clerici

62 1036 81 1058 ἰ
100 1025 231 1058 ecclesie
249 1025 476 1063 Lugdunensis
493 1025 544 1055 vel
564 1025 740 1056 familiares
758 1035 869 1056 eorum
885 1027 920 1056 in
937 1026 1067 1057 clericos

62 1091 80 1111 n
99 1078 149 1110 vel
167 1087 317 1118 personas
335 1078 501 1117 religiosas
522 1078 572 1109 vel
592 1078 671 1109 alias
687 1088 912 1119 quascunque,
931 1081 1068 1120 exceptis

60 1145 79 1163 ι
97 1131 308 1163 familiaribus
328 1131 579 1170 archiepiscopi,
596 1132 635 1162 de
656 1132 773 1171 quibus
794 1133 940 1163 nondum
961 1133 1066 1163 deter-

61 1199 77 1215 a
96 1186 255 1216 minatum
275 1189 338 1223 est,
357 1186 396 1215 de
415 1185 543 1215 civitate
569 1190 599 1215 et
619 1186 739 1216 diocesi
764 1185 813 1216 vel
840 1187 874 1216 in
895 1187 1020 1217 civitate
1039 1191 1069 1217 et

60 1251 76 1269 ι
96 1238 216 1270 diocesi
231 1238 442 1276 Lugdunensi
460 1243 696 1269 commorantes
712 1239 884 1278 deliquisse
900 1240 1066 1276 dicentur,

51 1303 79 1326 2»
98 1293 160 1323 duo
173 1292 320 1323 canonici
335 1292 467 1322 ecclesie
484 1292 523 1322 de
542 1292 608 1322 illis
626 1293 681 1331 qui
696 1293 858 1331 probiores
874 1293 1022 1324 homines
1039 1297 1069 1324 et

59 1358 78 1384 ρ
96 1345 198 1385 magis
219 1345 346 1385 pacifici
367 1346 618 1384 reputabuntur,
637 1346 734 1376 annis
755 1347 891 1384 singulis
911 1356 966 1385 per
983 1347 1069 1386 capi-

56 1410 78 1435 sp
97 1399 201 1430 tulum
217 1398 380 1437 eligentur
395 1403 426 1428 et
443 1399 602 1437 jurabunt
621 1399 764 1429 officium
782 1400 841 1429 sibi
860 1400 1069 1430 commissum

23 1457 26 1461 '
51 1451 78 1483 ἰ
97 1451 236 1482 fideliter
253 1460 411 1489 exercere,
428 1452 484 1490 qui
499 1452 585 1481 infra
599 1452 764 1490 sexaginta
781 1452 849 1482 dies
867 1457 897 1482 et
915 1453 1023 1491 citius,
1042 1453 1070 1483 si

59 1517 78 1536 ι
99 1505 262 1537 commode
278 1506 411 1545 possint,
428 1515 446 1535 a
462 1509 602 1544 tempore
621 1506 824 1545 querimonie
839 1515 985 1536 excessus
1002 1516 1071 1546 pre·

62 1571 80 1589 n
100 1559 198 1590 dictos
220 1559 357 1598 perfecte
381 1563 412 1589 et
436 1568 577 1597 congrue
602 1559 721 1589 faciant
742 1559 927 1597 emendari,
952 1564 982 1590 et
1005 1560 1071 1590 nisi

64 1625 80 1642 2
100 1613 186 1644 infra
202 1617 328 1652 tempus
344 1612 522 1651 predictum
538 1613 671 1642 fecerint
688 1613 874 1650 emendari,
893 1613 1070 1652 archiepis-

65 1679 81 1695 »
101 1675 196 1706 copus
213 1666 363 1696 nominet
378 1666 457 1696 duos
474 1666 645 1696 canonicos
661 1666 700 1695 de
715 1666 853 1704 capitulo
869 1675 948 1705 quos
966 1666 1070 1696 volue-

62 1731 81 1749 n
101 1719 154 1758 rit,
166 1722 196 1750 et.
206 1719 256 1749 illi
268 1723 428 1759 ponantur
436 1728 492 1758 per
505 1718 683 1757 capitulum
697 1720 764 1758 qui,
777 1723 811 1749 ut
823 1720 1002 1758 predictum
1012 1723 1069 1757 est,

51 1765 82 1802 ἰ
102 1773 241 1812 predicta
264 1773 384 1802 faciant
406 1772 585 1808 emendari,
605 1772 670 1801 nisi
689 1781 745 1811 per
767 1777 888 1817 partem
912 1776 1072 1811 petentem

64 1837 81 1855 ι
102 1826 271 1857 emendam
294 1826 353 1855 sibi
377 1826 447 1855 fieri
470 1825 553 1855 ultra
578 1825 677 1856 dictos
699 1826 864 1864 sexaginta
885 1827 953 1857 dies
977 1835 1072 1865 opor-

10 1908 13 1910 ,
63 1891 82 1909 ι»
101 1880 198 1910 tuerit
212 1879 389 1919 prorogari.
409 1880 445 1909 Et
460 1879 487 1909 si
503 1879 582 1909 forte
597 1884 667 1918 post
679 1880 935 1918 prorogationem
948 1880 1072 1919 predic-

64 1945 80 1963 »
101 1936 165 1963 tam
184 1932 400 1963 necessariam
421 1933 520 1971 primi
537 1933 601 1962 duo
615 1933 814 1971 negligentes
836 1934 1018 1971 existerent,
1038 1937 1072 1964 ut

62 1997 80 2016 1»
100 1995 205 2026 supra,
222 1987 256 2016 in
280 1986 418 2016 emenda
433 1986 599 2023 facienda,
620 1987 702 2016 dicto
719 1987 956 2026 archiepiscopo
977 1987 1072 2017 liceat

64 2051 79 2068 ι
100 2039 179 2070 duos
193 2040 363 2070 nominare
377 2040 433 2079 qui
449 2040 662 2070 instituantur
673 2040 713 2069 ad
728 2040 799 2078 hoc,
813 2040 906 2071 modo
922 2045 952 2071 et
968 2041 1072 2071 forma

64 2105 80 2122 ι
95 2093 247 2133 'superius
269 2093 454 2133 prelibatis,
474 2094 529 2132 qui
552 2102 663 2123 omnes
685 2093 817 2133 predicti
839 2094 1001 2124 consimili
1024 2103 1071 2124 as-

63 2157 81 2174 »
102 2146 286 2184 tringantur
310 2151 522 2176 sacramento.
551 2146 654 2185 Super
681 2147 762 2176 facto
789 2151 897 2177 autem
920 2147 1072 2186 prepositi

64 2210 79 2226 ι
100 2199 243 2230 Forverii
266 2199 436 2229 statuimus
459 2199 545 2238 quod
569 2199 654 2229 idem
676 2200 854 2238 prepositus
874 2203 904 2230 et
925 2200 1072 2230 canonici

65 2263 80 2280 ι
101 2251 243 2283 Forverii
260 2252 385 2291 ,ibidem
406 2252 583 2282 residentes
604 2262 659 2282 seu
683 2253 819 2292 hospitia
842 2256 987 2283 tenentes
1008 2253 1074 2283 sint

65 2316 82 2334 n
103 2309 134 2336 et
146 2311 336 2336 remaneant
349 2306 384 2335 in
398 2306 598 2344 possessione
613 2306 663 2336 vel
677 2307 765 2345 quasi
784 2306 945 2336 vendendi
959 2307 1073 2336 vinum

63 2369 82 2386 ω
104 2361 244 2398 tempore
266 2359 367 2389 banni
389 2359 473 2398 apud
494 2359 682 2389 Forverium
703 2360 737 2389 in
754 2360 903 2390 domibus
919 2361 1004 2397 suis,
1023 2360 1073 2390 vel

56 2415 83 2440 'n
103 2411 139 2442 in
167 2413 285 2451 quihus
309 2413 450 2451 degunt,
476 2413 562 2443 salvo
588 2417 695 2442 tamen
719 2414 791 2452 jure
814 2414 1014 2452 proprietatis
1037 2414 1073 2443 in

66 2475 82 2492 ι
104 2465 254 2504 predictis
276 2466 515 2506 archiepiscopo
534 2471 722 2497 memorato.
739 2467 821 2496 Item
842 2475 915 2496 cum
936 2467 1073 2497 invene-

66 2529 82 2546 »
103 2518 205 2549 rimus
221 2519 413 2550 discordiam
430 2529 497 2550 esse
513 2520 599 2549 inter
613 2520 890 2559 archiepiscopum
906 2524 936 2550 et
951 2521 1073 2559 capitu-

66 2581 82 2599 »
103 2569 173 2602 lum
189 2572 385 2611 supradictos
399 2582 494 2611 super
507 2573 612 2602 danda
624 2572 755 2603 licentia
771 2573 952 2603 doctoribus
967 2572 1074 2611 legere

13 2631 18 2634 ’
66 2635 82 2651 ι
103 2624 282 2656 volentibus
297 2626 332 2655 in
349 2626 476 2655 civitate
489 2626 701 2663 Lugdunensi
717 2626 751 2655 in
765 2626 838 2664 jure
853 2626 1008 2655 canonico
1024 2624 1074 2655 vel

67 2688 83 2704 n
104 2677 210 2715 civili,
233 2678 408 2717 predictam
435 2679 613 2708 diffinimus
639 2678 830 2708 discordiam
852 2682 882 2708 et
901 2678 1074 2708 statuimus

67 2741 83 2758 ι
105 2735 136 2761 et
156 2731 357 2769 ordinamus,
381 2737 545 2771 utsupra,
568 2732 629 2762 hoc
647 2731 741 2762 modo
757 2731 904 2761 videlicet
920 2731 1003 2770 quod
1023 2740 1073 2761 ar-

67 2794 84 2811 »
105 2784 324 2824 chiepiscopus
341 2786 398 2824 qui
417 2794 473 2824 pro
495 2790 636 2824 tempore
652 2785 749 2815 fuerit
764 2785 861 2824 possit
879 2785 954 2814 dare
968 2784 1074 2815 licen-

67 2846 84 2863 1»
105 2836 184 2866 tiam
207 2836 357 2875 legendi,
383 2837 529 2873 dicendi,
555 2837 689 2867 docendi
713 2837 971 2876 quandocunque
995 2846 1073 2875 opus

69 2899 84 2916 ι
105 2888 202 2919 fuerit
227 2889 278 2920 vel
294 2891 355 2920 sibi
372 2890 534 2920 videbitur
555 2890 613 2919 uni
627 2890 751 2928 [doctori
769 2891 803 2919 in
821 2890 946 2927 legibus
966 2894 996 2919 et
1015 2889 1073 2919 alii

69 2952 84 2976 1,·
106 2941 142 2972 in
159 2941 370 2973 decretalibus
381 2967 388 2981 ‚
406 2947 437 2973 et
452 2942 629 2982 capitulum
646 2943 704 2972 uni
725 2943 759 2972 in
775 2942 901 2981 legibus
919 2946 950 2972 et
966 2942 1021 2971 alii
1036 2942 1073 2971 in

67 3005 81 3021 ι
108 2994 334 3033 decretatibus3
351 3005 415 3026 non
432 2996 554 3035 possint
569 2996 675 3035 plures
692 2996 872 3032 instituere,
890 2995 954 3025 nisi
968 2995 1007 3025 de
1022 2995 1073 3034 ip-

1153 398 1167 413 »
1192 395 1300 417 sorum
1325 387 1558 428 archiepiscopi
1584 394 1614 420 et
1639 391 1769 430 capituli
1792 393 1943 423 concordi
1969 398 2159 433 processerit

1151 452 1165 466 »
1189 439 1364 471 voluntate.
1383 442 1552 473 Doctorem
1565 444 1686 474 veroin
1699 444 1832 475 decretis
1846 445 2017 477 instituant
2031 449 2158 480 archie-

1152 505 1165 520 »
1189 494 1336 532 piscopus
1358 498 1388 525 et
1409 496 1585 535 capitulum
1607 498 1789 529 comuniter
1807 499 1858 529 vel
1879 509 1991 530 eorum
2008 502 2092 532 vices
2107 512 2158 542 ge-

1152 556 1165 571 »
1189 550 1297 576 rentes
1313 555 1368 585 pro
1384 556 1440 577 sue
1456 547 1548 578 libito
1567 549 1750 580 voluntatis.
1769 551 1933 582 Predictos
1956 561 2032 583 vero
2052 554 2159 585 docto-

1151 609 1164 623 »
1189 607 1239 628 res
1268 603 1331 629 tam
1361 600 1396 629 in
1423 601 1496 639 jure
1527 602 1615 632 civili
1646 612 1743 642 quam
1774 605 1929 635 canonico
1965 610 1996 636 et
2026 607 2160 639 decretis

1150 662 1164 677 >⁷
1188 651 1357 682 instituere
1373 652 1510 683 debeant
1523 659 1586 684 tam
1601 656 1857 696 archiepiscopus
1875 667 1972 697 quam
1984 660 2160 699 capitulum

1151 715 1165 730 n
1190 704 1343 735 oriundos
1361 705 1399 735 de
1415 707 1656 738 citramontanis
1672 710 1825 748 partibus,
1843 720 1909 741 non
1925 717 2031 743 autem
2045 714 2157 744 oriun-

1152 769 1165 783 »
1190 757 1246 786 dos
1269 758 1308 787 de
1331 758 1446 796 Italia,
1462 761 1527 790 nisi
1547 763 1744 792 concorditer
1766 765 1956 802 processerit
1973 766 2012 797 de
2029 768 2160 798 comuni

1152 821 1166 836 n
1191 811 1360 840 concordia
1376 816 1407 841 et
1421 812 1584 843 voluntate
1601 814 1833 856 archiepiscopi
1848 821 1878 847 et
1894 818 2023 857 capituli
2038 820 2160 859 predic-

1152 874 1166 889 »
1191 867 1308 893 torum.
1326 864 1413 894 Dicti
1428 869 1535 895 autem
1552 866 1694 897 doctores
1710 872 1741 898 et
1756 869 1851 899 etiam
1862 870 2032 902 baccalarii
2046 881 2159 904 omnes

1153 928 1167 943 5>
1187 917 1300 956 jurare
1321 918 1458 948 debeant
1476 923 1507 949 et
1524 924 1693 950 teneantur
1712 923 1794 961 quod
1814 932 1879 953 non
1897 925 2047 955 assistent
2064 926 2159 957 alicui

1153 982 1166 997 n
1191 971 1227 1000 in
1250 971 1372 1009 judicio
1396 972 1445 1001 vel
1474 977 1561 1003 extra
1589 974 1623 1003 in
1651 974 1795 1005 consiliis
1822 976 1872 1006 vel
1900 977 2160 1010 advocationibus

1154 1035 1167 1051 »
1192 1028 1302 1054 contra
1316 1024 1591 1065 archiepiscopum
1608 1030 1638 1057 et
1653 1028 1828 1067 capitulum
1848 1032 1878 1059 et
1898 1030 2041 1069 singulos
2055 1032 2093 1061 de
2109 1042 2160 1063 ca-

1153 1089 1167 1104 »
1190 1076 1292 1116 pitulo
1318 1077 1353 1106 in
1377 1078 1469 1108 factis
1494 1078 1625 1109 ecclesie
1652 1081 1806 1119 quamdiu
1831 1081 1939 1119 legent
1968 1083 2003 1113 in
2032 1084 2161 1115 civitate

1152 1142 1167 1158 n
1192 1131 1419 1169 Lugdunensi3
1433 1136 1463 1161 et
1474 1132 1500 1162 si
1511 1132 1638 1172 aliquod
1650 1138 1803 1164 statutum
1816 1135 1867 1164 vel
1877 1136 2036 1167 ordinatio
2052 1141 2162 1168 contra

1154 1194 1167 1210 »
1190 1183 1251 1214 hoc
1269 1184 1350 1214 facta
1362 1184 1459 1214 fuerit
1473 1185 1507 1214 iu
1523 1186 1660 1225 capitulo
1678 1196 1733 1217 seu
1749 1197 1767 1217 a
1782 1188 1920 1227 capitulo
1936 1189 2159 1229 Lugdunensi,

1152 1247 1168 1267 )
1190 1237 1273 1267 illud
1298 1242 1328 1267 et
1345 1237 1436 1268 illam
1455 1238 1604 1269 volumus
1623 1244 1652 1270 et
1671 1241 1865 1280 precipimus
1880 1243 2007 1281 penitus
2023 1253 2089 1274 non
2105 1254 2160 1274 va-

1153 1302 1167 1317 »
1189 1290 1256 1321 lere
1276 1300 1335 1321 nec
1357 1296 1482 1329 tenere,
1500 1297 1531 1323 et
1547 1303 1694 1332 expresse
1711 1304 1767 1333 per
1785 1296 1960 1334 capitulum
1975 1303 2160 1337 revocetur,

1153 1357 1166 1371 n
1192 1348 1222 1374 et
1238 1344 1424 1375 nullatenus
1443 1346 1627 1377 observetur
1639 1371 1647 1385 ,
1665 1352 1694 1377 et
1714 1357 1771 1378 1105
1790 1358 1934 1388 expresse
1953 1350 2050 1381 etiam
2068 1361 2160 1382 revo-

1154 1409 1168 1424 n
1192 1406 1314 1428 camus.
1334 1398 1470 1437 Insuper
1484 1400 1670 1437 statuimus,
1693 1400 1842 1431 volumus
1859 1407 1889 1432 et
1903 1403 2104 1442 ordinamus,
2128 1409 2164 1436 ut

1154 1462 1167 1477 n
1191 1460 1300 1490 supra,
1311 1451 1394 1490 quod
1406 1452 1526 1482 dictum
1537 1454 1713 1492 capitulum
1725 1455 1857 1486 Nicolao
1869 1456 1908 1486 de
1922 1456 2031 1495 Billes,
2043 1457 2163 1489 doctori

1155 1515 1168 1530 1,
1192 1503 1313 1542 legum,
1332 1504 1409 1534 dent
1425 1509 1454 1535 et
1469 1506 1644 1536 concedant
1658 1507 1824 1538 licentiam
1840 1508 1968 1547 legendi
1983 1515 2013 1540 et
2025 1511 2162 1542 docendi

1153 1569 1169 1584 »
1192 1557 1227 1587 in
1243 1557 1373 1588 civitate
1390 1558 1602 1596 Lugdunensi
1622 1561 1768 1599 quotiens
1785 1565 1815 1591 et
1835 1563 1988 1601 quamdiu
2007 1564 2113 1602 legere
2131 1569 2162 1596 et

1154 1622 1169 1638 »
1193 1610 1306 1641 docere
1314 1611 1493 1641 volueritin
1506 1613 1634 1643 civitate
1645 1614 1797 1652 predicta.
1811 1616 1903 1653 Item,
1918 1617 2160 1656 quiaintellexi-

1154 1674 1169 1690 n
1193 1672 1265 1693 mus
1277 1665 1362 1702 quod
1374 1663 1493 1703 pluries
1504 1670 1630 1704 propter
1643 1667 1858 1698 dissensiones
1870 1673 1900 1698 et
1914 1670 2089 1701 discordias
2100 1680 2162 1711 que

1155 1729 1169 1744 n
1193 1716 1344 1746 oriuntur
1358 1717 1443 1747 inter
1454 1718 1727 1758 archiepiscopum
1741 1725 1771 1750 et
1785 1722 1960 1760 capitulum
1972 1730 2163 1755 memoratos

1155 1781 1170 1797 »
1193 1779 1212 1799 a
1228 1770 1348 1800 divinis
1364 1779 1436 1809 sepe
1452 1776 1593 1801 cessatur
1615 1772 1650 1802 in
1671 1773 1803 1803 ecclesia
1824 1775 2035 1813 Lugdunensi
2058 1782 2088 1807 et
2111 1788 2161 1809 ec-

1155 1833 1170 1853 )
1193 1823 1292 1853 clesia
1302 1824 1408 1854 debito
1421 1824 1627 1856 defraudatur
1638 1827 1778 1865 servitio,
1796 1828 1834 1858 de
1848 1838 2006 1860 consensu
2022 1832 2163 1870 partium

1155 1889 1169 1903 »
1193 1878 1375 1915 statuimus,
1387 1878 1576 1909 ordinamus
1588 1885 1617 1910 et
1629 1881 1818 1917 diffinimus,
1833 1887 1983 1922 utsupra,
2000 1885 2083 1923 quod
2095 1886 2161 1915 sin-

1155 1943 1170 1958 »
1193 1931 1279 1969 gulis
1292 1932 1399 1969 annis,
1415 1932 1467 1962 die
1479 1942 1540 1971 qua
1557 1935 1745 1964 tractabitur
1757 1935 1796 1966 de
1813 1936 1966 1967 electione
1977 1939 2162 1969 officialium

1155 1996 1169 2011 n
1194 1984 1283 2014 curie
1302 1984 1455 2014 secularis
1473 1986 1718 2025 Lugdunensis,
1737 1988 1800 2019 duo
1814 1991 1906 2028 probi
1922 1991 1984 2020 viri
2003 1992 2163 2030 eligantur

1156 2049 1169 2064 n
1193 2037 1228 2066 in
1249 2037 1398 2076 capitulo,
1415 2047 1500 2069 unus
1516 2039 1555 2068 ab
1574 2040 1810 2080 archiepiscopo
1830 2046 1858 2072 et
1876 2043 1958 2073 alius
1975 2053 1992 2074 a
2008 2046 2160 2084 capitulo,

1155 2102 1170 2118 »
1194 2091 1251 2129 qui
1266 2090 1394 2129 plenam
1411 2095 1439 2121 et
1458 2091 1594 2122 liberam
1611 2093 1750 2124 habeant
1765 2100 1949 2133 potestatem
1965 2102 2048 2127 ortas
2066 2108 2162 2137 ques-

1156 2156 1169 2171 »
1195 2144 1299 2174 tiones
1315 2153 1369 2174 seu
1386 2144 1540 2175 oriundas
1556 2145 1612 2176 illo
1629 2155 1714 2177 anno
1730 2148 1814 2177 inter
1834 2153 1936 2187 partes
1955 2150 1993 2180 de
2012 2151 2106 2190 plano
2133 2156 2165 2183 et

1155 2209 1170 2224 n
1195 2198 1266 2227 sine
1285 2198 1417 2236 strepitu
1432 2198 1547 2236 judicii
1563 2200 1736 2231 terminare
1757 2205 1787 2231 et
1802 2203 1921 2241 sopire,
1941 2208 1971 2233 et
1985 2205 2094 2243 jurare
2117 2210 2164 2236 te-

1157 2263 1171 2277 »
1195 2254 1334 2280 neantnr
1356 2251 1497 2289 predicta
1520 2261 1612 2290 agere
1630 2253 1713 2283 bona
1734 2255 1815 2290 fide,
1839 2256 1882 2285 ita
1906 2257 1990 2296 quod
2012 2258 2162 2298 deinceps

1157 2315 1171 2330 ι)
1195 2304 1302 2333 omnis
1318 2303 1446 2333 tollatur
1461 2306 1594 2335 materia
1610 2306 1766 2337 discordie
1791 2313 1821 2338 et
1843 2310 1965 2340 occasio
1985 2313 2130 2343 cessandi
2145 2322 2165 2343 a

1157 2368 1171 2383 »
1196 2356 1316 2386 divinis
1339 2357 1373 2386 in
1399 2357 1531 2388 ecclesia
1553 2359 1775 2397 Lugdunensi.
1800 2362 1959 2393 Nolumus
1979 2370 2086 2395 autem
2105 2376 2164 2398 nos

1158 2422 1171 2436 n
1196 2409 1331 2448 predicti
1354 2410 1534 2441 cardinales
1555 2412 1639 2451 quod
1664 2423 1720 2452 per
1742 2423 1778 2444 ea
1800 2424 1862 2454 que
1887 2426 1982 2456 supra
2000 2418 2141 2450 diximus
2156 2444 2163 2458 ,

1159 2474 1172 2489 »
1197 2463 1383 2499 statuimus,
1401 2463 1614 2495 diffinivimus
1631 2471 1661 2496 et
1673 2468 1894 2499 ordinavimus
1910 2470 2070 2509 aliquibus
2087 2482 2163 2503 cou-

1159 2529 1173 2543 »
1197 2516 1401 2546 ventualihus
1419 2518 1469 2547 vel
1496 2518 1671 2558 collegiatis
1692 2521 1833 2552 ecclesiis
1856 2523 1905 2553 vel
1923 2526 2068 2563 personis
2084 2527 2164 2557 civi-

1160 2581 1173 2596 »
1198 2570 1270 2599 tatis
1289 2569 1526 2609 Lugdunensis,
1545 2571 1593 2602 vel
1610 2572 1683 2603 aliis
1699 2575 1755 2613 qui
1771 2575 1803 2604 in
1821 2585 1879 2606 nos
1896 2586 1960 2607 non
1977 2581 2165 2618 compromi-

1159 2635 1173 2650 ι
1198 2627 1309 2652 serunt
1333 2622 1384 2652 vel
1410 2624 1608 2655 ordinationi
1631 2631 1739 2657 nostre
1761 2637 1881 2658 senon
1905 2638 2162 2671 supposuerunt,

1159 2688 1172 2703 n
1197 2676 1326 2715 aliquod
1347 2677 1561 2716 prejudicium
1583 2685 1766 2719 generetur,
1792 2691 1850 2712 nec
1872 2683 1968 2713 etiam
1988 2685 2033 2715 eis
2053 2686 2109 2725 qui
2132 2696 2166 2718 se

1159 2741 1172 2756 n
1197 2733 1444 2768 supposuerunt,
1457 2730 1523 2760 nisi
1537 2731 1570 2760 in
1587 2732 1654 2762 hiis
1669 2733 1707 2763 de
1719 2734 1837 2772 quibus
1851 2745 1996 2775 expresse
2009 2738 2163 2779 diximus,

1159 2794 1172 2809 n
1197 2783 1382 2819 statuimus,
1401 2782 1634 2822 diffinivimus,
1654 2787 1895 2826 ordinavimus,
1916 2794 1952 2819 ut
1973 2800 2086 2829 supra,
2113 2792 2165 2823 vel

1159 2847 1171 2861 n
1197 2836 1293 2865 etiam
1309 2835 1531 2867 ordinabimus
1546 2837 1579 2866 in
1596 2838 1754 2871 futurum.
1772 2841 1853 2871 Item
1868 2842 2016 2880 dicimus,
2034 2845 2164 2875 ordina-

1159 2901 1172 2916 »
1196 2897 1285 2925 mus,
1304 2888 1451 2918 volumus
1470 2894 1500 2919 et
1513 2892 1759 2928 pronuntiamus
1784 2895 1884 2933 quod,
1909 2896 1936 2924 si
1959 2896 1997 2926 de
2013 2900 2144 2928 comuni

1158 2954 1172 2969 n
1195 2941 1344 2972 concordi
1360 2966 1366 2978 ‚
1386 2942 1526 2972 evidenti
1541 2948 1571 2973 et
1585 2945 1755 2976 manifesto
1772 2956 1930 2978 consensu
1949 2953 1977 2978 et
1993 2951 2165 2982 concordia

1157 3006 1172 3022 ι
1195 2994 1427 3033 archiepiscopi
1441 3000 1473 3025 et
1487 2997 1619 3035 capituli
1638 2999 1851 3036 predictorum
1863 3023 1873 3040 ,
1892 3002 1943 3032 vel
1960 3002 2102 3041 ipsorum
2118 3005 2164 3035 vi-
