2393 3496
224 307 280 336 886
972 300 1206 330 REGISTRES
1229 299 1280 327 DE
1304 298 1486 327 NICOLAS
1512 298 1564 327 lV.

226 372 371 409 Anglizw.
389 372 442 410 qui
461 382 484 398 r:
503 380 531 399 ’ῃ
550 371 657 399 nod-in
678 378 750 405 rege
769 370 833 397 suis
850 367 1030 406 sumptibus
1046 367 1078 395 in
1096 366 1226 394 Terram

224 426 372 456 Sanctam
387 426 579 463 profecturus
591 427 646 456 cst,
662 422 821 459 dispenset
836 426 867 449 ut
880 419 1044 449 ecclesiam
1059 419 1097 447 de
1112 419 1227 455 Magna

229 478 357 507 Roudon
389 482 418 506 et
446 475 610 505 ecclesiam
643 474 680 502 de
710 473 868 508 Esondeu,
899 472 1041 510 ejusdem
1060 471 1224 506 dioecesis,

224 540 301 569 quas
327 531 394 559 sine
414 528 649 566 disponsatione
666 526 798 555 insimul
814 526 961 559 detinuit,
983 524 1067 554 licite
1087 523 1226 553 retinere

224 583 337 622 possit,
355 581 526 610 dummodo
543 580 580 608 ad
598 579 768 608 arbitritum
786 579 859 608 boui
883 579 941 607 viri
962 586 1136 615 congruam
1155 585 1224 615 por-

224 636 340 665 tionem
357 635 376 663 si
388 640 515 662 urtuum
531 641 565 661 ex
583 632 702 660 eisdem
719 631 859 661 ecclesiis
873 632 939 670 jam
957 635 1174 669 perceptorum
1190 630 1224 659 in

222 696 330 716 earum
349 686 526 714 evidentem
545 684 713 713 utilitatem
731 689 903 714 convertat.

263 753 275 765 a
296 739 416 767 Meritis
438 737 544 766 dilecti
568 737 665 767 lilii...
688 753 728 759 —
748 738 815 766 Dat.
837 738 954 773 Rome,
976 737 1059 775 apud
1076 738 1223 766 Sanctam

223 792 354 820 Mariani
375 791 538 829 Majorem,
556 800 572 819 x
591 790 743 820 kalendas
761 791 879 827 martii,
898 799 983 820 anno
999 795 1122 829 quarto.
1142 803 1155 817 r>

289 975 407 1004 6650

256 1036 385 1064 Facultns
402 1037 524 1072 eligendi
542 1038 737 1064 confessorem
759 1039 915 1072 proprium.
933 1038 1015 1069 (Rea.
1037 1038 1085 1070 46,
1108 1047 1133 1065 o.
1156 1037 1221 1070 761,

218 1086 237 1113 f.
263 1087 305 1113 151
330 1093 371 1114 1‘02
396 1086 511 1120 PoTTn.y
528 1087 638 1120 23912.)

551 974 906 1009 Sainte-Mario-Majffllrc,
923 975 937 1001 5
954 975 1057 1001 fex-ries
1074 975 1150 1002 1292.

264 1189 429 1217 l'enrrabile'
440 1190 536 1225 fratri
551 1190 696 1226 Jerwzclo,
714 1190 935 1227 archiepiscopo
951 1190 1151 1219 Nz'clrosiensi.

258 1254 270 1267 1«
298 1242 441 1278 Benigno
463 1241 517 1270 tibi
541 1246 652 1271 sunt...
677 1259 715 1262 —
739 1243 808 1272 Dat.
833 1243 948 1279 Rome,
970 1243 1053 1282 apud
1072 1243 1221 1273 Sanctam

218 1294 351 1324 Mariam
374 1295 537 1333 Mnjorem,
559 1295 652 1324 nonis
670 1295 840 1333 februarii,
857 1304 943 1326 anno
963 1300 1086 1335 quarto.
1107 1308 1119 1323 n

285 1480 400 1507 6651

251 1541 381 1567 Fau-ultas
397 1541 562 1568 absolvendi
579 1552 594 1568 a
609 1543 756 1570 canonicis
773 1544 935 1572 sententiis.
953 1544 1037 1578 (Rea.
1054 1545 1098 1579 46,
1116 1553 1142 1571 c.
1160 1545 1220 1581 76⁶2,

214 1591 232 1616 f.
259 1591 301 1617 151
324 1591 370 1622 ΓΟ.)

524 1480 883 1516 Sainte-Marie-Majeure,
903 1482 931 1509 11
951 1482 1054 1509 fevi-iei-
1071 1483 1149 1511 1292.

261 1693 427 1721 Venerabili
444 1694 540 1728 fratri
560 1717 579 1724 ..
597 1695 728 1732 episcopo
744 1695 913 1724 Pictavensi
926 1695 1145 1726 committitut
1162 1696 1221 1726 lai-

213 1755 264 1776 cos
282 1750 312 1775 et
326 1745 457 1776 clericos
473 1756 548 1776 suae
564 1747 701 1777 civitatis
720 1752 750 1778 et
765 1748 919 1778 dioecesis
937 1749 993 1788 qui
1012 1758 1067 1788 pro
1082 1750 1221 1780 violenta

213 1809 369 1829 manuum
387 1801 559 1838 injectione
581 1801 614 1830 in
639 1801 769 1832 clericos
787 1804 1128 1834 excommunicationis
1145 1814 1219 1834 sen-

213 1854 345 1883 tentiam
362 1854 570 1884 incurrerunt
586 1854 738 1885 absolvat.

253 1920 267 1933 «
285 1907 351 1936 Tua
369 1908 461 1937 nobis
483 1907 702 1940 fraternitas...
722 1925 763 1931 —
786 1909 857 1938 Dat.
879 1910 995 1946 Rome,
1019 1910 1103 1949 apud
1119 1910 1220 1941 Sanc-

212 1965 274 1990 tam
293 1961 427 1990 Mariam
448 1961 612 2000 Maj0rem¹
631 1972 663 1991 111
681 1962 753 1992 idus
772 1963 934 2000 februarii,
954 1972 1040 1994 anno
1057 1968 1182 2003 quarto.
1206 1977 1217 1991 n

282 2152 397 2180 6652

247 2213 430 2249 Dispensatio
445 2222 532 2249 super
548 2215 707 2249 pluralitate
723 2215 940 2245 beneficiorum.
956 2218 1040 2252 (Hm.
1057 2219 1100 2251 46,
1115 2227 1140 2247 c.
1157 2219 1218 2252 763,

212 2263 229 2289 f.
251 2263 294 2289 151
315 2268 361 2295 1-0.)

522 2153 882 2189 Satnte-Marie-Majeme,
902 2156 932 2182 14
939 2179 941 2182 .
948 2156 1053 2183 fevi-ier
1070 2157 1147 2184 1292.

258 2365 411 2393 tl'e'lliclmo
432 2365 465 2393 de
488 2365 595 2395 Sancto
615 2366 769 2403 Johmme,
793 2369 904 2397 rectori
924 2370 1040 2398 ecclesie
1064 2371 1098 2399 de
1121 2371 1218 2400 Scire-

209 2416 310 2453 burn,
345 2418 556 2447 antom‘ensz's
578 2419 713 2448 diocesis.
737 2420 817 2449 Cum
842 2429 877 2450 eo
901 2421 1063 2461 dispensat
1087 2426 1142 2460 ut,
1170 2425 1218 2454 di-

210 2470 309 2499 missa
326 2470 457 2500 ecclesia
473 2471 511 2500 de
534 2471 743 2509 Warneford,
764 2473 913 2504 eeclesias
930 2475 970 2505 de
985 2476 1173 2507 Wraduwel
1190 2482 1220 2507 et

209 2524 248 2554 de
267 2524 439 2554 Scireburn
459 2524 512 2563 (1),
534 2525 767 2555 Loudoniensis
788 2530 817 2556 et
835 2527 1075 2559 wintoniensis
1091 2530 1217 2560 dioece-

209 2578 306 2615 sium,
335 2579 557 2608 canonicatum
576 2584 606 2608 et
624 2580 839 2618 praehendam
856 2581 890 2611 in
916 2582 1049 2612 ecclesia
1066 2584 1217 2615 Herefor-

208 2631 300 2661 densi
319 2631 479 2670 possidere
498 2633 605 2670 possit.

249 2697 263 2711 «
281 2685 541 2715 Conversationis
564 2690 593 2715 et
616 2686 717 2716 vite...
736 2703 774 2708 —-
791 2688 862 2719 Dat.
882 2689 998 2726 Rome,
1017 2692 1101 2729 apud
1117 2691 1216 2722 Sanc-

210 2743 272 2768 tam
309 2739 444 2767 Mariam
482 2739 637 2777 Majorem
655 2762 661 2774 ,
698 2749 748 2769 xV1
780 2740 933 2772 kalendas
966 2743 1094 2781 martii,
1131 2754 1218 2775 anno

206 2796 329 2831 quarto.
350 2805 362 2819 n

238 2933 270 2963 (1)
294 2932 331 2955 Le
353 2939 415 2955 nrum
434 2935 473 2956 est
496 2932 563 2956 ecrit
584 2933 821 2957 alternativemcnt
840 2941 844 2957 τ
863 2936 1030 2965 scireburn,
1047 2939 1214 2962 Sciriburna

206 2980 231 3000 ct
248 2978 400 3001 Semnum.

1379 364 1496 391 6653
1619 362 1978 396 Sainto-Mnrie-Mnjt‘uro,
1999 361 2027 388 12
2045 361 2148 387 fevi-im·
2167 361 2242 389 1292.

1346 424 1528 458 tiispensatio
1545 433 1631 459 super
1644 424 1804 460 pluralitate
1820 424 2034 450 beneficiorum.
2051 422 2134 456 (Rea.
2148 423 2191 454 46.
2208 431 2233 450 c·
2251 423 2310 456 764.

1308 475 1326 501 f.
1348 475 1389 500 l.'›l
1410 478 1458 500 vo.)

1354 577 1478 606 ll'allcro
1503 576 1536 604 de
1561 576 1728 612 Lanqeton,
1755 575 1865 604 rectori
1890 572 2006 603 ecclesie
2029 573 2134 604 Sancti
2161 574 2312 605 Michaelis

1307 638 1396 666 super
1424 630 1527 666 Wyre,
1555 629 1747 657 Eboracensis
1773 628 1916 664 diocesis,
1942 628 2131 656 thesaurario
2151 627 2312 664 yar-derobe

1306 683 1462 712 carissimi
1482 684 1513 711 in
1533 683 1650 711 Christo
1672 680 1732 718 filii·
1750 682 1847 710 nostri
1867 681 1913 717 E„
1930 682 2009 718 reqis
2029 680 2139 718 Anylie
2162 681 2309 718 illustris,

1306 737 1525 772 crucesiqnato.
1544 734 1625 764 Cum
1638 743 1692 771 eo,
1709 735 1764 773 qui
1781 734 1885 764 crucis
1901 734 2029 772 signum
2046 734 2228 773 assumpsit,
2245 734 2312 764 dis·

1306 792 1417 827 pensat
1439 798 1532 827 super
1557 787 1750 817 simultanea
1775 787 1957 817 detentione
1976 787 2182 817 ecclesiarum
2204 787 2312 818 Sancti

1306 841 1474 871 Michaelis
1504 851 1598 880 super
1624 842 1727 880 Wyre
1755 846 1785 870 et
1811 841 1849 871 de
1873 840 2024 877 Croston‚
2051 841 2258 871 Eborac-ensis
2282 845 2312 872 et

1308 894 1557 925 Liclieseldensis
1575 894 1788 931 dioecesium,
1808 894 1846 924 de
1869 893 2046 933 Wallomp⁷
2074 893 2312 925 Wintoniensis

1306 948 1476 987 dioecesis,
1493 948 1665 978 decanatus
1685 947 1824 986 capellae
1846 948 1952 985 regiae
1973 947 2012 977 de
2038 948 2180 985 Bruges,
2197 947 2312 978 Liche-

1305 1002 1456 1032 seldensis
1472 1001 1639 1039 dioecesis,
1659 1001 1865 1031 ecclesiarum
1881 1000 1920 1030 de
1937 1000 2115 1040 Wynepol‚
2133 1000 2172 1030 de
2190 1000 2311 1040 Ramp-

1305 1061 1356 1086 ton
1369 1079 1377 1093 ,
1396 1057 1433 1085 de
1451 1055 1612 1095 Wycham
1625 1079 1633 1092 ,
1652 1055 1690 1085 de
1712 1054 1892 1093 Roffiinge,
1914 1054 2051 1084 Eliensis
2064 1077 2073 1092 ,
2101 1054 2259 1084 Roffensis
2284 1059 2315 1085 et

1305 1109 1540 1139 Londoniensis
1563 1108 1775 1145 dioecesium,
1798 1108 1836 1137 de
1856 1107 2081 1138 Kirkosewald
2104 1111 2134 1137 et
2155 1107 2194 1138 de
2217 1107 2313 1138 Boul-

1305 1162 1379 1199 don,
1397 1162 1616 1192 Karleolensis
1633 1166 1664 1192 et
1679 1162 1910 1192 Dunelmensis
1925 1162 2132 1192 dioecesium.

1348 1229 1360 1243 ιι
1385 1216 1509 1245 Eximie
1534 1215 1712 1245 devotionis
1737 1215 1907 1245 affectus...
1930 1232 1969 1238 —-
1995 1216 2065 1245 Dat.
2089 1215 2209 1252 Rome,
2230 1214 2314 1254 apud

1306 1269 1455 1299 Sanctam
1487 1269 1622 1299 Mariam
1653 1269 1827 1308 Majorem,
1862 1278 1882 1298 11
1917 1269 1989 1299 idus
2021 1269 2195 1305 februarii,
2228 1276 2313 1299 anno

1305 1327 1428 1362 quarto.
1449 1335 1462 1350 »

1376 1495 1494 1524 6654

1341 1557 1526 1593 Dispensatio
1537 1566 1625 1593 super
1636 1558 1749 1584 defectu
1762 1558 1907 1585 natalium.
1919 1557 2002 1592 (Rau.
2015 1558 2058 1592 46,
2069 1566 2095 1585 e.
2104 1558 2314 1594 765‚f.151v‹·.)

1618 1494 1977 1529 Sainte-Marie—Majeuro,
1995 1495 2029 1522 20
2043 1495 2147 1522 sovrier
2164 1495 2241 1522 1292.

1345 1662 1456 1690 Dilecto
1473 1662 1538 1698 filio
1553 1661 1687 1690 ιΙοὴαηηί
1702 1661 1852 1690 Iohannis
1870 1661 1903 1689 de
1918 1661 2112 1691 Laonlscwort
2129 1661 2168 1701 (5²)
2184 1661 2240 1701 (1),
2255 1662 2314 1692 cle-

1304 1716 1380 1750 rico,
1398 1715 1615 1744 Londonz'ensis
1629 1714 1764 1744 diocesis.
1781 1714 1862 1743 Cum
1877 1722 1924 1753 eo,
1940 1722 2013 1743 cum
2029 1722 2093 1753 quo
2105 1715 2173 1754 jam
2189 1715 2315 1754 dispen-

1305 1772 1408 1797 satum
1422 1771 1523 1804 estut,
1538 1776 1601 1797 non
1613 1767 1757 1797 obstante
1769 1767 1891 1797 defectu
1905 1766 2061 1797 natalium
2073 1776 2170 1806 quem
2183 1769 2312 1806 patitur,

1304 1821 1342 1851 de
1354 1821 1456 1851 soluto
1468 1825 1498 1850 et
1511 1820 1613 1850 soluta
1624 1820 1763 1858 §.genitus⁷
1773 1821 1813 1849 ad
1826 1829 1936 1850 omnes
1948 1820 2076 1850 ordines
2088 1821 2267 1860 promoveri
2284 1825 2314 1852 et

1304 1884 1406 1905 unum
1422 1874 1614 1904 beneficium
1630 1873 1881 1904 ecclesiasticum
1898 1874 2058 1913 suscipere
2073 1879 2188 1914 posset,
2203 1884 2313 1905 rursus

1304 1929 1468 1967 dispensat
1486 1932 1520 1957 ut
1542 1932 1747 1966 personatum
1766 1928 1815 1957 vel
1835 1927 2024 1965 dignitatem
2043 1929 2182 1967 recipere
2203 1928 2311 1967 possit.

1347 1994 1359 2009 ι(
1381 1982 1505 2011 Meritis
1523 1986 1573 2011 tue
1593 1981 1808 2011 devotionis...
1827 1999 1865 2002 —
1884 1982 1954 2011 Dat.
1978 1981 2096 2019 Rome,
2114 1982 2197 2021 apud
2214 1982 2313 2012 Sano-

1304 2040 1368 2067 tam
1386 2036 1522 2065 Mariam
1543 2036 1709 2074 MaJ'orem,
1724 2045 1743 2064 x
1755 2034 1907 2065 kalendas
1921 2036 2039 2073 martii,
2057 2043 2142 2066 anno
2153 2040 2278 2075 quarto.
2296 2047 2310 2064 n

1374 2210 1491 2238 6655

1340 2271 1524 2307 Dispensatio
1540 2279 1628 2306 super
1643 2270 1804 2306 pluralitate
1820 2270 2035 2297 beneficiorum.
2053 2269 2134 2304 (Rati.
2153 2257 2197 2302 46,
2211 2278 2236 2298 c.
2250 2270 2311 2303 766,

1303 2322 1322 2349 f.
1341 2321 1390 2348 15⁶2
1408 2322 1456 2354 1⁹⁰.)

1609 2207 1968 2242 Saiute-lt'larie-Majeure,
1987 2207 2018 2234 ‘21
2033 2208 2146 2243 janvier
2162 2208 2240 2236 1292.

1348 2424 1515 2453 Venerabili
1538 2422 1633 2460 fratri
1656 2444 1676 2453 ..
1703 2424 1835 2460 episcopo
1863 2422 2058 2451 Ballioniensi
2082 2421 2254 2452 committit
2277 2426 2312 2452 ut

1302 2487 1374 2508 cum
1392 2477 1545 2515 magistro
1564 2475 1655 2506 Joele
1671 2475 1709 2505 de
1726 2474 1903 2505 Vallecorte
1926 2475 2087 2514 dispenset
2108 2479 2142 2505 ut
2161 2474 2311 2506 ecclesias

1302 2531 1341 2561 de
1356 2531 1495 2565 Tanton,
1518 2529 1724 2563 Montensis,
1746 2532 1776 2557 et
1793 2528 1831 2558 de
1847 2528 2096 2565 Cherdelinthe‚
2117 2528 2310 2559 Bathonien-

1301 2584 1345 2614 sis
1367 2583 1584 2619 dioecesium,
1612 2592 1690 2621 quas
1715 2582 1849 2611 insimul
1873 2582 1943 2611 sine
1967 2580 2206 2621 dispensatione
2230 2581 2309 2612 deti-

1302 2638 1387 2674 nuit,
1411 2637 1496 2667 licite
1521 2635 1679 2675 possidere
1702 2635 1818 2671 valeat,
1844 2634 2019 2665 dummodo
2041 2643 2216 2673 congruam
2235 2643 2309 2674 por-

1301 2691 1420 2720 tionem
1447 2690 1606 2719 fructuum
1638 2699 1674 2718 ex
1703 2689 1823 2719 eisdem
1853 2688 1996 2718 ecclesiis
2022 2692 2243 2727 perceptorum
2273 2689 2308 2718 in

1300 2744 1480 2774 evidentem
1498 2751 1608 2772 earum
1625 2742 1794 2772 utilitatem
1814 2746 1986 2772 convertat.

1340 2809 1353 2823 «
1374 2796 1489 2826 Petitio
1510 2795 1617 2826 dilecti
1638 2796 1734 2826 filii...
1754 2811 1796 2818 —
1819 2795 1887 2825 Dat.
1913 2795 2030 2831 Rome,
2052 2793 2137 2834 apud
2157 2794 2308 2824 Sanctam

1300 2850 1434 2879 Mariam
1453 2849 1605 2888 Majorem
1619 2872 1626 2885 ,
1644 2858 1685 2878 xn
1702 2848 1854 2878 kalendas
1869 2847 2039 2883 februarii,
2053 2855 2138 2877 anno
2151 2851 2275 2886 quarto.
2291 2858 2305 2874 ιι

1328 2983 1360 3014 (1)
1377 2983 1449 3007 Ecrit
1466 2985 1608 3013 Laoulcwl⁷
1626 2990 1690 3006 avec
1709 2989 1761 3006 une
1777 2982 1882 3012 virgulo
1899 2980 2048 3005 au-‹lessus
2064 2980 2099 3003 du
2116 2987 2150 3004 w.
