2393 3496
728 638 909 683 INCIPIT
939 639 1203 684 REGESTUM
1232 642 1557 685 LITTERARL'M

106 859 421 923 DOMINI
478 858 839 922 NICOLAI
896 858 1123 922 PAPE
1181 861 1316 923 IIII
1375 862 1486 923 DE
1542 861 1784 924 ANNO
1844 864 2182 936 QUINTO

167 1435 278 1464 6881

133 1497 320 1533 Indulgentia.
338 1496 420 1530 (Res.
439 1497 481 1528 46,
504 1505 529 1523 c.
550 1497 572 1530 ί,
589 1497 608 1522 f.
628 1497 676 1523 187
693 1498 741 1530 ro.)

423 1433 785 1468 Sainte-Marie-Majeure‚
805 1435 843 1460 rl·r
859 1443 935 1461 mars
951 1435 1030 1462 1292.

138 1609 287 1644 Nicolaus‚
303 1609 568 1646 episcopusservus
578 1615 732 1636 servorum
744 1607 805 1637 Dei.
822 1607 976 1637 Universis
989 1608 1102 1637 Christi

102 1662 235 1701 fidelibus
248 1666 395 1699 presentes
415 1662 530 1690 litteras
550 1661 744 1698 inspecturis,
763 1661 892 1689 salutem
910 1666 936 1690 et
958 1661 1101 1699 aposcoli-

103 1724 166 1746 cam
183 1715 426 1745 benedictionem.
447 1713 688 1751 Indulgentiam
709 1714 806 1744 unius
824 1715 903 1744 anni
925 1718 954 1744 et
974 1724 1011 1744 xi,
1033 1715 1102 1745 die-

103 1777 172 1799 rum
194 1767 337 1797 concedit
354 1767 393 1796 iis
412 1768 466 1806 qui
485 1767 650 1797 ecclesiam
672 1767 876 1805 Firmanam,
894 1768 927 1797 in
946 1768 1102 1799 honorem

101 1820 208 1851 heatae
223 1820 344 1850 Mariae
352 1824 577 1857 constructam,
592 1820 625 1849 in
643 1819 787 1859 ejusdem
801 1812 951 1858 ffirginis,
964 1821 1021 1851 SS.
1032 1821 1101 1851 Ste-

102 1875 196 1914 phani
208 1879 239 1904 et
250 1873 349 1904 Blasii
365 1874 599 1910 festivitatibus,
614 1883 668 1913 per
680 1877 748 1903 octo
760 1873 826 1903 dies
841 1879 1009 1913 sequentes
1023 1880 1053 1904 et
1065 1875 1100 1904 in

101 1927 316 1958 anniversario
336 1926 387 1956 die
415 1927 622 1956 dedicationis
649 1926 790 1966 ejusdem
815 1926 966 1956 ecclesiae
991 1927 1102 1957 visita-

101 1981 212 2012 verint.

141 2046 154 2062 α
172 2034 269 2072 Virga
283 2033 511 2063 venustissima
527 2037 595 2064 et...
613 2049 654 2055 —
672 2033 744 2062 Dat.
765 2032 883 2069 Rome,
900 2033 984 2071 apud
1001 2032 1101 2063 Sanc-

93 2086 162 2118 ‘tam
176 2087 309 2117 Mariam
326 2087 493 2126 Majorem,
508 2085 656 2116 kalendis
671 2085 791 2123 martii,
807 2086 1011 2124 pontificatus
1027 2095 1101 2117 nos-

101 2141 141 2171 tri
154 2150 238 2171 anno
253 2141 375 2179 quinto.
395 2152 408 2167 n

135 2394 311 2430 Hospitalem
327 2394 361 2420 de
372 2394 540 2421 Marcadura
556 2394 610 2420 sub
626 2394 764 2420 ecclesiae
776 2402 910 2420 romanae
926 2394 1102 2429 protectione

101 2443 221 2479 suscipit
231 2445 353 2479 ejusque
367 2443 516 2479 privilegia
527 2444 687 2471 confirmat.
704 2443 786 2476 (Res.
804 2443 848 2474 46,
865 2452 890 2469 c.
908 2443 933 2474 ἰ),
950 2443 969 2470 f.
990 2443 1036 2470 187
1053 2444 1102 2476 1⁸⁰.)

410 2331 768 2366 Sainte-Marie-MaJem-e,
785 2331 817 2358 '29
832 2332 936 2358 fevrier
954 2332 1030 2359 1292.

138 2553 255 2583 Dilectis
277 2553 353 2590 filiis
372 2575 392 2582 ..
418 2554 521 2590 priori
542 2553 700 2591 hospitalis
722 2553 830 2582 domus
848 2562 904 2590 que
924 2559 964 2582 est
986 2555 1019 2583 in
1042 2554 1102 2582 loco

101 2607 153 2644 qui
173 2607 354 2636 Marcadura
374 2607 490 2636 dicitur
518 2607 643 2644 ejttsque
665 2607 814 2642 fratribus
837 2611 897 2635 tam
914 2607 1103 2644 presentibus

101 2669 191 2698 quam
211 2662 330 2698 suturis
353 2661 386 2689 in
408 2665 598 2698 perpetuum.
624 2672 636 2685 <t
659 2659 813 2695 Quotiens
834 2668 852 2689 a
871 2660 964 2690 nobis
986 2660 1103 2699 petitur

102 2712 183 2752 quod
209 2713 327 2742 rationi
353 2717 383 2743 et
406 2712 566 2742 honestati
595 2713 767 2742 convenire
791 2712 969 2742 dinoscitur
992 2713 1103 2743 animo

102 2773 157 2795 nos
175 2765 264 2796 decet
279 2765 393 2795 libenti
410 2766 583 2796 concedere
601 2769 631 2795 et
650 2766 826 2804 petentium
846 2766 1012 2796 desideriis
1027 2775 1104 2796 con-

100 2827 213 2857 gruum
234 2819 423 2858 suffragium
442 2819 611 2858 impertiri.
635 2819 679 2848 Ea
698 2824 838 2858 propter,
858 2819 965 2849 dilecti
983 2820 1016 2849 in
1036 2820 1102 2849 Do-

100 2871 186 2902 mino
205 2862 283 2909 filii,
308 2872 420 2902 vestris
440 2872 534 2910 justis
559 2870 826 2910 postulationibus
851 2871 1026 2902 clementer
1049 2880 1103 2901 an-

102 2924 229 2954 nuimus
242 2929 273 2954 et
286 2925 544 2964 predecessorum
560 2928 742 2954 nostrorum
759 2924 858 2954 felicis
874 2924 1104 2954 recordationis

102 2975 226 3015 Galim,
237 2977 432 3014 Innocenfii,
443 2977 608 3014 Celestini,
620 2977 794 3014 Anastasii‚
803 2977 951 3013 Adriani,
960 2977 1102 3007 Alexan-

1185 1435 1253 1472 dri,
1277 1435 1381 1472 Latii,
1407 1436 1548 1470 Urbani,
1573 1435 1765 1469 Clementis,
1789 1435 1940 1466 Celestini
1960 1442 1990 1467 et
2013 1439 2193 1470 Innocentii

1186 1488 1246 1517 mi
1262 1496 1469 1518 romanorum
1489 1488 1673 1527 pontificum
1695 1489 1838 1526 vestigiis
1860 1489 2062 1528 inherentes,
2082 1492 2190 1531 hospi-

1186 1540 1281 1570 talem
1304 1541 1435 1570 domum
1461 1551 1522 1579 qne
1545 1545 1592 1570 est
1613 1541 1646 1570 in
1669 1541 1736 1571 loco
1757 1542 1811 1580 qui
1836 1542 2023 1573 Marcadura
2048 1550 2188 1581 vocatur,

1187 1593 1374 1623 Placentine
1390 1594 1535 1630 diocesis,
1552 1603 1646 1632 quam
1665 1595 1827 1632 quondam
1844 1595 2023 1625 Gandnlfus
2041 1601 2068 1626 et
2085 1607 2189 1636 qnon-

1185 1646 1258 1676 dam
1275 1647 1379 1682 Gisla,
1399 1656 1476 1677 uxor
1492 1648 1571 1685 ejiis,
1589 1648 1679 1677 beato
1699 1648 1791 1677 Petro
1807 1648 1983 1679 devotionis
2001 1650 2117 1680 intuitu
2135 1652 2190 1681 ob-

1185 1699 1346 1737 tulerunt,
1364 1700 1398 1729 in
1421 1709 1483 1738 qua
1504 1701 1644 1730 Domino
1665 1701 1848 1738 deservitis,
1870 1702 1928 1731 sub
1950 1704 2032 1732 beati
2054 1704 2139 1734 Petri
2162 1710 2192 1735 et

1185 1757 1294 1782 nostra
1316 1753 1510 1792 protectione
1531 1753 1723 1792 suscipimus
1745 1758 1774 1783 et
1792 1755 1949 1792 presentis
1968 1757 2073 1795 scripti
2093 1758 2189 1796 privi—

1185 1805 1268 1843 legio
1289 1806 1543 1843 communimus,
1563 1811 1735 1836 statuentes
1754 1812 1787 1836 nt
1804 1808 1922 1846 prefata
1940 1809 2053 1839 domus
2074 1815 2136 1840 tam
2152 1812 2191 1841 ab

1186 1860 1403 1898 episcoporum
1421 1868 1517 1898 quam
1538 1859 1675 1889 aliarum
1692 1861 1977 1892 ecclesiasticarum
1999 1863 2048 1893 vel
2069 1865 2189 1894 secula-

1184 1914 1271 1943 rium
1288 1923 1497 1952 personarum
1514 1915 1553 1944 sit
1569 1915 1757 1952 gravamine
1771 1915 1871 1945 libera
1888 1921 1915 1946 et
1932 1917 1967 1946 in
1983 1919 2092 1948 eodem
2108 1925 2190 1950 statu

1184 1966 1340 1996 libertatis
1361 1967 1420 1997 sub
1440 1968 1596 2006 principis
1614 1968 1828 2006 apostolorum
1848 1969 1934 1998 Petri
1953 1974 1983 1999 et
1999 1976 2104 2000 nostra
2122 1981 2189 2010 pro-

1187 2020 1321 2050 tectione
1337 2029 1373 2050 ac
1392 2020 1488 2050 tutela
1505 2026 1698 2059 permaneat.
1719 2021 1866 2051 preterea
1882 2032 2099 2062 quascumque
2118 2034 2190 2063 pos-

1185 2074 1353 2109 sessiones,
1366 2083 1567 2113 quecumque
1578 2075 1661 2104 bona
1676 2079 1738 2103 tam
1753 2084 1787 2103 ex
1800 2075 1882 2105 dono
1894 2076 2026 2114 predicti
2039 2078 2190 2108 Gandulfi

1184 2131 1215 2156 et
1237 2127 1346 2157 uxoris
1367 2127 1456 2156 illius
1480 2127 1569 2157 Gisle
1588 2136 1685 2166 quam
1704 2127 1842 2157 aliorum
1866 2129 1924 2158 Dei
1947 2129 2093 2159 fidelium
2113 2140 2188 2161 con-

1184 2180 1327 2210 cessione
1352 2180 1403 2210 vel
1427 2181 1588 2210 oblatione
1613 2181 1697 2210 idem
1724 2181 1879 2219 hospitale
1906 2182 2190 2221 impresentiarum

1180 2233 1266 2272 juste
1292 2237 1321 2263 et
1345 2233 1498 2263 canonice
1515 2233 1654 2272 possidet
1671 2238 1725 2263 aut
1747 2234 1781 2263 in
1806 2235 1949 2265 futurum
1971 2237 2037 2266 Deo
2054 2238 2189 2276 propitio

1183 2285 1419 2316 rationabiliter
1430 2286 1544 2325 poterit
1559 2287 1704 2325 adipisci,
1721 2287 1813 2317 firma
1828 2289 1919 2318 vobis
1932 2291 2109 2328 vestrisque
2122 2300 2191 2321 snc-

1183 2339 1363 2370 cessoribus
1381 2344 1411 2368 et
1426 2339 1530 2369 eidem
1546 2339 1699 2378 hospitali
1716 2341 1755 2369 ad
1773 2342 2038 2372 sustentationem
2054 2345 2192 2382 peregri-

1184 2401 1300 2421 norum
1322 2401 1357 2421 ac
1378 2401 1554 2431 pauperum
1575 2393 1696 2423 Christi
1718 2398 1748 2423 et
1768 2393 1891 2423 illibata
1910 2402 2130 2433 permaneant.
2154 2398 2190 2427 In

1183 2446 1300 2485 quibus
1329 2445 1387 2475 hec
1416 2447 1553 2485 propriis
1580 2447 1730 2477 duximus
1757 2448 1963 2486 exprimenda
1995 2450 2156 2480 vocabulis
2182 2464 2187 2480 :

1185 2498 1351 2528 ecelesiam
1371 2499 1517 2528 videlicet
1541 2499 1650 2529 Sancti
1674 2500 1831 2529 Leouardi
1850 2501 1888 2530 de
1906 2501 2016 2539 Cario,
2037 2503 2190 2541 hospitale

1185 2551 1267 2590 quod
1292 2552 1409 2581 dicitur
1431 2552 1592 2582 Fontanea
1616 2553 1817 2584 Theoderici.
1843 2555 2037 2584 Auctoritate
2064 2566 2190 2595 quoqne

1184 2605 1355 2644 apostolica
1379 2605 1604 2635 interdicimus
1631 2610 1666 2636 ut
1694 2607 1732 2636 de
1760 2606 1922 2637 laboribus
1949 2618 2027 2647 quos
2056 2610 2190 2648 propriis

1184 2657 1333 2687 manibus
1357 2662 1411 2687 ant
1433 2658 1615 2696 sumptibus
1636 2659 1739 2689 colitis
1761 2669 1816 2689 seu
1837 2660 1875 2689 de
1898 2661 2104 2692 nutrimentis
2121 2672 2190 2692 ves-

1186 2714 1307 2740 trorum
1326 2711 1518 2741 animalium
1538 2711 1648 2742 nullus
1664 2714 1796 2742 omnino
1815 2713 1950 2744 clericus
1970 2716 2035 2744 sive
2056 2716 2154 2745 laicus
2172 2726 2190 2746 a

1185 2765 1272 2794 vobis
1295 2765 1435 2794 decimas
1459 2770 1645 2804 extorquere
1669 2770 1840 2804 presumat.
1865 2767 2089 2797 Ordinationes
2114 2778 2190 2798 sane

1185 2817 1443 2855 presbyterorum
1470 2817 1519 2846 vel
1543 2817 1730 2848 clericorum
1756 2823 1933 2848 vestrorum
1958 2829 1975 2849 a
2003 2820 2190 2850 Placentino

1184 2870 1346 2908 accipietis
1363 2870 1517 2908 episcopo,
1532 2870 1558 2899 si
1575 2875 1682 2900 tamen
1698 2871 1873 2901 catholicus
1889 2872 1983 2901 fuerit
1997 2877 2026 2901 et
2041 2882 2075 2902 ea
2090 2874 2189 2910 gratis

1185 2924 1272 2954 vobis
1289 2927 1319 2953 et
1336 2923 1455 2961 absque
1474 2923 1620 2953 molestia
1639 2924 1774 2954 voluerit
1789 2925 1958 2961 exhibere3
1975 2926 2115 2964 alioquin
2136 2935 2189 2964 pro

1186 2977 1295 3007 eodem
1311 2982 1510 3007 sacramento
1522 2978 1714 3008 catholicum
1730 2987 1824 3016 quem
1840 2978 2016 3008 malueritis
2030 2980 2186 3018 presulem
