2393 3496
181 316 246 347 mc>
923 305 1159 338 REGISTRES
1181 304 1236 334 DE
1257 302 1441 333 NICOLAS
1465 302 1520 332 IV.

182 382 322 418 mensis,
349 381 381 411 in
407 381 558 411 honoiem
585 378 726 418 ejusdem
755 375 890 413 virginis
913 378 944 404 et
971 368 1005 403 S.
1033 371 1184 402 Damiani

181 439 375 469 constructa,
394 434 427 463 in
446 432 586 472 ejusdem
605 430 740 468 virginis
757 433 787 458 et
803 428 834 457 S.
859 427 1011 456 Damiani
1032 425 1183 454 festivita-

181 488 266 518 tibus
284 493 314 517 et
331 496 384 526 per
400 492 468 516 octo
483 486 550 514 dies
566 487 745 521 sequentes.

223 554 237 567 «
262 541 356 578 Virga
373 537 597 568 venustissima
620 540 687 564 et...
708 550 743 555 —-
769 533 837 562 Dat.
865 532 947 570 apud
974 531 1182 561 Urbemvete-

182 602 262 631 rem,
283 593 376 622 nouis
393 590 590 629 septembris,
607 596 692 617 anno
708 590 830 626 quarto.
857 597 871 612 n

223 647 260 675 In
282 655 308 675 e.
334 654 392 677 m.,
413 652 468 682 pro
490 641 622 671 ecclesia
647 639 835 669 monasterii
860 638 967 668 Sancti
997 636 1084 666 Petri
1107 635 1182 666 vivi

182 698 394 731 senonensis,
409 695 529 725 ordinis
546 694 578 723 S.
598 692 778 728 Benedicti,
795 692 828 721 in
845 691 984 729 singulis
999 694 1182 720 sanctorum

183 752 266 781 Petri
282 748 424 788 apostoli,
441 747 608 777 Saviniaui
625 751 655 775 et
670 745 865 782 Potentiam,
882 745 914 774 in
932 752 1069 783 quornm
1086 742 1184 772 hono-

180 812 247 834 rem
258 803 367 832 eadem
381 801 513 831 ecclesia
525 805 572 830 est
583 804 776 836 constructa,
790 808 844 838 per
855 803 922 828 octo
933 798 1001 828 dies
1015 801 1183 835 sequentes

179 861 209 887 et
223 856 256 885 iu
273 854 493 884 anniversario
508 853 560 883 die
575 853 783 883 dedicationis
801 852 944 891 ejusdem
961 850 1124 881 ecclesiae.

220 921 233 935 «ι
258 909 330 938 Vite
349 908 498 947 perennis
514 907 654 945 gloria...
674 923 711 927 —
729 906 800 936 Dat.
820 910 973 944 utsupra.
997 916 1010 930 n

657 985 788 1017 Orvieto,
809 986 840 1012 13
856 985 1019 1020 septembre
1038 984 1113 1012 1291.

219 1051 257 1080 In
274 1059 301 1080 e.
321 1058 364 1079 m.
385 1073 404 1079 ..
421 1049 600 1079 abbatissae
620 1052 649 1077 et
671 1049 842 1078 conventui
867 1047 1053 1078 monasterii
1071 1047 1187 1076 Beatae

96 1136 102 1144 ,
148 1107 150 1109 ’
179 1104 299 1134 Mariae
314 1104 352 1133 de
369 1104 471 1133 Pratis
490 1104 580 1141 juxta
605 1102 770 1139 Dnacum,
796 1101 1017 1131 Cisterciensis
1042 1100 1185 1136 ordinis,

178 1157 398 1187 Atrebatensis
414 1156 577 1192 dioecesis,
597 1156 627 1184 in
645 1162 782 1193 quatuor
799 1155 906 1184 beatae
926 1154 1047 1183 Mariae
1063 1153 1184 1183 festivi-

179 1210 295 1240 tatibus
311 1215 341 1239 et
357 1218 410 1248 per
428 1212 495 1238 octo
514 1208 580 1237 dies
595 1212 776 1245 sequentes.

220 1275 233 1288 u
259 1264 448 1292 Sanctorum
466 1261 589 1290 meritis
604 1260 754 1289 inclita...
767 1277 804 1281 —
821 1260 891 1288 Dat.
908 1259 990 1298 apud
1010 1259 1186 1289 Urbemve-

180 1320 289 1350 terent,
307 1315 412 1345 idibus
428 1314 627 1353 septembris,
644 1321 730 1342 anno
748 1317 870 1351 quarto.
896 1324 909 1339 »

656 1391 788 1422 Orvieto,
809 1392 837 1418 1⁶2
854 1391 1017 1427 septembre
1035 1391 1113 1418 1291.

220 1458 256 1486 ln
275 1466 302 1487 e.
321 1466 363 1485 m.
385 1455 561 1490 universis,
580 1459 638 1484 etc.
651 1477 658 1491 ,
685 1463 740 1493 pro
755 1453 888 1484 ecclesia
906 1454 1016 1484 Sancti
1034 1454 1186 1493 Dionysii

179 1511 343 1545 Remeust,
364 1509 398 1538 in
416 1509 446 1538 S.
466 1508 631 1538 Laurentii
654 1512 684 1537 et
709 1507 741 1537 S.
766 1508 942 1546 Augustini
959 1507 1185 1538 festivitatibus

179 1568 272 1601 etper
286 1568 354 1593 octo
366 1562 433 1591 dies
446 1566 634 1600 sequentes3
651 1565 775 1599 praeter
790 1561 937 1591 eamdem
948 1560 1185 1599 indulgentiam

179 1617 213 1646 in
230 1616 261 1646 S.
283 1615 431 1653 Dionysii
448 1615 525 1644 sesto
542 1623 645 1652 nuper
661 1622 855 1644 concessam.

220 1682 233 1697 «ι
261 1670 330 1699 Vite
345 1668 496 1707 perennis
511 1667 650 1705 gloria...
665 1685 703 1688 —
718 1668 790 1697 Dat.
807 1668 890 1706 apud
906 1667 1184 1702 Urbemveterem,

179 1733 200 1753 11
217 1723 290 1752 idus
308 1722 505 1761 septembris,
522 1729 608 1751 anno
625 1725 748 1760 quarto.
771 1733 784 1747 n

657 1802 788 1834 Orvieto,
811 1802 840 1828 13
857 1802 1020 1837 septembre
1038 1802 1117 1830 1291.

222 1868 259 1897 In
276 1877 302 1896 e.
324 1875 380 1901 m.,
399 1874 454 1904 pro
470 1864 602 1895 ecclesia
619 1887 640 1895 ..
661 1864 783 1894 abbatis
805 1870 834 1894 et
859 1869 1037 1894 conventus
1060 1873 1188 1895 monas-

181 1921 254 1951 terii
270 1919 404 1950 Sanctae
419 1919 529 1949 Crucis
540 1918 579 1948 de
591 1917 801 1955 Talemundo,
819 1918 945 1948 ordinis
957 1918 989 1948 S.
1007 1919 1187 1955 Benedicti,

182 1975 378 2004 Pictavensis
411 1973 585 2006 dioecesis,
622 1973 656 2001 in
690 1972 888 2001 inventionis
922 1977 952 2001 et
980 1972 1190 2002 Exaltationis

182 2033 308 2058 sanctae
328 2027 432 2057 crucis
455 2030 483 2055 et
505 2026 538 2056 S.
563 2025 719 2064 Stephani
744 2025 970 2056 festivitatibus
993 2030 1024 2055 et
1047 2035 1103 2064 per
1123 2031 1192 2056 octo

182 2082 250 2111 dies
270 2085 451 2119 sequentes.
474 2080 546 2109 Dat.
570 2079 653 2118 apud
678 2079 960 2115 Urbemveterem‚
987 2080 1093 2109 idibus
1119 2089 1191 2118 sep-

184 2135 327 2172 tembris,
343 2142 429 2163 anno
446 2137 568 2172 quarto.

684 2185 810 2217 Orvieto,
831 2187 846 2212 5
862 2187 1024 2221 septembre
1042 2187 1120 2214 1291.

226 2253 262 2281 In
282 2262 309 2281 e.
329 2261 370 2280 m.
387 2274 394 2287 ,
411 2259 467 2289 pro
480 2249 611 2279 ecclesia
631 2249 740 2279 sancti
766 2250 854 2279 Petri
870 2249 908 2279 de
926 2250 1043 2286 Aliate,
1068 2250 1190 2280 Medio-

185 2306 328 2336 lanensis
345 2305 508 2340 dioecesis,
526 2304 558 2332 iu
577 2304 609 2333 S.
627 2303 725 2339 Petri,
747 2303 984 2333 Purificationis
1002 2304 1109 2334 heatae
1127 2305 1192 2334 Ma-

187 2360 252 2389 riae
266 2364 296 2389 et
310 2360 341 2396 S.
357 2358 517 2388 doliannis
532 2356 770 2392 festivitatibus,
786 2366 840 2394 per
856 2361 924 2386 octo
937 2357 1006 2386 dies
1022 2363 1192 2396 sequentes

187 2418 218 2443 et
238 2413 272 2441 in
300 2412 519 2441 anniversario
544 2411 596 2440 die
619 2410 829 2439 dedicationis
858 2410 1002 2448 ejusdem
1027 2411 1190 2442 ecclesiae.

188 2467 259 2496 Dat.
270 2465 353 2504 apud
365 2465 639 2499 Urbemveterem,
652 2463 746 2493 nonis
758 2463 957 2501 septembris,
971 2473 1056 2494 anno
1067 2470 1189 2503 quarto.

188 2521 243 2559 (En
264 2519 388 2556 marye.)

665 2562 797 2596 Orvieto,
815 2563 847 2590 22
864 2564 1027 2598 septembre
1044 2565 1122 2592 1291.

228 2629 266 2659 In
283 2638 310 2658 e.
329 2637 385 2663 m.,
401 2635 454 2666 pro
468 2626 601 2657 ecclesia
619 2626 706 2655 Beati
726 2626 826 2656 Blasii
845 2626 1049 2664 Viterbiensi,
1063 2628 1097 2657 in
1110 2630 1196 2667 ejus-

189 2683 263 2713 dem
291 2681 392 2712 sancti
419 2680 604 2716 festivitate,
636 2690 690 2718 per
717 2685 786 2709 octo
819 2680 887 2709 dies
914 2687 1084 2720 sequentes
1108 2686 1138 2712 et
1163 2683 1196 2712 in

189 2737 290 2775 prima
307 2735 469 2765 (lominica
484 2733 761 2772 quadragesimae.
789 2733 858 2762 Dat.
879 2734 962 2772 apud
987 2735 1195 2766 Urbemvete-

192 2799 270 2826 rem,
290 2799 306 2818 x
323 2788 476 2818 kalendas
493 2787 641 2823 octobris,
659 2796 745 2816 anuo
760 2792 883 2825 quarto.
903 2787 1009 2826 (lbid.)

672 2866 804 2897 Orvieto,
823 2867 854 2893 1‘2
869 2868 1031 2903 septembre
1050 2869 1126 2897 ¹99¹.

232 2933 269 2962 ln
300 2941 327 2962 e.
359 2940 421 2968 m.,
453 2938 508 2968 pro
538 2929 670 2959 ecclesia
701 2951 722 2960 ..
750 2929 871 2959 abbatis
898 2934 927 2960 et
953 2936 1130 2962 conventus
1158 2933 1198 2963 de

190 2985 395 3026 'syches..ld,
417 2984 539 3015 ordinis
567 2984 911 3013 PraemonstratensiS.
943 2984 1197 3017 Winctoniensis

1267 369 1436 405 dioecesis,
1455 368 1488 397 in
1514 372 1651 407 quatuor
1676 367 1786 397 beatae
1810 366 1930 396 Mariae
1958 364 2192 401 festivitatibus,
2220 373 2274 403 per

1267 427 1334 451 octo
1354 421 1423 450 dies
1444 425 1614 459 sequentes
1636 424 1666 450 et
1688 420 1723 449 in
1743 419 1964 449 anniversario
1986 418 2038 448 die
2065 417 2274 448 dedicationis

1267 473 1409 512 ejusdem
1435 473 1598 504 ecclesiae.
1631 474 1703 503 Dat.
1729 472 1813 511 apud
1841 472 2122 507 Urbemveterem,
2152 480 2174 500 n
2201 469 2274 501 idus

1267 527 1469 566 septembris,
1485 535 1571 557 anno
1587 530 1710 566 quarto.
1727 525 1832 565 (Ibid.)

1748 604 1880 640 Orvieto,
1897 605 1930 632 13
1945 605 2108 640 septembre
2125 603 2204 632 1291.
2253 639 2255 642 .

1306 671 1344 700 In
1369 679 1396 700 e.
1416 679 1478 705 m.,
1500 678 1555 708 pro
1570 668 1702 699 ecclesia
1727 667 1837 698 Sancti
1861 667 2030 698 Michaelis
2052 668 2085 698 in
2111 666 2275 697 Palchetto

1267 723 1469 759 Florentina,
1492 724 1525 752 in
1544 721 1783 760 Assumptionis
1802 721 1913 751 beatae
1935 721 2072 757 Mariae,
2093 723 2275 750 sanctorum

1265 777 1374 806 Jacobi
1393 781 1424 806 et
1444 775 1541 805 Blasii
1559 774 1785 805 festivitatibus
1803 778 1834 804 et
1853 783 1909 813 per
1925 778 1995 805 octo
2010 774 2076 804 dies
2092 776 2273 812 sequentes.

1267 830 1338 859 Dat.
1375 829 1459 868 apud
1487 829 1752 860 Urbemveterem
1768 851 1775 863 ,
1809 827 1915 858 idibus
1951 827 2137 866 septembris
2151 850 2158 864 ,
2190 833 2277 856 anno

1267 888 1390 922 quarto·
1407 882 1513 921 (Ibtd.)
1749 920 1882 952 Orviet0,
1901 920 1932 948 18
1947 920 2111 955 septembre
2127 918 2206 946 1291.

1310 985 1345 1015 Iu
1363 994 1389 1014 e.
1411 994 1469 1022 m.,
1487 993 1541 1024 pro
1557 984 1690 1015 ecclesia
1709 1007 1730 1014 ..
1748 984 1862 1023 prioris
1878 988 1910 1014 et
1922 988 2099 1014 conventus
2114 985 2277 1026 monast&

1268 1038 1310 1068 rii
1327 1038 1365 1068 de
1383 1038 1538 1076 Oegnies,
1564 1047 1619 1076 per
1638 1037 1776 1076 priorem
1792 1037 1876 1068 soliti
1895 1037 2082 1077 gubernari,
2101 1035 2226 1066 ordinis
2242 1034 2274 1066 S.
2324 1070 2332 1079 θ

1267 1092 1456 1130 Augustini,
1476 1092 1665 1121 Leodiensis
1683 1091 1855 1128 dioecesis,
1877 1090 1910 1120 in
1930 1094 2066 1129 quatuor
2085 1089 2193 1120 beatae
2209 1089 2279 1118 Ma-

1268 1146 1335 1175 riae
1347 1151 1376 1175 et
1388 1145 1420 1175 S.
1437 1145 1614 1182 Augustini
1630 1144 1856 1175 festivitatibus
1872 1149 1902 1174 et
1917 1153 1971 1183 per
1981 1148 2050 1174 octo
2060 1143 2129 1173 dies
2144 1150 2280 1181 sequen·
2307 1136 2312 1141 ’

1270 1204 1325 1228 tes.
1350 1199 1420 1228 Dat.
1444 1199 1527 1237 apud
1547 1199 1833 1235 Urbemveterem,
1856 1207 1924 1227 xnn
1948 1196 2104 1227 kalendas
2124 1195 2278 1232 octobris,

1268 1260 1354 1282 anno
1369 1256 1491 1290 quarto.
1508 1251 1612 1290 (Ibid.)

1746 1304 1863 1331 Orvieto
1874 1325 1880 1335 ,
1896 1303 1931 1331 26
1949 1302 2113 1338 septembre
2130 1301 2207 1329 1‘291.

1309 1368 1346 1397 In
1363 1376 1391 1397 e.
1408 1376 1464 1401 m.,
1483 1375 1539 1406 pro
1556 1367 1690 1397 ecclesia
1707 1367 1815 1397 Sancti
1833 1365 1994 1396 Pancratii
2011 1364 2226 1399 Ferentinate,
2243 1363 2280 1394 in

1267 1421 1411 1459 ejusdem
1428 1421 1530 1450 sancti
1544 1421 1712 1450 testivitate
1727 1425 1758 1450 et
1773 1430 1827 1459 per
1837 1423 1907 1450 octo
1917 1419 1985 1449 dies
2001 1422 2186 1458 sequentes.
2204 1417 2278 1448 Dat..

1267 1475 1350 1513 apud
1369 1475 1643 1509 Urbemveterem,
1663 1483 1693 1503 v1
1712 1474 1867 1503 kalendas
1884 1472 2034 1510 octobris,
2051 1479 2137 1502 anno
2152 1473 2277 1510 quarto.

1267 1527 1373 1566 (Ibid.)

1752 1567 1884 1600 Orvieto‚
1901 1566 1934 1594 29
1951 1565 2114 1601 septembre
2131 1564 2209 1592 1291.

1309 1631 1347 1660 Iu
1364 1639 1391 1659 e.
1407 1639 1449 1659 m.
1462 1653 1470 1666 ,
1490 1638 1546 1668 pro
1562 1630 1695 1660 ecclesia
1721 1630 1836 1660 Beatae
1860 1629 1981 1659 Mariae
1999 1628 2038 1658 de
2057 1626 2224 1658 Vallicella
2242 1626 2282 1657 de

1270 1683 1374 1718 Urbe,
1398 1683 1431 1712 in
1449 1688 1587 1721 quatuor
1605 1683 1715 1713 beatae
1729 1683 1849 1713 Mariae
1865 1687 1896 1713 et
1910 1682 1943 1713 S.
1961 1681 2130 1712 Michaelis
2144 1680 2282 1711 archan-

1270 1737 1336 1775 geli
1356 1737 1581 1767 festivitatibus
1597 1741 1628 1767 et
1643 1747 1699 1776 per
1713 1742 1782 1767 octo
1797 1737 1867 1766 dies
1882 1741 2065 1775 sequentes.

1313 1802 1326 1817 «
1351 1790 1518 1821 Gloriosus
1538 1791 1624 1821 Deus
1642 1791 1714 1821 in...
1736 1807 1776 1814 —
1800 1790 1872 1820 Dat.
1896 1790 1980 1828 apud
1999 1789 2280 1825 Urbemveterem,

1271 1853 1304 1873 111
1321 1843 1475 1873 kalendas
1489 1844 1639 1881 octobris,
1656 1852 1742 1874 anno
1756 1849 1881 1883 quarto.
1901 1856 1914 1870 n
1936 1843 2040 1883 (Ibid.)

1344 1996 1428 2025 (301
1441 1997 1461 2024 1
1832 1996 1960 2027 Orvieto,
1977 1996 2012 2023 23
2023 1995 2119 2030 juillet
2135 1994 2213 2023 1291.

1310 2058 1404 2092 Bona,
1421 2060 1484 2093 jura
1501 2064 1528 2085 et
1544 2059 1693 2094 privilegia
1709 2060 1878 2086 monasterii
1895 2058 1993 2086 Sancti
2009 2058 2154 2086 Laurentii
2169 2057 2205 2085 de
2220 2057 2285 2085 Col-

1274 2109 1382 2142 lazone,
1392 2108 1566 2146 Tudertinae
1577 2109 1730 2140 dioecesis,
1741 2109 1901 2136 confirmat.
1910 2108 1994 2142 (Rae.
2004 2108 2048 2142 46,
2058 2115 2084 2134 c.
2095 2107 2157 2139 487,
2166 2107 2186 2134 f.
2196 2107 2230 2135 95
2239 2113 2284 2141 νος

1276 2157 1392 2187 Ponti..
1409 2156 1520 2190 23744.)

1317 2254 1435 2282 Dilectis
1452 2254 1483 2282 ιή
1501 2253 1620 2282 Christo
1637 2254 1758 2291 filiabus
1775 2276 1796 2284 ..
1816 2254 1964 2283 abbatisse
1986 2253 2166 2283 monasterii
2182 2253 2287 2282 Sancti

1274 2307 1435 2336 Laurentii
1459 2307 1493 2335 cle
1517 2307 1674 2336 Collazone
1699 2307 1822 2344 ejusque
1839 2308 1994 2336 sororibus
2019 2313 2081 2336 tam
2102 2305 2288 2344 presentibus

1273 2370 1367 2399 quam
1381 2362 1496 2397 [muris
1513 2362 1682 2398 regularem
1699 2363 1795 2391 vitam
1805 2362 1950 2399 professis
1966 2362 1999 2390 in
2013 2366 2206 2398 perpetuum.

1317 2427 1329 2440 «ι
1358 2414 1552 2452 [teligiosam
1577 2414 1674 2444 vitam
1701 2414 1932 2452 eligentibus...
1950 2430 1997 2438 .-
2020 2414 2093 2444 Dat.
2115 2413 2200 2452 apud
2222 2412 2289 2443 Ur—

1274 2467 1501 2501 bemveterem,
1518 2477 1572 2506 per
1588 2476 1722 2497 manum
1736 2468 1881 2505 magistri
1899 2466 2071 2504 Johannis,
2089 2465 2203 2496 decani
2223 2465 2287 2496 Ba-

1273 2520 1427 2559 jocensis‚
1449 2525 1555 2550 sancte
1581 2529 1713 2551 romane
1734 2520 1866 2562 ecclesie
1889 2519 2167 2556 vicecancellarii,
2191 2528 2211 2549 x
2233 2518 2285 2549 ka-

1276 2573 1388 2603 lendas
1409 2575 1547 2612 augusti,
1571 2575 1748 2605 indictione
1774 2580 1899 2614 quarta,
1927 2573 2159 2604 incarnationis
2181 2572 2287 2603 domi·

1278 2626 1351 2656 nice
1373 2637 1555 2666 mcccxxxxt,
1581 2629 1784 2669 pontificatus
1807 2636 1881 2658 vero
1909 2628 2035 2661 domni,-
2053 2626 2181 2658 Nicolai
2208 2635 2288 2666 pape

1279 2685 1366 2715 ΙΙΙΙιί
1381 2693 1468 2714 anno
1484 2689 1606 2723 quarto.
1628 2696 1641 2710 ι,

1351 2830 1433 2859 (ἲθΙ
1444 2830 1471 2858 2

1316 2891 1501 2927 Dispensatio
1516 2900 1604 2928 super
1618 2892 1732 2919 defectu
1747 2891 1865 2918 ordinis.
1884 2889 1968 2924 (Rea.
1985 2889 2029 2920 46.
2043 2896 2070 2916 c.
2085 2887 2147 2922 488,
2159 2887 2180 2916 f.
2191 2887 2226 2915 96
2240 2889 2288 2920 10.)

1783 2828 1911 2862 Orvieto‚
1927 2827 1943 2854 9
1957 2825 2120 2862 septembre
2137 2825 2216 2853 1‘291.
2258 2848 2263 2853 .

1319 2988 1480 3018 Guillelmo
1499 2990 1532 3019 de
1549 2990 1731 3027 Robelenyes,
1749 2988 1943 3024 subdiacono,
1961 2986 2073 3016 rectori
2084 2983 2288 3023 parrochialis
