2393 3496
915 294 1168 339 QUATRIEME
1190 302 1346 331 ANNEE.
2117 304 2174 333 769

90 375 228 406 tantihus
254 372 419 403 ecclesiam
445 371 554 402 Sancti
579 371 766 401 christofori
789 379 883 409 prope
906 369 1092 405 Geranum,

89 427 276 459 Tiburtinae
292 425 464 459 dioecesis,
489 425 521 454 in
542 424 712 454 festivitate
727 423 870 462 ejusdem
895 422 1016 458 sancti,
1039 430 1094 460 per

90 483 156 511 octo
180 479 245 509 dies
271 481 455 516 sequentes,
473 478 577 515 prima
595 477 645 506 die
662 476 822 506 dominica
838 478 905 514 post
920 475 1092 504 Resurrec-

91 533 208 563 tionem
230 530 361 560 Domini
380 534 411 559 et
426 529 460 558 in
476 529 696 559 anniversario
714 529 766 558 die
781 528 989 558 dedicationis
1007 527 1093 565 ejus-

90 585 161 615 dem
177 583 339 613 ecclesiae.

132 649 145 664 α
167 637 236 666 Vite
252 635 403 674 perennis
420 635 558 672 gloria...
575 652 613 656 -
630 635 701 664 Dat.
718 634 801 673 apud
820 635 1092 671 Urbemveterem,

91 701 111 721 v
127 689 281 720 kalendas
295 689 438 726 augusti,
455 697 540 718 anno
558 693 679 727 quarto.
698 701 711 715 n

646 766 771 799 Orvieto,
788 767 818 793 21
832 767 928 801 juillet
945 766 1021 793 1291.

131 832 170 861 111
184 839 211 860 8.
233 839 290 870 m.,
308 838 362 868 pro
378 829 497 868 capella
512 830 618 859 Sancti
636 829 821 867 Leodegarii
840 829 878 858 de
890 829 1010 864 Tricoc,
1025 828 1095 857 Bel·

91 883 236 914 vacensis
246 882 412 918 dioecesis,
429 882 464 911 in
481 882 621 919 singulis
639 882 781 920 ejusdem
798 881 899 911 sancti
914 886 944 911 et
960 886 1096 919 quatuor

90 938 198 968 beatae
222 937 341 966 Mariae
359 935 586 965 festivitatibus
609 940 639 964 et
663 944 717 973 per
739 939 807 964 octo
824 935 892 964 dies
914 939 1093 973 sequentes.

91 990 161 1020 Dat.
180 989 264 1028 apud
285 989 567 1025 Urbemveterem,
594 998 635 1017 xn
659 988 811 1017 kalendas
835 988 983 1025 augusti,
1009 996 1095 1018 anno

90 1048 211 1083 quarto.

644 1108 772 1142 Orvieto,
792 1109 823 1135 15
835 1109 930 1142 juillet
948 1109 1024 1136 1291.

131 1173 169 1202 In
185 1181 213 1202 e.
229 1181 286 1209 m.,
303 1181 359 1211 pro
376 1171 509 1202 ecclesia
527 1195 546 1201 ..
565 1171 685 1201 abbatis
702 1175 731 1200 et
747 1176 921 1201 conventus
937 1176 1095 1202 monaste*

91 1225 134 1255 rii
150 1225 258 1255 Sancti
280 1225 386 1254 Mauri
409 1233 504 1263 supra
530 1224 688 1262 Ligerim,
711 1224 833 1253 ordinis
857 1224 889 1255 S.
912 1225 1094 1262 Benedicti,

91 1278 335 1316 Andegavensis
355 1277 524 1312 dioecesis,
545 1277 577 1306 in
599 1277 866 1306 Annuntiationis
892 1277 1000 1307 beatae
1028 1278 1097 1307 Ma-

92 1333 159 1362 riae
174 1336 204 1361 et
220 1331 253 1362 S.
274 1332 377 1360 Mauri
393 1331 629 1368 festivitatibus,
648 1339 701 1368 per
713 1335 781 1360 octo
797 1330 864 1359 dies
881 1334 1050 1369 sequentes
1068 1335 1098 1361 et

93 1384 126 1415 in
145 1384 365 1414 anniversario
385 1384 437 1413 die
458 1383 664 1413 dedicationis
682 1383 824 1421 ejusdem
843 1383 1003 1413 ecclesiae.
1024 1384 1095 1413 Dat.

93 1437 177 1476 apud
195 1437 472 1473 Urbemveterem,
488 1437 595 1466 idibus
610 1436 700 1475 julii,
718 1445 804 1466 anno
819 1441 941 1475 quarto.

647 1516 772 1551 Orvieto,
792 1517 823 1543 18
837 1517 931 1551 juillet
947 1517 1025 1544 1291.

133 1580 171 1609 In
193 1588 220 1609 e.
240 1588 299 1618 m.,
321 1588 376 1618 pro
399 1579 531 1610 ecclesia
554 1579 662 1609 Sancti
688 1579 782 1609 Pauli
805 1580 1040 1618 Lemovieensi,
1064 1581 1097 1610 in

93 1632 235 1672 ejusdem
257 1633 356 1662 sancti
375 1637 406 1662 et
426 1637 607 1663 sanctorum
628 1632 759 1663 Cosmae
781 1636 811 1663 et
833 1634 998 1670 Damiani,
1023 1642 1100 1672 quo-

93 1695 165 1716 rum
190 1686 346 1725 reliquiae
363 1686 482 1715 ibidem
501 1686 679 1723 habentur,
699 1686 937 1723 festivitatibus,
957 1696 1012 1725 per
1031 1691 1099 1717 octo

93 1739 161 1770 dies
182 1741 375 1778 sequentes,
395 1744 467 1776 etc.,
485 1744 518 1769 ut
534 1749 628 1779 supra
647 1749 745 1779 usque
771 1740 841 1770 Dat.
859 1740 942 1778 apud
961 1740 1101 1771 Urbem-

93 1797 254 1829 veterem‚
271 1802 312 1822 xv
326 1792 480 1822 kalendas
496 1794 623 1831 angusti
634 1815 642 1830 ,
659 1801 745 1823 anno
763 1797 885 1832 quarto.

677 1872 804 1905 Orvieto,
822 1873 855 1899 26
868 1874 933 1908 juin
950 1874 1028 1900 1291.

133 1934 172 1964 111
184 1942 211 1964 e.
229 1943 287 1971 m.,
301 1943 357 1973 pro
370 1934 502 1965 ecclesia
513 1934 647 1964 Sanctae
662 1935 782 1965 Mariae
795 1935 960 1971 Fundana,
976 1936 1010 1965 in
1025 1945 1099 1975 qua-

97 1991 167 2018 tuor
184 1988 328 2028 eJusdem
347 1988 498 2026 virginis,
517 1988 549 2018 S.
567 1988 726 2018 <Iohannis
745 1989 902 2028 Baptistae
925 1992 955 2018 et
974 1993 1101 2019 sanctae

93 2041 216 2072 Mariae
237 2041 447 2079 Magdalenae
463 2042 703 2078 festivitatibus,
722 2051 776 2080 per
796 2048 864 2072 octo
884 2043 951 2072 dies
967 2051 1101 2081 sequen-

92 2087 140 2125 tes
155 2099 185 2125 et
195 2095 229 2124 in
245 2096 469 2125 anniversario
485 2096 536 2125 die
551 2095 762 2125 dedicationis
778 2096 921 2135 ejusdem
937 2096 1098 2126 ecclesiae.

136 2159 149 2175 α
170 2149 270 2187 Virga
292 2149 521 2178 venustissima
542 2154 608 2180 et...
630 2166 669 2170 —
691 2149 763 2179 Dat.
787 2149 870 2188 apud
897 2150 1101 2180 Urbemvete-

95 2210 180 2239 rem,
196 2211 227 2232 v1
244 2202 398 2232 kalendas
409 2201 485 2241 julii
496 2225 504 2239 ‚
522 2211 609 2232 anno
624 2207 746 2241 quarto.
766 2215 780 2229 »

648 2283 774 2313 Orvieto.
795 2284 822 2310 11
837 2284 932 2318 juillet
949 2284 1027 2310 1291.

134 2345 171 2374 In
188 2354 214 2375 e.
233 2353 277 2374 m.
291 2370 297 2382 ,
312 2354 368 2384 pro
385 2345 516 2376 ecclesia
533 2346 572 2375 de
587 2346 762 2383 Tamarito‚
780 2346 952 2376 Ilerdensis
975 2346 1099 2376 dioece-

94 2397 153 2435 sis,
168 2397 202 2427 in
221 2401 356 2436 quatuor
377 2399 521 2437 ejusdem
544 2399 680 2437 virginis
698 2404 729 2428 et
743 2399 776 2429 S.
793 2400 903 2429 Jacobi
920 2400 1100 2429 festivitati-

94 2449 152 2480 bus
163 2474 170 2487 ,
188 2459 244 2489 per
260 2455 327 2481 octo
343 2451 411 2481 dies
430 2456 599 2490 sequentes
617 2457 647 2482 et
660 2452 694 2481 in
708 2452 928 2483 anniversario
943 2452 994 2482 die
1008 2453 1099 2483 dedi-

95 2503 228 2533 cationis
245 2503 390 2542 ejusdem
407 2504 568 2534 ecclesiae.

136 2567 151 2583 (ε
167 2555 240 2586 Vite
256 2556 407 2595 perennis
422 2556 562 2595 gloria...
581 2575 619 2579 —
634 2559 705 2587 Dat.
723 2558 805 2597 apud
824 2559 1098 2597 Urbemveterem‚

95 2618 115 2639 v
134 2609 206 2639 idus
218 2609 311 2649 julii,
329 2619 415 2641 anno
434 2616 556 2649 quarto.
574 2623 586 2637 ι
627 2636 633 2640 .

689 2691 814 2723 Orvieto,
833 2692 848 2719 2
864 2694 932 2719 aout
949 2693 1026 2721 1291.

135 2754 174 2784 Ι11
192 2763 220 2784 e.
232 2763 289 2791 m.,
306 2762 361 2792 pro
377 2753 509 2784 ecclesia
521 2755 705 2784 monasterii
724 2755 837 2785 Beatae
854 2757 972 2787 Mariae
986 2757 1023 2787 de
1039 2757 1100 2788 Bo-

97 2815 204 2847 naspe,
221 2806 461 2837 Cameracensis
477 2806 647 2843 dioecesis,
665 2807 699 2836 in
717 2813 852 2846 quatuor
872 2810 1014 2847 ejusdem
1034 2811 1099 2839 vir-

95 2859 182 2898 ginis
196 2863 226 2889 et
242 2859 273 2890 S.
292 2859 466 2897 Augustini
479 2859 718 2897 festivitatibus,
737 2864 808 2897 etc.,
826 2866 860 2891 ut
877 2871 982 2900 supra,
999 2872 1100 2902 usque

97 2911 169 2942 Dat.
199 2912 282 2951 apud
314 2912 576 2943 Urbemveterem
593 2935 599 2946 ‚
629 2921 675 2941 1111
709 2921 809 2943 1101135
837 2916 965 2953 augusti
978 2939 987 2953 ‚
1015 2925 1101 2946 anno

96 2968 219 3004 quarto.

238 3030 310 3058 Rso.
332 3030 455 3058 Niconis
475 3029 528 3058 IV.

1216 367 1252 396 In
1276 376 1301 397 e.
1326 377 1387 403 m.,
1412 376 1467 406 pro
1487 367 1619 397 ecclesia
1640 366 1826 397 monasterii
1846 367 1952 396 Sancti
1974 368 2112 398 Ber-taidi
2137 370 2176 399 de

1175 419 1394 457 Calvomonte‚
1429 421 1600 450 Remensis
1628 420 1798 456 dioecesis,
1831 419 1865 449 in
1903 424 2036 458 quatuor
2067 421 2174 452 beatae

1177 473 1296 503 Mariae
1313 478 1342 502 et
1355 473 1386 504 S.
1406 474 1545 504 Bertaldi
1564 473 1798 509 festivitatibus,
1816 477 1887 509 etc.‚
1907 477 1940 502 ut
1956 482 2062 511 supra.

1214 527 1252 555 In
1274 536 1299 556 e.
1323 536 1381 563 m.,
1399 536 1455 565 pro
1478 527 1608 557 ecclesia
1628 526 1816 557 monasterii
1832 525 2021 556 Sanctorum
2041 527 2127 556 Petri
2149 532 2178 557 et

1176 578 1268 608 Pauli
1290 579 1328 608 de
1353 579 1516 616 Bucilliis,
1545 579 1768 609 Laudunensis
1791 579 1962 615 dioecesis,
1988 580 2020 608 in
2043 584 2178 618 quatuor

1176 631 1285 661 beatae
1302 632 1422 661 Mariae
1442 636 1471 661 et
1487 637 1668 662 sanctorum
1684 632 1857 670 Augustini
1873 631 2075 670 etArnulphi
2093 632 2178 662 festi-

1176 684 1345 720 vitatibus,
1364 689 1435 719 etc.,
1454 690 1604 723 utsupra.

1731 744 1858 778 Orvieto‚
1875 744 1907 771 30
1919 744 2013 778 juillet
2029 745 2106 772 1291.

1217 805 1254 834 In
1270 814 1296 835 e.
1317 815 1372 841 m.,
1394 813 1448 842 pro
1464 805 1595 834 ecclesia
1612 828 1631 834 ..
1649 805 1819 843 guardiani
1835 810 1865 834 et
1879 810 2053 836 conventus
2067 806 2178 836 Sama-

1178 861 1337 894 tanornm,
1354 858 1476 887 ordinis
1493 858 1626 887 fratrum
1646 858 1817 893 minorum,
1836 858 2032 888 Tholosanae
2053 859 2179 889 dioece-

1177 912 1236 948 sis,
1255 912 1288 940 in
1309 916 1444 949 quatuor
1469 912 1577 940 beatae
1598 911 1735 947 Mariae,
1761 916 1941 940 sanctorum
1966 911 2126 941 Francisci
2150 916 2180 941 et

1178 965 1315 994 Antonii
1336 969 1365 993 et
1381 968 1508 994 sanctae
1530 964 1639 993 Clarae
1661 964 1885 993 festivitatibus
1907 968 1936 993 et
1959 973 2013 1002 per
2030 968 2096 994 octo
2113 964 2181 994 dies

1178 1022 1356 1056 sequentes.
1371 1018 1441 1046 Dat.
1456 1018 1538 1056 apud
1553 1017 1865 1052 Urhemveterem,1n
1875 1016 2026 1046 kalendas
2039 1018 2164 1054 augusti
2175 1042 2182 1054 ,

1178 1079 1263 1100 anno
1279 1075 1402 1109 quarto.
1420 1070 1572 1109 (ΡοΤΤΗ.,
1591 1069 1715 1109 23750.)

1219 1125 1256 1153 111
1273 1133 1300 1154 8.
1321 1133 1378 1159 m.,
1396 1132 1450 1162 pro
1467 1123 1599 1153 ecclesia
1617 1147 1636 1152 ..
1654 1123 1821 1160 guardiani
1839 1127 1869 1152 et
1886 1126 2060 1151 conventus
2080 1123 2182 1160 Appa-

1179 1177 1336 1212 miarum,
1353 1177 1476 1206 ordinis
1493 1177 1625 1206 fratrum
1645 1176 1821 1210 minorum,
1839 1174 2036 1204 Tholosanae
2057 1174 2181 1204 dioece-

1179 1231 1232 1260 sis.
1250 1230 1401 1269 (Porri-1„
1418 1230 1538 1267 23750.)

1219 1284 1257 1313 In
1276 1293 1301 1312 e.
1321 1293 1377 1320 m.,
1394 1292 1449 1321 pro
1468 1283 1597 1312 ecclesia
1617 1305 1636 1312 ..
1654 1282 1825 1320 guardiani
1840 1286 1870 1311 et
1884 1285 2060 1311 conventus
2074 1281 2111 1311 de
2124 1282 2183 1311 Mi-

1180 1337 1311 1375 rapisce,
1323 1336 1444 1366 ordinis
1461 1336 1594 1365 fratrum
1611 1335 1786 1371 minorum,
1805 1334 2003 1364 Tholosanae
2016 1334 2180 1364 dioecesis.

1181 1391 1330 1430 (porra,
1350 1389 1473 1428 23750.)

1733 1441 1862 1474 Orvieto,
1878 1440 1911 1467 27
1924 1441 2018 1474 juillet
2036 1440 2113 1467 1291.

1221 1508 1258 1536 In
1275 1515 1303 1535 e.
1322 1515 1377 1543 m.,
1393 1514 1449 1544 pro
1463 1505 1595 1535 ecclesia
1608 1505 1721 1534 Beatae
1737 1504 1858 1533 Mariae
1874 1503 1912 1532 de
1927 1503 2109 1540 Hemigton,
2126 1503 2185 1532 Ba-

1181 1559 1362 1589 thoniensis
1383 1559 1549 1595 dioecesis,
1571 1559 1604 1586 in
1626 1560 1760 1595 quatuor
1788 1556 1930 1594 ejusdem
1954 1555 2113 1593 virginis,
2132 1564 2186 1594 per

1181 1617 1249 1643 octo
1273 1613 1341 1641 dies
1366 1615 1533 1650 sequentes
1559 1615 1589 1639 et
1612 1611 1644 1639 in
1666 1609 1885 1639 anniversario
1905 1608 1956 1637 die
1977 1608 2185 1638 dedicationis

1182 1668 1326 1707 ejusdem
1364 1666 1525 1696 ecclesiae.
1558 1666 1627 1695 Dat.
1661 1675 1691 1694 VI
1726 1664 1879 1694 kalendas
1917 1664 2062 1701 augusti,
2100 1672 2185 1693 anno

1181 1725 1306 1760 quarto.

1222 1775 1260 1804 In
1279 1783 1306 1804 e.
1324 1783 1381 1809 m.,
1400 1782 1455 1812 pro
1470 1772 1601 1803 ecclesia
1619 1794 1639 1801 ..
1660 1772 1771 1810 prioris
1788 1775 1817 1800 et
1837 1774 2012 1800 conventus
2028 1773 2183 1799 monaste-

1183 1829 1222 1858 rii
1240 1828 1354 1857 Beatae
1371 1827 1490 1856 Mariae
1506 1825 1734 1859 Karleolensis⁷
1754 1833 1808 1862 per
1823 1824 1959 1862 priorem
1976 1823 2059 1853 soliti
2073 1823 2186 1860 guber-

1183 1882 1265 1918 nari,
1283 1881 1405 1911 ordinis
1422 1880 1454 1911 S.
1472 1878 1659 1917 Augustini.

1737 1944 1863 1977 Orvieto,
1880 1943 1913 1970 23
1926 1943 2020 1977 juillet
2036 1942 2113 1969 1291.

1223 2013 1261 2042 111
1275 2021 1301 2041 e.
1315 2020 1372 2047 m.,
1385 2019 1440 2048 pro
1456 2009 1586 2039 ecclesia
1602 2008 1708 2038 Sancti
1723 2006 1875 2044 Stephani
1891 2005 2058 2042 Burgensi,
2075 2004 2108 2033 in
2124 2003 2181 2032 Pu-

1183 2064 1368 2095 rificationis
1385 2063 1493 2093 beatae
1511 2062 1638 2097 Mariae,
1650 2060 1682 2090 S.
1695 2059 1849 2097 Stephani
1866 2063 1894 2087 et
1907 2058 1937 2087 S.
1950 2057 2110 2087 Vincentii
2124 2056 2181 2085 fes-

1185 2118 1360 2147 tivitatibus
1380 2120 1409 2146 et
1425 2125 1478 2154 per
1494 2119 1561 2144 octo
1577 2114 1643 2143 dies
1659 2116 1838 2151 sequentes.
1859 2112 1927 2140 Dat.
1946 2110 2029 2149 apud
2046 2109 2182 2139 Urbem-

1183 2175 1322 2201 veterem
1336 2193 1341 2205 ,
1358 2178 1376 2198 x
1391 2168 1544 2197 kalendas
1559 2166 1700 2204 augusti,
1716 2173 1801 2194 anno
1816 2166 1938 2203 quarto.

1736 2244 1861 2274 Orvieto,
1880 2243 1909 2269 31
1924 2241 2020 2276 juillet
2038 2240 2115 2267 1291.

1222 2316 1258 2345 In
1276 2324 1303 2344 e.
1323 2324 1384 2350 m.,
1404 2321 1460 2352 pro
1475 2312 1606 2342 ecclesia
1626 2309 1734 2340 Sancti
1754 2305 1990 2338 Bartholomaei
2005 2306 2043 2335 de
2066 2305 2182 2335 Savar-

1182 2370 1276 2403 dino,
1294 2367 1492 2398 Tholosauae
1507 2363 1669 2398 dioecesis,
1687 2363 1720 2391 in
1736 2359 1972 2399 Assumptionis
1987 2359 2095 2387 beatae
2115 2357 2179 2386 Ma-

1182 2425 1247 2453 riae
1263 2428 1292 2452 et
1307 2425 1490 2452 sanctorum
1508 2418 1606 2454 Petri,
1620 2416 1711 2446 Pauli
1732 2419 1761 2445 et
1774 2413 2010 2444 Bai-tholomaei
2026 2411 2184 2441 festivita-

1182 2478 1304 2507 tibuset
1315 2484 1369 2514 per
1380 2479 1447 2504 octo
1457 2473 1525 2502 dies
1539 2475 1718 2510 sequentes
1732 2469 1802 2498 Dat.
1814 2467 1895 2506 apud
1908 2466 2184 2498 Urbemveterem‚

1182 2541 1204 2560 11
1220 2529 1374 2560 kalendas
1389 2526 1531 2564 augusti,
1547 2532 1633 2555 anno
1648 2526 1770 2562 quarto.

1221 2583 1259 2612 In
1274 2592 1300 2612 e.
1319 2591 1381 2616 m.,
1400 2587 1454 2619 pro
1471 2577 1601 2608 ecelesia
1624 2576 1778 2615 prioratus
1799 2573 1932 2603 Sanctae
1954 2569 2128 2600 Columbae
2149 2568 2187 2598 de

1183 2635 1383 2669 Savarduno,
1401 2629 1622 2662 Cluniacensis
1638 2624 1992 2662 01·diuis‚,Thotosanae
2010 2620 2180 2656 dioecesis,

1182 2689 1217 2718 in
1242 2692 1376 2727 quatuor
1402 2686 1510 2715 beatae
1531 2682 1666 2718 Mariae,
1690 2680 1721 2710 S.
1747 2675 1983 2708 Bartholomaei
2007 2679 2037 2704 et
2057 2676 2184 2702 sanctae

1182 2741 1353 2772 Columbae
1369 2736 1590 2768 festivitatibus
1605 2738 1635 2764 et
1654 2743 1707 2772 per
1728 2737 1796 2762 octo
1818 2730 1886 2760 dies
1902 2731 2081 2767 sequentes.
2109 2725 2177 2753 Dat.

1183 2799 1217 2826 ut
1232 2803 1336 2832 supra.
1353 2792 1412 2832 (Εη
1431 2789 1562 2828 marqe.)

1739 2843 1864 2874 Orvieto,
1879 2841 1912 2868 28
1925 2840 2018 2875 juillet
2035 2837 2110 2864 1291.

1225 2918 1262 2947 111
1278 2926 1305 2946 e.
1324 2925 1379 2950 m.,
1398 2922 1452 2954 pro
1470 2911 1600 2953 ecclesia
1618 2933 1637 2941 ..
1655 2907 1776 2938 abbatis
1790 2911 1820 2935 et
1833 2907 2005 2935 conventus
2022 2902 2182 2929 monaste-

1184 2970 1223 3000 rii
1241 2970 1374 2999 Sanctae
1394 2966 1514 2997 Mariae
1529 2965 1567 2994 de
1586 2963 1726 2998 Amerio,
1743 2958 1864 2990 ordinis
1880 2957 1911 2986 S.
1933 2953 2104 2986 Benedicti,
2123 2950 2185 2980 Ge-

2011 3019 2041 3045 97
