2393 3496
917 297 1169 342 QUATRIEME
1194 298 1349 336 ANNEE.

86 379 117 409 S.
139 375 285 410 Martini,
308 375 493 404 Nativitatis
513 374 622 404 beatae
641 375 761 403 Mariae
779 380 810 404 et
832 378 1014 403 sanctorum
1031 373 1091 402 Pe-

87 431 128 461 tri
144 433 174 459 et
195 427 287 458 Pauli
313 427 553 463 festivitatibus,
572 436 626 465 per
650 432 718 457 octo
737 427 805 456 dies
828 431 997 465 sequentes
1013 426 1092 454 etin

87 480 308 514 anniversario
324 479 375 509 dic
392 479 603 509 dedicationis
620 480 763 518 ejusdem
778 479 941 509 ecclesiae.

127 546 142 562 «
159 535 348 564 Sanctorum
367 532 491 561 meritis
506 532 653 563 inclita...
672 550 710 554 —
728 533 798 562 Dat.
818 532 900 570 apud
920 532 1093 562 Urbemve-

89 593 197 623 terem,
214 586 322 616 idibus
338 585 484 623 augusti,
501 594 587 615 anno
603 590 727 624 quarto.
748 598 761 611 »

157 783 412 813 581⁷·5818
685 782 812 812 (Ji-vieto,
831 783 844 805 J,
861 784 927 808 aout
945 782 1021 809 1291.

123 846 241 874 Collatio
259 845 463 872 beneficiorum
485 848 513 871 et
533 844 711 878 dispensatio
727 852 814 878 super
831 845 990 878 pluralitate
1006 845 1094 870 bene-

86 896 226 924 ficiorum.
243 894 326 927 (Rae.
343 894 387 924 46,
404 902 429 920 c.
449 894 511 924 414,
529 893 547 919 f.
565 893 597 920 82
614 894 663 924 r0.)

123 1012 258 1042 Iohanni
276 1011 311 1040 de
329 1011 424 1039 Turre
440 1012 537 1046 locta,
558 1010 713 1046 capellano
737 1013 856 1044 nostro,
874 1010 1017 1038 canonico
1038 1009 1092 1037 Va-

88 1066 211 1096 lantino.
231 1063 312 1094 Cum
332 1072 379 1099 eo,
398 1063 451 1093 cui
468 1071 571 1100 nuper
588 1062 840 1101 praecentoriam
859 1061 1010 1091 ecclesiae
1028 1062 1093 1091 Va—

85 1118 226 1148 lentiuae
249 1117 423 1146 reservavit
444 1121 475 1145 et
495 1123 582 1144 nunc
604 1115 636 1144 in
659 1115 768 1144 eadem
788 1114 919 1144 ecclesia
940 1123 1090 1153 persona-

87 1176 154 1202 tum
170 1170 220 1200 vcl
242 1169 432 1208 dignitatem
453 1173 605 1204 reservat,
624 1168 790 1206 dispensat
810 1172 842 1198 nt
863 1168 918 1197 illa
938 1168 1093 1198 beneficia

86 1233 151 1255 una
166 1233 239 1254 cum
258 1224 291 1252 in
310 1223 467 1253 Ilerdensi
485 1222 617 1251 ecclesia
635 1222 868 1260 praecentoria,
886 1222 1091 1258 canonicatu,

87 1277 269 1317 praebenda
292 1281 322 1305 et
343 1276 479 1315 quodam
499 1275 607 1304 ,officio
630 1279 772 1304 mensata
795 1283 849 1304 seu
875 1275 1093 1313 praepositura

88 1329 264 1368 vulgariter
285 1328 459 1368 appellato,
479 1333 603 1357 tantum
625 1327 789 1357 canonicis
807 1332 837 1357 et
853 1327 996 1365 personis
1015 1327 1094 1357 Iler-

87 1383 194 1414 densis
221 1382 376 1413 ecclesiae
401 1382 559 1420 assignari
582 1386 748 1417 consueto,
777 1385 925 1419 perpetua
952 1382 1093 1419 portione

86 1437 120 1467 in
136 1436 270 1467 Oscensi
293 1435 438 1470 ecclesia,
458 1438 607 1474 perpetua
627 1434 801 1472 capellania
818 1434 969 1464 ecclesiae
985 1434 1094 1464 Sancti

86 1491 171 1520 Petri
190 1490 229 1520 de
246 1489 372 1526 Cereto,
391 1488 541 1518 Elnensis
558 1488 723 1523 dioecesis,
740 1491 770 1517 et
786 1487 923 1526 quadam
941 1489 1094 1526 pensione

85 1544 124 1574 ab
152 1565 171 1572 ..
199 1543 343 1582 episcopo
369 1546 399 1572 et
427 1541 564 1581 capitulo
595 1542 789 1572 Oscensibus
820 1541 923 1571 eidem
949 1542 1094 1572 Johanni

85 1596 177 1626 facta.

131 1661 144 1675 ι
166 1649 278 1687 Nuper
293 1649 435 1678 volentes
452 1649 545 1679 tibi...
567 1666 606 1670 —-
627 1649 698 1679 Dat.
716 1649 799 1687 apud
818 1649 1092 1685 Urbemveterem,

86 1702 181 1732 nonis
195 1702 333 1740 augusti,
352 1710 437 1731 anno
453 1707 575 1740 quarto.
596 1714 610 1728 υ

126 1755 163 1785 111
180 1765 208 1785 e.
224 1764 281 1789 m..
299 1755 453 1793 magistro
472 1756 659 1785 ltanuccino
676 1755 714 1784 de
731 1755 852 1791 Murro,
871 1756 1095 1786 archidiacono

87 1809 278 1839 Verv'ecensi
297 1808 331 1838 in
349 1808 484 1838 ecclesia
502 1809 679 1847 But-gensi,
698 1808 861 1847 capellano
877 1818 934 1839 suo
956 1815 986 1838 et
1008 1810 1093 1840 litte-

85 1871 194 1893 rarum
212 1863 483 1892 contradictarum
502 1863 653 1899 auditori,
674 1887 693 1892 ..
715 1863 834 1893 decano
850 1863 1095 1894 Terraconensis

86 1916 116 1945 et‘
134 1915 228 1946 Petro
245 1915 389 1952 Grunni,
409 1916 565 1946 canonico
584 1916 859 1946 Barchinonensis
875 1917 1092 1953 ecclesiarum,

86 1969 217 1998 mandat
236 1973 269 1999 ut
287 1969 435 1999 eumdem
452 1969 637 1999 Joliannem
655 1969 704 1999 vel
720 1974 956 2008 procuratorem
976 1971 1043 2008 ejus
1060 1972 1092 2000 in

83 2023 317 2061 praedictorum
341 2023 578 2061 praecentoriae
599 2027 628 2052 et
652 2027 837 2061 personatus
855 2024 902 2053 vel
923 2024 1092 2061 dignitatis

85 2075 280 2114 corporalem
298 2076 531 2114 possessionem
546 2076 712 2107 inducant.

126 2141 139 2156 «
164 2129 277 2168 Nuper
296 2129 439 2159 volentes
455 2129 607 2160 dilecto...
627 2147 664 2150 —
688 2130 758 2159 Dat.
778 2135 931 2169 utsupra.
952 2144 964 2157 »

151 2329 413 2358 5819-5820

117 2390 160 2417 De
183 2392 340 2417 mutatione
357 2392 545 2426 quarumdam
563 2393 780 2427 possessionum
798 2394 962 2419 monasterii
978 2393 1012 2419 dc
1028 2393 1091 2420 Cla-

82 2440 193 2469 ravano,
207 2439 408 2467 cisterciensis
421 2440 541 2471 ordinis,
556 2440 779 2467 Mediolanensis
792 2442 943 2468 dioecesis¹
955 2442 1036 2474 (Risu.
1048 2443 1089 2474 46,

82 2495 108 2516 0.
124 2489 188 2521 415,
207 2489 226 2515 f.
245 2488 278 2515 82
294 2494 335 2519 r⁰;
353 2488 469 2519 Purra,
487 2488 596 2522 23775.)

663 2330 795 2364 Orvieto,
815 2332 843 2357 13
859 2333 925 2357 aout
945 2332 1019 2358 1291.

126 2626 145 2632 ..
169 2604 343 2640 quar-diano
369 2604 509 2639 fratrum
537 2604 693 2633 minorum
718 2605 934 2634 Mediolanensi
963 2606 1092 2635 mandat

85 2659 119 2685 ut
136 2655 282 2694 inquirat.
302 2656 341 2686 de
364 2656 503 2686 utilitate
521 2657 764 2695 permutationis
783 2658 1019 2696 possessionum
1038 2660 1090 2688 in-

85 2711 131 2738 ter
159 2710 389 2738 monasterium
419 2709 458 2739 de
485 2709 677 2746 Claravalle,
705 2710 926 2740 Cisterciensis
951 2712 1089 2748 ordinis,

84 2762 338 2792 Mediolanensis
365 2763 531 2799 dioecesis,
551 2767 581 2792 et
606 2763 836 2793 monasterium
865 2764 903 2794 de
928 2765 1033 2794 Orone
1063 2770 1092 2795 et

83 2815 250 2846 ecclesiam
265 2815 374 2845 Sancti
386 2815 552 2845 Vincentii
565 2815 603 2844 de
615 2816 751 2852 Sataria,
764 2817 906 2855 ejusdem
924 2818 1089 2853 dioecesis,

83 2869 260 2899 faciendae.

125 2934 138 2950 ι
164 2923 208 2952 Ex
225 2927 312 2961 parte
328 2922 556 2951 dilectorum...
570 2937 611 2944 —
627 2922 698 2952 Dat.
712 2923 795 2961 apud
813 2923 1088 2959 Urbemveterem‚

82 2974 191 3006 idibus
205 2975 343 3013 augusti,
360 2983 446 3005 anno
461 2979 585 3013 quarto.
606 2987 618 3001 n

223 3041 296 3068 Rae.
318 3041 440 3069 Nicoms
461 3040 512 3068 1V.

2122 314 2177 341 785

1752 376 1879 405 Urvicw,
1898 375 1930 402 29
1946 378 2014 402 aoi'it
2031 377 2109 404 i‘wl,

1218 447 1230 461 ι
1244 435 1282 464 111
1296 444 1324 465 0.
1342 444 1401 471 111,,
1415 435 1519 465 eidem
1534 436 1723 473 guardiano.
1738 436 1781 465 Ex
1796 441 1882 474 parte
1898 436 2085 467 dilectorum
2099 439 2179 468 filio-

1176 497 1248 517 rum
1263 511 1282 517 ..
1299 489 1422 518 abbatis
1435 492 1464 518 ct
1475 494 1650 519 conventus
1663 491 1848 519 monasterii
1860 490 1898 519 de
1909 489 2096 527 Claravalle,
2110 491 2181 521 Cis-

1177 541 1342 571 terciensis
1357 542 1499 579 ordinis,
1519 547 1578 572 etc.
1597 548 1630 572 ut
1649 552 1744 581 supra
1763 552 1863 581 usque
1879 547 1908 572 et
1923 543 1997 572 aliis
2015 543 2106 573 bonis
2122 554 2182 583 que

1176 594 1214 623 de
1231 594 1337 624 Orone
1353 600 1382 624 et
1398 596 1505 625 Sancti
1523 597 1687 626 Ambrosii
1706 596 1911 633 monasteria,
1930 605 2054 627 necnon
2074 597 2181 627 Sancti

1176 647 1337 676 Vincentii
1363 648 1400 676 de
1425 648 1562 684 Sataria‚
1586 649 1696 678 Sancti
1720 649 1849 678 Nazarii
1871 649 1905 678 in
1931 649 2048 685 Brolio,
2073 650 2181 679 Sancti

1176 699 1304 737 Georgii
1330 700 1363 728 in
1389 701 1521 736 Palatio,
1549 701 1657 731 Sancti
1682 702 1798 731 Donati
1821 703 1856 731 in
1879 702 1982 732 Strata
2006 703 2179 741 Laudensi,

1176 752 1284 782 Sancti
1303 753 1387 782 Petri
1404 754 1436 782 in
1454 753 1573 792 Campo
1593 755 1752 784 Laudensi
1769 760 1798 784 et
1815 755 1921 784 Sancti
1936 756 2047 786 Jacobi
2064 756 2096 785 in
2115 757 2182 786 loco

1176 805 1299 834 Noxete
1325 806 1469 842 ecclesie,
1492 807 1746 837 Mediolanensis
1770 808 1906 837 civitatis
1929 813 1959 838 et
1980 809 2126 842 diocesis,
2147 810 2179 838 in

1176 858 1312 887 diversis
1335 858 1413 888 locis
1435 859 1553 889 habere
1575 865 1752 889 noscuntur
1772 862 1920 898 contigua
1936 866 1965 891 et
1980 862 2057 891 alias
2074 863 2182 892 vicina

1175 911 1354 946 obtineant,
1380 912 1418 941 de
1441 920 1577 950 quorum
1602 913 1835 950 permutatione
1862 919 1988 951 mutua,
2015 915 2181 954 utriusque

1176 964 1377 994 considerata
1395 965 1427 993 in
1451 966 1601 995 omnibus
1625 965 1773 1002 utilitate,
1795 971 1857 995 tam
1881 967 1999 996 eisdem
2025 974 2181 998 monaste-

1176 1019 1232 1047 riis
1250 1028 1346 1057 qnam
1363 1018 1504 1048 ecclesiis
1527 1019 1647 1048 utilitas
1666 1028 1731 1049 non
1749 1020 1873 1049 modica
1894 1022 2090 1058 perveniret,
2108 1026 2178 1056 etc,

1176 1076 1335 1110 utsupra,
1355 1073 1483 1101 mutatis
1500 1072 1678 1109 mutandis,
1696 1082 1797 1111 usque
1814 1073 1885 1102 Dat.
1903 1074 1985 1111 apud
2002 1074 2181 1104 Urbemve-

1178 1129 1289 1162 terem,
1301 1134 1346 1154 1111
1360 1125 1514 1155 kalendas
1526 1126 1724 1164 septembris,
1736 1135 1821 1156 anno
1832 1131 1954 1164 quarto.
1968 1140 1980 1151 ιι
1993 1127 2049 1165 (En
2061 1137 2182 1164 margon·

1176 1178 1313 1213 porra„
1332 1178 1453 1215 23807.)

1246 1364 1361 1393 5821

1212 1426 1435 1452 Univcrsitatcm
1451 1426 1624 1452 scholarium
1643 1425 1866 1452 Bononiensium
1883 1436 1897 1452 a
1918 1431 1982 1452 voto
2005 1427 2181 1461 rolimpwmii

1754 1364 1880 1398 (li-vieto,
1899 1365 1927 1390 11
1948 1366 2014 1391 30111
2033 1366 2109 1392 1ἳ91.

1176 1475 1334 1501 Bononiam
1352 1475 1483 1501 absolvit.
1512 1474 1593 1507 (Heu.
1612 1475 1655 1506 46,
1672 1483 1697 1501 c.
1716 1476 1787 1508 415⁷,
1805 1475 1823 1500 f.
1842 1475 1873 1501 43
1892 1477 1941 1507 vo.)

1219 1615 1237 1620 ..
1264 1593 1396 1629 episcopo
1421 1591 1613 1619 Bononiensi.
1643 1602 1656 1616 u
1684 1591 1829 1628 Exposita
1855 1591 1947 1620 nohis
1972 1597 2129 1620 rectorum
2152 1596 2181 1620 et

1178 1645 1397 1675 universitatis
1417 1643 1587 1673 scolarium
1610 1648 1670 1672 tam
1689 1643 1999 1673 111113111011[3110111111
2017 1654 2112 1682 quain
2134 1645 2179 1673 ci-

1179 1702 1452 1726 tramontanorum
1473 1695 1581 1734 petitio
1597 1696 1781 1725 continebat
1796 1695 1890 1734 quod,
1906 1705 1977 1724 011111
1993 1718 2013 1725 ..
2032 1702 2176 1734 potestas,

1179 1773 1198 1779 ..
1219 1750 1413 1789 capitaneus,
1433 1749 1605 1778 consilium
1630 1753 1658 1777 et
1680 1758 1850 1778 commune
1876 1749 2092 1778 Bononienses
2116 1750 2179 1788 pri-

1177 1804 1249 1833 dem
1277 1812 1312 1832 ex
1339 1803 1442 1831 causis
1471 1802 1632 1840 aliquibus
1656 1802 1841 1830 statuissent
1867 1805 1898 1830 111
1925 1807 2115 1831 mercatores
2142 1803 2179 1831 de

1177 1859 1408 1887 Amanatornm
1426 1859 1455 1884 et
1470 1855 1657 1884 Clarentum
1676 1854 1714 1883 de
1736 1855 1872 1884 Pistorio
1891 1855 2106 1891 societatibus,
2123 1857 2177 1893 qui

1179 1916 1317 1948 tempore
1334 1909 1440 1939 statuti
1458 1908 1642 1947 hujusmodi
1657 1908 1833 1937 existebant
1849 1908 1991 1937 etadhuc
2008 1913 2082 1937 sunt
2097 1918 2177 1938 mer-

1177 1970 1296 1994 catores
1316 1963 1537 1993 univcrsitatis
1556 1962 1711 2000 ejusdem,
1729 1961 1879 1990 deberent
1902 1962 1982 1990 111113
2001 1962 2075 1990 certi
2099 1967 2177 1990 tem-

1177 2019 1260 2057 poris
1286 2020 1422 2056 spatium
1448 2016 1486 2045 de
1511 2016 1636 2045 civitate
1663 2015 1857 2044 Bononiensi
1886 2019 1914 2043 et
1942 2015 2082 2044 districtu
2111 2016 2177 2052 ejus

1177 2071 1302 2110 expelli,
1321 2070 1512 2099 universitas
1535 2069 1604 2106 ipsa
1625 2078 1659 2097 ex
1686 2072 1800 2097 statuto
1822 2068 1961 2105 predicto
1986 2076 2049 2096 uon
2074 2068 2175 2096 modi-

1175 2133 1247 2153 cum
1268 2128 1429 2161 gravatam
1447 2130 1479 2150 se
1496 2122 1650 2156 sentiens,
1674 2129 1727 2158 pro
1745 2128 1781 2149 eo
1802 2120 1883 2157 quod
1902 2120 2017 2149 multos
2033 2126 2175 2149 contrac-

1177 2183 1224 2207 tus
1241 2186 1314 2206 cum
1329 2176 1420 2205 dictis
1436 2174 1664 2204 mercatoribus
1683 2174 1778 2202 initos
1800 2178 1828 2202 et
1848 2173 2057 2210 obligationes
2077 2173 2175 2211 pluri-

1176 2241 1242 2260 mas
1263 2236 1325 2260 tam
1347 2230 1448 2259 reales
1471 2237 1566 2266 quam
1592 2227 1772 2266 personales
1796 2226 1919 2256 habitas
1943 2236 2014 2255 cum
2043 2226 2175 2259 eisdem,

1174 2294 1252 2324 quos
1273 2288 1303 2312 et
1320 2292 1397 2321 quas
1421 2281 1575 2311 disolvere
1598 2280 1646 2309 vel
1667 2280 1813 2318 expedire
1839 2288 1902 2309 non
1928 2283 2071 2317 poterant
2095 2280 2178 2308 inl'ra

1176 2337 1326 2376 temporis
1342 2337 1478 2374 spatium
1498 2334 1658 2373 prelibati,
1676 2343 1693 2362 a
1712 2334 1794 2362 dicto
1809 2333 1972 2362 communi
1992 2332 2176 2370 suppliciter

1175 2390 1343 2430 postulavit
1360 2394 1405 2425 ut,
1424 2390 1472 2418 sui
1494 2388 1684 2427 precaminis
1705 2387 1898 2421 interventu,
1918 2386 2071 2424 predictos
2093 2395 2175 2414 mer—

1174 2450 1293 2474 catores
1318 2444 1351 2472 in
1377 2442 1505 2471 civitate
1533 2441 1652 2479 prefata
1678 2449 1778 2477 usqne
1807 2439 2026 2470 adiialeudas
2058 2438 2176 2467 mensis

1175 2498 1249 2527 maii
1275 2506 1377 2535 nuper
1403 2495 1562 2529 transacti,
1587 2499 1660 2523 tunc
1684 2493 1826 2532 proximo
1848 2492 1999 2526 secuturi,
2025 2491 2123 2520 libere
2147 2496 2177 2519 et

1173 2552 1293 2588 absque
1318 2549 1380 2578 ulla
1406 2547 1549 2577 molestia
1575 2547 1794 2585 permitterent
1818 2553 2016 2583 permanere.
2043 2545 2077 2573 Et
2100 2544 2173 2582 quia

1175 2609 1349 2643 pretactum
1367 2609 1537 2631 commune
1556 2600 1656 2637 ipsius
1673 2598 1890 2628 universitatis
1913 2598 2094 2635 petitionem
2116 2597 2173 2624 mi-

1174 2657 1262 2686 nime
1282 2655 1483 2690 admittebat,
1505 2654 1687 2691 quinimmo
1708 2652 1796 2680 illam
1818 2650 1923 2679 verbis
1945 2655 1973 2679 et
1996 2650 2084 2678 vanis
2107 2658 2173 2687 pro-

1175 2709 1379 2740 tractionibus
1396 2706 1568 2741 detinebat,
1589 2728 1607 2734 ..
1626 2705 1769 2734 sindicus
1789 2703 2004 2733 universitatis
2023 2702 2171 2740 predicte,

1173 2764 1211 2792 de
1232 2763 1330 2801 ipsius
1355 2758 1483 2798 speciali
1509 2759 1671 2794 mandato,
1700 2756 1903 2795 corporaliter
1929 2755 2062 2793 prestitit
2083 2756 2172 2792 jura-

1173 2821 1315 2846 mentum
1337 2814 1436 2853 quod,
1462 2813 1523 2841 nisi
1549 2813 1618 2851 ejus
1644 2810 1827 2849 petitionem
1853 2816 2022 2838 commune
2048 2806 2171 2845 predic-

1173 2874 1239 2898 tum
1258 2868 1343 2897 infra
1359 2867 1473 2896 festum
1493 2865 1574 2894 beati
1593 2864 1724 2893 Martini
1742 2861 1881 2892 estivalis
1896 2860 2077 2889 admitteret
2098 2867 2171 2887 cum

1172 2922 1301 2957 effectu,
1319 2919 1509 2950 universitas
1527 2919 1595 2956 ipsa
1615 2926 1650 2946 ex
1676 2921 1749 2945 tunc
1770 2915 1856 2953 prius
1872 2913 1987 2943 festum
2010 2911 2091 2941 beati
2111 2911 2170 2939 Mi-

1171 2973 1289 3004 chaelis
1313 2971 1498 3009 archangeli
1524 2971 1625 3009 primo
1651 2973 1820 2998 venturum
1848 2966 1886 2995 de
1912 2965 2038 2995 civitate
2066 2964 2172 2992 Bono-

1999 3029 2031 3055 99
