2393 3496
238 309 311 339 1042
983 305 1221 338 REGISTRES
1244 306 1298 335 DE
1320 305 1505 337 NICOLAS
1527 308 1584 338 IV.

307 375 419 403 '28²¹
809 372 936 405 Orvieto,
957 373 993 399 12¹·
1007 373 1075 399 aout
1094 371 1171 398 1291.

275 439 401 472 Israeli,
431 438 533 466 lectori
557 437 752 472 Sictzinensi,
779 436 899 464 ordinis
928 436 1176 473 praedicatorum
1211 435 1243 464 in

233 492 394 529 provincia
413 490 517 519 Daciae
533 491 632 527 priori
647 495 673 518 ει
689 490 910 523 conservatori,
931 487 1062 517 mandat
1079 492 1114 517 ut
1131 488 1244 517 fratres

236 543 304 581 ejus
319 543 442 572 ordinis
457 550 583 571 crucem
600 541 790 570 sumendam
808 540 1001 579 praedicent.

276 608 288 621 α
309 596 404 624 Terre
421 594 535 624 Sancte
552 598 706 623 statum...
724 611 763 615 —
778 593 848 622 Dat.
863 593 947 632 apud
964 593 1242 630 Urbemveterem,

234 648 380 678 kalendis
398 647 536 685 augusti,
553 655 639 677 anno
654 650 776 686 quarto.
798 659 810 674 n
829 647 982 686 (Pom-Ta.¹
1000 647 1120 684 23759.)

303 818 419 848 7822

273 905 291 911 ..
307 883 410 920 priori
428 882 615 920 provinciali
631 883 750 911 ordinis
765 883 1015 920 praedicatorum
1032 885 1065 913 in
1080 886 1243 922 provincia

231 935 426 965 Lonibardiae
447 939 477 964 et
491 943 528 963 xi.
546 934 697 964 fratribus
716 935 756 964 ab
778 934 833 965 illo
856 935 1014 973 eligendis
1033 936 1242 975 praedicatio·-

231 997 305 1019 nem
323 988 426 1018 crucis
441 988 473 1017 in
493 988 602 1017 eadem
622 988 785 1026 provincia
801 989 984 1020 committit.

273 1054 285 1068 ιι
304 1042 399 1071 Terre
414 1042 527 1071 Sancte
542 1041 793 1073 miserabilem...
815 1060 851 1064 —
869 1042 940 1072 Dat.
959 1043 1043 1082 apud
1059 1043 1240 1074 Urbemve-

233 1100 342 1131 terem,
356 1095 503 1124 kalendis
515 1095 655 1133 angusti.
669 1104 755 1126 auno
771 1100 893 1134 quarto.
914 1108 927 1123 ιι
947 1096 1100 1135 (Pomm,
1117 1097 1238 1137 23760.)

810 818 938 853 Orvieto,
957 820 994 846 μ’
1007 821 1075 847 aodt
1092 821 1170 849 1291,

302 1268 420 1297 ’7623

274 1356 292 1360 ..
313 1333 446 1370 episcopo
466 1331 749 1369 Caesaraayuslano
768 1332 899 1362 mandat
924 1336 957 1362 ut
978 1333 1062 1363 bona
1084 1342 1102 1363 a
1119 1333 1240 1363 Christi

228 1385 377 1415 fidelibus
399 1393 454 1424 pro
477 1385 696 1423 redemptione
718 1386 917 1424 captivorum
940 1386 1052 1416 relicta
1072 1387 1237 1425 magistro,

228 1438 326 1477 priori
354 1444 384 1468 et
410 1439 560 1468 iratribus
584 1439 698 1469 domus
725 1439 860 1469 Sanctae
888 1440 1009 1470 Mariae
1032 1440 1238 1479 Captivorum

229 1492 515 1529 Barchinonensis⁷
533 1492 657 1522 ordinis
674 1492 705 1523 S.
724 1494 873 1531 Augusti,
892 1493 1035 1523 exhiberi
1052 1494 1156 1525 saciat.

270 1558 283 1571 α
305 1546 348 1575 Ex
368 1550 454 1584 parte
470 1545 699 1576 dilectorum...
713 1563 753 1569 —-
767 1547 838 1576 Dat.
857 1547 940 1585 apud
958 1547 1235 1586 Uibemveterem,

229 1599 324 1630 nonis
341 1600 479 1638 augusti,
500 1608 584 1630 anno
600 1604 724 1638 quarto.
746 1612 758 1627 n
778 1600 927 1638 (Pomm,
945 1599 1070 1640 23767.)

825 1268 952 1303 Orvieto‚
975 1270 989 1296 5
1004 1271 1072 1297 aodt
1090 1270 1167 1298 1291.

301 1766 420 1794 ’7624

270 1829 425 1858 Universis
441 1828 553 1858 Christi
568 1829 706 1865 fidelibus
722 1839 775 1868 per
789 1830 1038 1868 Neapolitanam,
1058 1831 1236 1869 Capuanam

226 1887 252 1912 et
263 1884 372 1912 Aversa
379 1891 449 1912 nam
463 1884 606 1912 dioeceses
619 1884 793 1912 constitutis
805 1883 859 1921 qui
873 1883 911 1913 ad
925 1885 1237 1915 consummationem

227 1935 378 1966 ecclesiae
393 1935 646 1974 praedicatorum
660 1935 888 1974 Neapolitanae
900 1945 1033 1967 manum
1047 1938 1237 1977 adjutricem

228 1989 429 2029 porrexerint
446 1988 683 2027 indulgentiam
701 1998 738 2018 xc
754 1989 880 2019 dierum
899 1990 1064 2029 elargitur.

269 2055 281 2069 <t
300 2043 460 2079 Quoniam
475 2047 510 2072 ut
521 2043 603 2073 ait...
616 2060 653 2064 —
667 2043 737 2072 Dat.
752 2043 837 2082 apud
853 2044 1128 2083 Urbemveterem,
1143 2046 1237 2076 nonis

226 2096 366 2134 augusti,
386 2104 472 2125 anno
489 2099 612 2134 quarto.
632 2107 646 2122 »
665 2096 816 2135 (Poma,
833 2096 958 2137 23769.)

830 1766 958 1802 Ori-icto,
974 1767 989 1794 5
1002 1769 1070 1794 aodt
1088 1768 1165 1797 1291.

297 2263 415 2291 ’ἵθῗέἱ

269 2326 423 2355 Universis
440 2326 551 2355 Christi·
568 2326 708 2363 fidelibus
726 2326 997 2364 expugnationem
1020 2328 1156 2358 civitatis
1174 2329 1236 2358 Ac-

226 2372 374 2409 cone‘nsis
388 2367 550 2417 significat
563 2387 680 2418 eosque
692 2379 877 2410 exhortatur
888 2380 927 2409 ad
939 2381 1072 2411 Terram
1085 2381 1236 2412 Sanctam

226 2432 491 2471 recuperandam.

268 2498 280 2512 (ι
302 2487 376 2515 Dire
391 2486 619 2516 amaritudinis
636 2487 805 2516 calicem...
827 2487 1007 2526 »(1³0TTH.,
1025 2488 1147 2527 23773.)

808 2262 936 2295 Orvieto,
956 2263 987 2291 13
1001 2265 1069 2291 aodt
1086 2264 1164 2292 1291.

298 2653 412 2681 *5628

269 2738 287 2745 ..
305 2716 528 2753 archiepiscopo
544 2716 714 2753 Spatalensi
734 2716 864 2746 mandat
881 2721 914 2746 ut
932 2725 1006 2746 cum
1025 2717 1236 2755 suffraganeis

226 2768 293 2799 suis
313 2769 346 2798 in
371 2768 558 2806 provinciali
584 2769 707 2807 synodo
731 2769 769 2798 de
793 2769 913 2799 unione
929 2770 1187 2808 Templariorum
1208 2775 1238 2801 et

226 2822 514 2860 Hospitalariornm
536 2822 708 2852 consilium
730 2823 844 2852 habeat
869 2827 899 2853 et
920 2824 1003 2862 quod
1024 2823 1237 2854 deliberatum

226 2875 324 2905 fuerit
342 2876 406 2904 sedi
426 2875 617 2914 apostolicae
636 2877 774 2905 intimet.

269 2941 280 2955 a
298 2929 384 2958 Dura
399 2929 496 2958 nimis
509 2934 623 2959 et...-
635 2930 704 2958 Dat.
718 2930 800 2967 apud
815 2931 1089 2968 Urbemveterem,
1104 2941 1168 2961 xvn
1179 2931 1235 2961 ka-

226 2982 337 3012 lendas
354 2983 553 3020 septembris,
571 2992 656 3013 anno
671 2987 793 3022 quarto.
815 2997 827 3010 n
845 2984 996 3023 (Formi,
1016 2984 1142 3025 23781.)

805 2654 933 2687 Orvieto,
953 2654 984 2681 16
1001 2655 1068 2681 aodt
1085 2655 1164 2682 1291.

1400 372 1515 402 ’θθὲᾞ
1910 374 2037 409 orviem,
2055 376 2088 404 18
2103 378 2171 404 aoot
2186 377 2264 406 1291.

1368 435 1522 465 Friderico
1537 436 1614 466 dicio
1632 437 1717 474 Zorl,
1732 439 1902 476 praeposito
1920 438 2058 468 ecclesiae
2072 441 2107 468 in
2123 440 2254 478 Berlaco,
2271 443 2334 473 Au-

1326 490 1478 526 9ustensis
1493 490 1645 527 dioecesiS,
1660 490 1793 520 mandat
1809 495 1844 520 ut
1859 499 1897 520 ea
1912 499 1994 529 quae
2011 491 2050 522 de
2065 491 2156 521 bouis
2171 492 2210 522 ad
2227 502 2333 534 perpe-

1327 544 1414 571 tuam
1433 541 1644 580 capellaniam
1659 542 1838 573 Bur-ohardi
1851 543 1926 573 dicti
1945 544 2058 580 Homo,
2079 546 2219 583 perpetui
2234 545 2335 586 capel-

1327 593 1394 624 lani
1415 594 1524 625 altaris
1545 595 1655 626 Sancti
1680 596 1768 626 Petri
1788 597 1823 626 in
1846 596 1980 627 ecclesia
2002 597 2041 627 de
2067 597 2154 635 Vile,
2180 597 2333 631 Constan-

1328 647 1441 677 tiensis
1456 648 1627 685 dioecesis,
1648 648 1759 680 illicite
1775 649 1915 680 alienata
1930 649 1980 680 vel
1995 651 2143 681 distracta
2159 651 2330 694 invenerit,

1326 700 1364 730 ad
1380 701 1433 738 jus
1449 705 1479 730 et
1495 702 1719 740 proprietatem
1735 702 1879 741 ejusdem
1896 708 2031 734 revocet.

1368 766 1382 780 «
1404 754 1521 784 Dilecti
1545 754 1606 784 filii
1629 755 1850 786 Burchardi...
1867 772 1907 779 —
1928 757 1999 786 Dat.
2021 756 2106 796 apud
2125 757 2332 791 Urbemvete-

1327 815 1393 836 rem
1407 830 1416 845 ‚
1440 816 1479 836 xv
1498 806 1653 838 kalendas
1669 809 1877 848 septembris,
1897 818 1984 840 anno
1999 814 2124 848 quarto.
2151 822 2164 837 ι
2188 810 2332 852 (Pom-u„

1326 859 1448 896 23782.)

1397 1028 1514 1057 aeas
1908 1028 2035 1061 orvieto,
2054 1029 2085 1056 18
2101 1030 2170 1057 aaut
2184 1015 2265 1058 ηπ

1366 1114 1386 1120 ..
1405 1091 1628 1129 archiepiscopo
1641 1092 1832 1121 Narbonensi
1847 1091 1979 1121 mandat
1993 1095 2028 1121 ut
2038 1100 2111 1122 cum
2124 1091 2331 1131 suffraganeis

1324 1144 1393 1173 suis
1410 1143 1448 1173 de
1465 1144 1585 1174 unione
1604 1143 1892 1182 Hospitalariorum
1911 1149 1942 1175 et
1957 1144 2214 1183 Templariorum
2228 1145 2331 1178 consi-

1323 1195 1404 1227 lium
1428 1196 1543 1227 habeat
1562 1201 1593 1227 et
1609 1197 1694 1236 quod
1716 1197 1927 1228 deliberatum
1947 1198 2040 1228 fuerit
2062 1198 2132 1228 sedi
2145 1197 2331 1238 apostolicae

1322 1367 1362 1387 xv
1374 1357 1528 1388 kalendas
1544 1357 1746 1397 septembris,
1763 1367 1850 1389 anno
1868 1363 1991 1398 quarto.
2011 1370 2024 1386 n
2043 1358 2195 1398 (porra,
2208 1357 2336 1400 23784.)

1394 1531 1510 1560 ‘2629
1905 1531 2032 1566 Orvieto,
2049 1532 2083 1560 23
2099 1533 2167 1560 aoot
2183 1532 2259 1560 1291.

1361 1595 1525 1624 Ecclesiam
1548 1594 1675 1624 Sanciae
1697 1595 1812 1624 Mariae
1834 1597 1869 1624 in
1890 1596 2009 1632 Pincia,
2034 1596 2228 1626 Fiat-eminae
2248 1596 2327 1628 dioe-

1321 1649 1403 1684 cesis,
1420 1647 1479 1677 snb
1492 1647 1524 1678 S.
1538 1648 1626 1678 Petri
1638 1652 1667 1678 et
1679 1657 1736 1678 sua
1747 1649 1943 1687 protectione
1954 1649 2086 1688 suscipit
2099 1650 2232 1688 ejusque
2246 1649 2329 1682 hona

1320 1701 1499 1732 confirmat.

1363 1768 1377 1782 a
1403 1755 1511 1786 Officii
1533 1756 1635 1786 nostri
1657 1764 1754 1787 nos...
1779 1773 1818 1778 —
1843 1756 1915 1786 Dat.
1940 1756 2025 1796 apud
2048 1756 2324 1798 Urbemveterem,

1323 1251 1463 1281 intimet.

1364 1317 1377 1332 α
1412 1305 1500 1334 Dura
1531 1305 1631 1334 nimis
1663 1310 1730 1334 et...
1762 1322 1801 1327 —
1830 1304 1902 1334 Dat.
1933 1305 2018 1344 apud
2048 1305 2327 1345 Urbemveterem,
2382 1242 2392 1855 ἑ

1320 1818 1338 1838 x
1354 1808 1508 1839 kalendas
1527 1809 1734 1848 septembris,
1751 1818 1838 1840 anno
1854 1814 1976 1849 quarto.
1997 1822 2010 1837 n
2030 1809 2184 1849 (Poma,
2206 1809 2327 1852 237954

1394 1982 1511 2011 ’2830
1903 1981 2031 2016 Orvieto,
2048 1982 2081 2010 23
2097 1983 2166 2010 aont
2181 1981 2258 2011 1291.

1361 2045 1487 2074 Domum
1508 2045 1636 2075 Sanctae
1654 2045 1770 2074 Mariae
1789 2045 1824 2074 de
1842 2045 1971 2075 Mercede
1994 2045 2190 2084 Captivorum
2208 2045 2334 2077 Barchi-
2382 1986 2386 2070 i

1320 2107 1484 2128 nonensem
1510 2098 1662 2128 tuendam
1690 2098 1824 2137 suscipit
1849 2098 1982 2137 ejusque
2006 2098 2090 2129 bona
2112 2103 2142 2129 et
2163 2092 2335 2138 privilegii
2380 2059 2390 2143 i

1320 2152 1501 2183 confirmat.

1363 2218 1376 2233 α
1395 2206 1591 2244 Religiosam
1605 2205 1703 2235 vitam
1715 2205 1945 2244 eligentibus...
1956 2222 1997 2228 —
2008 2205 2080 2235 Dat.
2098 2205 2181 2245 apud
2197 2205 2330 2236 Urbem-‚-

1320 2263 1472 2294 veterem,
1490 2268 1509 2288 x
1524 2258 1678 2288 kalendas
1693 2258 1892 2297 septembris,
1907 2267 1994 2289 anno
2005 2262 2129 2298 quarto.
2149 2258 2326 2299 ι’(ΡοΤπη,

1321 2312 1445 2352 23796.)

2390 1407 2392 1414 ι

1393 2479 1506 2508 ’7631
1827 2478 1955 2511 Orvieto‚
1971 2479 1988 2505 2
2004 2478 2167 2514 septembre
2182 2477 2259 2506 1291.

1361 2542 1413 2578 G.‚
1437 2542 1610 2572 Sabinensi
1628 2542 1788 2581 episcopo,
1807 2545 1837 2572 et
1857 2542 1908 2580 B.‚
1924 2540 2034 2571 Sancti
2056 2539 2184 2571 Nicolai
2203 2539 2238 2570 in
2251 2537 2324 2570 Can
2365 2494 2386 2846 J

1320 2605 1391 2627 cere
1404 2596 1554 2626 Tulliano
1565 2596 1700 2626 diacono
1715 2594 1883 2632 cardinali,
1901 2595 2027 2625 nuntiis
2041 2593 2231 2634 apostolicae
2245 2591 2327 2624 sedis
2384 2594 2393 2604 '⁴

1320 2650 1354 2679 in
1377 2650 1523 2687 Francia,
1546 2648 1788 2688 quatuordecim
1814 2649 1938 2679 litteras
1960 2648 2068 2678 mittit.
2095 2648 2166 2678 Dat.
2184 2656 2216 2677 xv
2229 2652 2325 2678 nonu

1320 2703 1520 2742 septembris,
1538 2711 1625 2733 anno
1641 2706 1764 2742 quarto.
1786 2702 1938 2742 (Poma,
1959 2701 2080 2740 23809.)

1394 2870 1509 2899 '28:32
1807 2869 1936 2901 Orvieto‚
1955 2868 1987 2896 10
2003 2868 2167 2904 septembre
2182 2867 2258 2895 1291.

1361 2933 1618 2971 Arcliz'episcopos,
1639 2934 1798 2971 episcopos,
1815 2933 1935 2966 electos,
1957 2932 2091 2969 abbates,
2110 2936 2176 2967 etc„
2191 2938 2245 2968 per
2259 2935 2324 2967 roq-

1321 2995 1397 3016 num
1412 2987 1538 3024 Anyiiae
1554 2987 1733 3016 constitutos
1750 2989 1840 3024 rogat
1856 2989 1890 3016 ut
1910 2983 2129 3020 Bernardum,
2147 2983 2322 3023 episcopum
