2393 3496
195 307 251 336 762
938 295 1172 327 REGISTRES
1194 295 1248 325 DE
1270 293 1453 324 NICOLAS
1476 293 1532 323 IV.

264 369 513 400 56²4-5838
761 363 887 396 Orvieto,
904 362 919 388 6
933 362 1029 396 juillet
1046 361 1123 387 129¹.

231 432 436 467 Indulgentiae.
453 430 535 463 (1:50.
555 428 596 458 46,
614 436 637 453 c.
656 426 715 456 352,
735 426 751 451 f.
770 425 803 451 69
819 425 867 457 νῦ.)

239 534 387 563 Unirersis
409 530 519 560 Chrisli
541 528 675 565 fidelibus
697 530 844 564 presentes
866 525 982 554 lilleras
1005 523 1194 562 inspecturis.

199 585 436 623 Indulgentiani
460 582 556 611 unius
578 580 656 610 anni
681 583 710 608 et
734 588 771 607 xc
795 578 922 608 dierum
945 577 1091 607 concedit
1115 576 1196 606 visi-

198 639 337 668 tantibus
364 635 529 665 ecclesiam
559 654 578 662 ..
606 631 775 670 gnardiani
805 635 835 661 et
859 635 1036 661 conventus
1061 630 1197 659 fratrum

194 692 355 720 minorum
371 686 639 720 Atrebatensium,
655 685 689 714 in
704 688 888 714 sanctorum
904 683 1069 714 Francisci
1087 687 1117 713 et
1131 684 1196 712 An-

196 743 273 773 tonii
290 747 318 771 et
337 744 462 770 sanctae
475 739 586 769 Clarae
602 738 831 768 festivitatibus
850 742 880 767 et
899 746 955 776 per
972 741 1041 767 octo
1059 736 1127 766 dies
1146 744 1196 766 se-

193 800 335 835 quentes.

234 862 247 875 «ι
267 849 337 878 Vite
354 847 504 886 perennis
523 846 661 884 gloria...
677 863 714 868 —
730 845 801 875 Dat.
819 845 903 884 apud
920 844 1195 881 Urbemveterem,

194 912 212 931 11
233 909 332 931 nonas
345 900 431 939 julii,
448 908 533 929 anno
550 903 673 937 quarto.
693 911 706 926 υ
727 899 876 937 (ΡοΤΤΗ.,
895 896 1019 937 2373‘2.)

235 954 271 983 In
296 963 322 983 e.
344 962 400 989 m.,
427 961 482 992 pro
507 952 639 983 ecclesia
664 976 684 983 ..
709 952 877 990 guardiani
906 955 936 981 et
960 955 1135 982 conventus
1159 951 1198 980 de

196 1006 422 1039 Valencbenis,
447 1005 573 1035 ordinis
600 1006 733 1035 fratrum
760 1006 936 1042 minorum,
959 1004 1198 1034 Cameracensis

193 1060 357 1090 dioecesis.
371 1060 523 1098 (Poma,
538 1058 659 1098 2:373-2.)

235 1114 271 1143 In
299 1122 326 1143 c.
355 1122 415 1149 m.,
452 1121 506 1151 pro
536 1112 669 1142 ecclesia
694 1135 714 1141 ..
741 1111 910 1149 guardiani
934 1115 964 1141 et
995 1111 1131 1140 fratrum
1160 1111 1199 1140 de

195 1168 314 1203 Dnaco,
324 1166 448 1196 ordinis
458 1166 634 1202 minorum,
645 1165 863 1195 Atrebatensis
873 1164 1039 1194 dioecesis.
1048 1164 1195 1201 (P0TTH.,

195 1220 316 1257 23732)

764 1284 891 1317 Οι·νίοῐο,
909 1284 922 1309 7
936 1283 1031 1318 juillet
1048 1283 1126 1311 1291.

234 1349 269 1378 ln
287 1357 314 1378 e.
335 1357 390 1378 m..
412 1355 466 1385 pro
485 1346 620 1376 ecclesia
639 1346 754 1375 Beatae
770 1346 892 1375 Mariae
909 1345 1015 1375 Novae
1031 1345 1123 1384 juxta
1138 1345 1198 1376 Sa-

193 1402 314 1437 vinam,
342 1409 436 1438 prope
463 1399 654 1435 Bononiam,
676 1399 710 1428 iu
737 1403 872 1437 quatuor
896 1399 1041 1436 ejusdem
1063 1399 1198 1437 virginis

194 1454 426 1488 festivitatibus
448 1462 502 1491 per
517 1456 585 1483 octo
601 1453 669 1482 dies
691 1457 860 1491 sequentes
879 1454 958 1482 etin
975 1453 1199 1483 anniversario

192 1508 242 1538 die
260 1507 468 1537 dedicationis
486 1506 629 1544 ejusdem
643 1506 805 1535 ecclesiae.
825 1505 895 1534 Dat.
914 1505 997 1544 apud
1017 1506 1196 1536 Urbemve-

195 1566 304 1597 terem,
322 1560 414 1590 nonis
426 1558 512 1598 julii,
530 1568 615 1589 anno
631 1563 752 1597 quarto.

234 1614 272 1643 In
286 1622 313 1643 e.
328 1622 385 1649 m.,
398 1621 453 1651 pro
467 1612 600 1642 ecclesia
614 1612 729 1642 Beatae
742 1612 862 1642 Mariae
874 1611 912 1641 de
925 1612 1197 1651 Fontanablanca‚

196 1666 412 1697 Bononiensis
428 1666 591 1696 dioecesis.

235 1722 272 1751 In
289 1731 315 1751 e.
333 1730 391 1756 m.,
408 1728 464 1758 pro
479 1720 610 1750 ecclesia
629 1720 735 1749 Sancti
754 1719 902 1750 Andreae
920 1729 1016 1759 supra
1032 1719 1197 1758 Savinam,

194 1783 290 1813 prope
315 1773 511 1808 Bononiam,
535 1773 568 1802 in
590 1773 733 1811 ejusdem
754 1773 857 1803 sancti
881 1777 911 1803 et
935 1778 1071 1812 quatuor
1091 1774 1200 1804 beatae

195 1828 315 1857 Mariae
331 1826 567 1862 festivitatibus,
582 1830 638 1856 etc.

748 1905 875 1939 Orvieto,
894 1906 926 1932 15
940 1906 1034 1940 juillet
1051 1906 1128 1935 1291.

236 1970 271 1998 In
292 1978 319 1998 e.
342 1978 398 2005 m.,
421 1977 478 2007 pro
500 1968 634 1998 ecclesia
653 1991 672 1998 ..
694 1968 864 2006 guardiani
887 1972 917 1998 et
934 1968 1069 1999 fratrum
1094 1970 1200 2000 mino-

195 2032 267 2053 rum
283 2022 321 2052 de
335 2022 476 2058 Secnsia,
488 2022 699 2052 Tanrinensis
715 2022 880 2059 dioecesis⁷
892 2022 926 2052 in
941 2027 1077 2061 quatuor
1091 2023 1202 2054 beatae

195 2076 325 2111 Mariae,
344 2079 526 2105 sanctoruni
548 2075 708 2105 Francisci
733 2080 763 2104 et
780 2076 916 2105 Antonii
937 2080 966 2105 et
983 2080 1110 2106 sanctae
1129 2075 1202 2107 Cla-

196 2138 248 2158 rae
270 2129 495 2158 festivitatibus
519 2133 548 2158 et
572 2138 626 2167 per
649 2133 717 2158 octo
735 2129 802 2158 dies
827 2134 1005 2168 sequentes.
1027 2130 1098 2159 Dat.
1118 2130 1203 2168 apud

198 2182 476 2218 Urbemveterem,
510 2182 619 2211 idibus
645 2181 737 2220 julii,
769 2191 854 2212 anno
885 2187 1008 2221 quarto.
1044 2183 1180 2221 (POTTH.
1195 2208 1201 2221 ‚

197 2235 320 2274 ‘2:3740.)

239 2289 274 2317 In
291 2297 318 2317 e.
338 2298 394 2324 m.,
410 2297 465 2326 pro
481 2288 601 2327 capella
617 2289 782 2328 hospitalis
798 2289 913 2319 Beatae
928 2290 1048 2320 Mariae
1063 2290 1101 2321 de
1117 2291 1204 2321 Pede

197 2342 291 2371 castri
310 2341 469 2378 Belloi-tis,
482 2342 722 2372 Camerinensis
740 2342 906 2379 dioecesis,
920 2344 954 2372 in
970 2348 1106 2382 quatuor
1121 2344 1203 2383 ejus-

197 2394 268 2424 deni
286 2391 423 2431 virginis
440 2395 675 2432 festivitatibus,
695 2405 749 2434 per
764 2400 832 2425 octo
849 2396 917 2426 dies
934 2401 1105 2435 sequentes
1122 2401 1151 2426 et
1169 2397 1204 2427 in

197 2448 301 2485 prima
322 2448 372 2478 die
391 2447 487 2477 lunae
510 2453 578 2487 post
599 2449 879 2479 Resurrectionem
903 2450 1049 2480 Domini.
1077 2450 1149 2480 Dat.
1171 2455 1205 2480 ut

198 2509 303 2538 supi-a.

240 2554 276 2582 ln
294 2563 322 2583 e.
338 2563 394 2590 m.,
411 2562 466 2592 pro
484 2554 615 2584 ecclesia
631 2554 739 2585 Sancti
755 2555 930 2586 Theobaldi
948 2556 986 2587 de
1002 2557 1113 2588 Castro
1127 2557 1204 2588 Por-

201 2607 317 2643 tuensi‚
334 2607 457 2637 ordinis
476 2607 506 2637 S.
528 2608 703 2645 Benedicti,
722 2608 891 2639 Remensis
907 2610 1073 2647 dioecesis,
1091 2611 1127 2640 in
1140 2612 1205 2641 As-

200 2660 393 2697 sumptionis
416 2660 524 2690 beatae
545 2661 665 2691 Mariae
682 2666 711 2691 et
727 2661 757 2692 S.
777 2662 950 2692 'l‘heobaldi
968 2664 1203 2702 festivitatibus,

199 2720 253 2750 per
271 2718 340 2742 octo
356 2712 423 2742 dies
442 2718 611 2751 sequentes
629 2718 659 2744 et
676 2715 710 2743 in
728 2715 948 2746 anniversario
963 2716 1014 2746 die
1032 2717 1204 2748 dedicatio-

201 2765 250 2794 nis
266 2766 408 2803 ejusdem
429 2767 590 2797 ecclesiae.
610 2768 681 2798 Dat.
702 2772 734 2798 ut
752 2777 857 2807 supra.
869 2769 929 2808 (En
943 2770 1072 2810 merge.)

754 2848 880 2882 Orviet0‚
899 2851 928 2877 11
945 2851 1039 2885 J‘uillet
1055 2852 1132 2879 1291.

242 2909 276 2937 In
294 2917 322 2938 e.
338 2917 395 2945 m.,
413 2917 469 2948 pro
486 2910 617 2941 ecclesia
632 2910 766 2942 Sanctae
783 2912 990 2951 Radegundis
1007 2914 1046 2944 de
1059 2915 1204 2953 Arguen-

199 2970 287 2999 «εἷο,
308 2962 490 2993 Baioceusis
509 2963 673 3000 dioecesis,
692 2965 724 2994 in
740 2964 772 2995 S.
785 2966 895 2996 Jacobi
913 2971 943 2997 et
958 2971 1085 2998 sanctae
1103 2969 1207 2999 Rade-

1277 358 1395 396 gundis
1413 358 1650 395 festivitatibus,
1669 362 1728 388 etc.
1746 361 1782 387 ut
1797 365 1903 396 supra.
1921 356 1994 386 Dat.
2012 355 2095 395 apud
2111 356 2285 387 Urbemve-

1280 415 1390 449 terem,
1407 420 1426 440 v
1438 410 1510 440 idus
1523 410 1608 449 julii,
1622 419 1708 441 anno
1725 414 1848 449 quarto.
1861 409 1966 448 (Ibid.)

1319 464 1356 493 In
1382 472 1408 493 e.
1433 472 1489 500 m.,
1517 472 1571 502 pro
1597 462 1729 493 ecclesia
1755 463 1870 493 Beatae
1898 462 2018 492 Mariae
2042 462 2081 493 de
2106 461 2282 499 Porbaillo,

1278 516 1534 546 Constantiensis
1550 516 1717 553 dioecesis,
1735 516 1770 545 in
1786 519 1922 554 quatuor
1937 515 2080 553 ejusdem
2097 514 2237 553 virginis
2255 518 2285 545 et

1279 569 1311 599 S.
1333 569 1466 600 Martini
1485 568 1719 605 festivitatibus,
1739 572 1797 598 etc.
1819 571 1852 597 ut
1869 576 1972 606 supra.
1991 566 2100 607 (Ibid.)

1847 645 1978 678 Orvieto.
1997 647 2010 673 7
2024 647 2118 681 juillet
2136 645 2213 674 1291.

1319 712 1358 740 In
1375 720 1401 741 e.
1416 720 1472 746 m.,
1485 719 1541 749 pro
1556 710 1689 741 ecclesia
1705 709 1814 740 Sancti
1831 709 2071 740 Bai-tholomaei
2084 709 2286 746 Belvacensi.

1280 765 1313 795 in
1336 765 1480 803 ejusdem
1498 764 1599 794 sancti
1623 768 1653 794 et
1676 767 1813 803 quatuor
1829 763 1940 793 beatae
1964 763 2085 793 Mariae
2107 763 2286 793 festivitati-

1279 819 1349 855 bus,
1370 823 1427 848 etc.
1458 818 1527 848 Dat.
1547 818 1631 857 apud
1658 817 1940 854 Urbemveterem‚
1969 817 2063 847 nouis
2086 815 2176 855 julii,
2201 823 2288 847 anno

1280 876 1402 911 quarto.
1419 871 1524 911 (Ibid.)

1320 926 1358 955 In
1379 935 1406 955 e.
1424 934 1481 961 m.,
1502 933 1557 963 pro
1579 923 1712 954 ecclesia
1730 923 1839 954 Sancti
1861 923 1972 954 Jacobi
1990 923 2029 953 de
2049 922 2159 962 Capite
2176 922 2289 954 Pontis

1281 979 1461 1015 Parmensi,
1480 978 1512 1007 in
1532 978 1675 1017 ejusdem
1692 976 1835 1016 apostoli⁷
1854 977 1888 1007 S.
1903 976 2037 1007 Martini
2054 979 2083 1007 et
2099 976 2131 1007 S.
2146 975 2290 1010 Christo-

1280 1033 1339 1063 fori
1357 1031 1593 1068 festivitatibus,
1611 1035 1669 1060 etc.
1687 1034 1721 1060 ut
1739 1038 1845 1069 supra.
1865 1029 1969 1069 (Ibid.)

1321 1086 1358 1115 In
1378 1094 1405 1115 e.
1424 1094 1480 1121 m.,
1502 1093 1556 1124 pro
1573 1083 1704 1114 ecclesia
1720 1083 1829 1114 Sancti
1848 1082 1962 1121 Vigilii
1980 1082 2018 1113 de
2036 1082 2188 1119 Soranea,
2209 1081 2287 1112 Par·
2336 1117 2342 1123 .

1282 1139 1401 1168 niensis
1428 1137 1596 1174 dioecesis,
1628 1137 1660 1166 in
1691 1136 1836 1175 ejusdem
1863 1135 1965 1165 sancti
1991 1139 2021 1165 et
2047 1134 2288 1174 Assumptionis

1280 1192 1390 1221 beatae
1399 1191 1520 1220 Mariae
1531 1189 1757 1220 festivitatibus
1769 1194 1799 1219 et
1810 1198 1865 1228 per
1875 1192 1943 1219 octo
1956 1188 2035 1219 dies.
2048 1188 2122 1218 Dat.
2135 1192 2287 1227 utsupra.

1279 1244 1387 1284 (thid.)

1320 1299 1357 1327 ln
1374 1307 1401 1327 e.
1417 1307 1475 1332 m.,
1491 1305 1548 1336 pro
1563 1296 1698 1327 ecclesia
1714 1297 1822 1327 Sancti
1838 1295 1963 1326 Nicolai
1977 1295 2015 1325 de
2028 1294 2129 1325 Plano
2141 1293 2188 1334 (1)
2201 1293 2290 1325 Scar-

1279 1351 1347 1381 lani
1364 1350 1572 1391 Viterbiensi‚
1594 1350 1626 1379 in
1650 1349 1794 1389 ejusdem
1816 1349 1927 1386 sancti,
1954 1347 2194 1387 Assumptionis
2213 1347 2290 1378 bea·
2343 1365 2347 1368 ·

1280 1409 1329 1434 tae
1354 1404 1473 1434 Mariae
1495 1407 1524 1433 et
1549 1403 1581 1433 S.
1611 1403 1756 1433 Faustini
1781 1402 2026 1438 festivitatibus,
2053 1411 2109 1441 per
2129 1405 2199 1432 octo
2221 1401 2289 1432 dies

1280 1461 1449 1496 sequentes
1472 1461 1502 1486 et
1524 1457 1558 1486 in
1583 1457 1804 1486 anniversario
1829 1456 1881 1486 die
1907 1455 2118 1486 dedicationis
2144 1455 2289 1495 ejusdem

1281 1510 1441 1541 ecclesiae.
1463 1510 1534 1540 Dat.
1553 1514 1589 1540 ut
1605 1518 1711 1549 supra.
1731 1509 1835 1549 (ibid.)

1351 1696 1604 1725 5839-5656
1824 1695 1951 1726 Orvieto,
1968 1694 2002 1721 25
2019 1694 2122 1722 fevi·ier
2139 1693 2216 1722 1291.

1317 1759 1526 1794 Indulgentiae.
1544 1759 1627 1792 (Rae.
1643 1758 1687 1791 46,
1705 1767 1731 1785 o.
1749 1758 1822 1790 3522,
1839 1758 1859 1785 f.
1876 1758 1909 1784 70
1925 1759 1972 1791 νο.)

1326 1863 1478 1893 Universis
1501 1862 1617 1892 Christi
1635 1862 1774 1899 fidelibus
1788 1865 1940 1899 presentes
1962 1861 2079 1890 litteras
2097 1860 2290 1898 inspecturis.

1283 1915 1525 1954 Indulgentiam
1544 1915 1642 1945 unius
1658 1915 1738 1944 anni
1753 1919 1784 1944 et
1798 1923 1836 1943 xi.
1855 1912 1980 1943 dierum
1996 1913 2140 1944 concedit
2155 1912 2292 1943 visitan-

1285 1970 1370 2000 tibus
1385 1969 1554 1999 ecclesiam
1569 1968 1679 1998 Sancti
1695 1968 1855 1998 Johannis
1875 1967 1913 1997 de
1931 1967 2078 2003 vibiano,
2097 1966 2293 1997 Biterrensis

1284 2023 1449 2059 dioecesis,
1466 2023 1498 2052 in
1517 2021 1656 2060 singulis
1674 2022 1706 2052 S.
1723 2021 1884 2051 Johannis
1902 2021 2062 2060 Baptistae
2080 2024 2110 2051 et
2125 2020 2293 2051 S.J0han-

1285 2077 1335 2106 nis
1346 2075 1568 2114 Evangelistae
1585 2075 1812 2105 festivitatibus
1828 2079 1859 2105 et
1874 2084 1928 2113 per
1943 2079 2011 2105 octo
2026 2074 2095 2105 dies
2111 2078 2291 2114 sequentes.

1326 2143 1339 2157 «
1365 2129 1522 2169 Splendor
1536 2134 1667 2168 paterne
1680 2128 1817 2167 glorie...
1835 2146 1874 2150 —
1890 2128 1961 2158 Dat.
1978 2127 2062 2167 apud
2079 2128 2293 2158 Urbemvete-

1284 2192 1364 2218 rem,
1382 2193 1400 2211 v
1416 2183 1569 2212 kalendas
1585 2182 1703 2219 martii,
1721 2190 1806 2212 anno
1823 2185 1945 2221 quarto.
1965 2194 1978 2208 n

1841 2260 1969 2293 Orvieto,
1988 2261 2017 2288 ll
2033 2261 2128 2296 juillet
2144 2258 2222 2289 1291.

1326 2328 1364 2356 In
1381 2336 1407 2356 e.
1422 2335 1479 2363 m.,
1490 2334 1547 2365 pro
1564 2325 1698 2355 ecclesia
1714 2325 1822 2355 Sancti
1838 2324 1986 2363 Eparchii
1999 2323 2039 2354 de
2054 2323 2293 2362 Grimanderia,

1285 2380 1483 2410 Pictavensis
1499 2379 1670 2415 dioecesis,
1690 2379 1723 2408 in
1741 2379 1884 2418 ejusdem
1902 2378 2003 2408 sancti
2021 2382 2052 2408 et
2069 2382 2206 2416 quatuor
2221 2377 2296 2408 bea-

1287 2439 1334 2464 tae
1358 2434 1478 2463 Mariae
1500 2433 1736 2469 festivitatibus,
1758 2441 1814 2471 per
1836 2436 1905 2462 octo
1929 2432 1997 2462 dies
2020 2435 2190 2470 sequentes
2207 2435 2238 2461 et
2259 2431 2295 2461 in

1286 2487 1507 2517 anniversario
1536 2486 1587 2516 die
1616 2486 1827 2517 dedicationis
1858 2485 2002 2525 ejusdem
2028 2484 2191 2516 ecclesiae.
2220 2484 2292 2515 Dat.

1285 2541 1370 2580 apud
1388 2541 1664 2574 Urbemveterem,
1683 2549 1702 2569 v
1718 2540 1790 2569 idus
1804 2539 1888 2578 julii,
1905 2547 1992 2569 anno
2009 2542 2133 2578 quarto.

1326 2596 1365 2625 In
1379 2604 1405 2624 e.
1422 2603 1478 2630 m.,
1492 2603 1548 2633 pro
1563 2593 1694 2624 ecclesia
1709 2593 1817 2624 Sancti
1831 2592 1971 2624 Caesarii
1985 2592 2024 2623 de
2037 2593 2205 2629 Messeme,
2220 2591 2296 2622 Pic-

1287 2647 1425 2677 tavensis
1449 2647 1620 2684 dioecesis,
1650 2646 1683 2675 in
1708 2645 1853 2685 ejusdem
1880 2646 2001 2682 sancti,
2028 2648 2163 2684 quatuor
2186 2643 2296 2675 heatae

1287 2701 1409 2731 Mariae
1427 2705 1457 2730 et
1474 2700 1506 2730 S.
1525 2699 1649 2730 Nicolai
1666 2699 1907 2736 festivitatibus,
1927 2702 1985 2729 etc.
2005 2701 2038 2729 ut
2055 2706 2162 2736 supra.

1837 2780 1969 2812 Orvieto,
1989 2779 2021 2806 14
2033 2779 2129 2814 Juillet
2145 2778 2224 2807 1291.

1329 2845 1366 2874 In
1386 2854 1413 2875 e.
1431 2853 1490 2881 m.,
1505 2853 1560 2883 pro
1575 2843 1709 2875 ecclesia
1729 2843 1837 2874 Sancti
1855 2842 1988 2873 Martini
2008 2841 2196 2872 monasterii
2209 2839 2296 2872 Cen-

1318 2977 1351 3008 (1)
1368 2977 1442 3001 Dans
1457 2977 1481 3001 le
1498 2977 1647 3001 manuscrit
1663 2984 1698 3002 on
1715 2979 1780 3008 peut
1794 2977 1844 3001 lire
1859 2977 1961 3006 Plano,
1978 2976 2076 3005 Plerm,
2093 2976 2189 3006 Plavo,
2205 2975 2296 2998 Pleno.

2386 2760 2390 2762 -
2387 2724 2393 2737 -
2382 2614 2393 2713 —q—st
2382 2578 2393 2604 ,ο
2380 2502 2389 2567 ov>
2368 1884 2393 2488 fflnkae.m-⁴⁴u-—
2371 1748 2388 1873 *vv-'⁴0
