2393 3496
853 350 1066 381 REGISTRE
1089 341 1304 380 CAMERAL-
2073 352 2131 382 995

41 436 72 460 se
85 425 200 456 habere
218 425 406 460 proponant³
425 429 528 450 coram
550 420 641 450 nobis
657 428 841 458 comparere
855 421 1040 457 procurent,

42 479 153 520 quibus
169 475 334 509 faciemus,
353 478 480 503 auctore
495 473 644 509 Domino,
662 472 805 502 exhiberi
817 471 940 510 Justitie
952 479 1040 500 com-

44 532 247 574 plementum.
263 528 334 557 Dat.
351 531 409 557 etc.
429 539 442 553 n

107 698 223 729 '³284

74 761 189 790 Rectori
221 759 376 786 comitatus
403 757 544 784 Venesini
572 759 736 785 facultatem
766 758 898 785 concedit
930 757 1042 784 locandi

42 819 130 847 usque
145 809 178 836 ad
195 807 364 835 decennium
381 807 518 842 quasdam
535 808 739 841 possessiones
755 807 893 834 ecclcsiae
910 815 1042 833 romanae

41 861 111 890 infra
125 858 289 885 comitatum
306 857 387 883 sitas.
403 855 474 889 (Fol.
491 855 524 882 49
541 858 590 887 νο.)

542 696 669 728 Orvieto,
686 697 700 723 4
718 697 872 723 novembre
894 696 970 723 1290.

32 938 36 942 -
76 961 189 993 Eidem.

78 1027 92 1044 ι
109 1014 169 1044 Per
185 1016 254 1042 tuas
267 1012 397 1042 nobis...
413 1029 452 1032 —
470 1012 539 1041 Dat.
559 1016 616 1041 etc.
637 1023 650 1037 »

105 1189 220 1219 '2285
543 1189 668 1220 Orrieto,
687 1190 701 1216 4
719 1189 873 1216 novembre
893 1189 968 1216 1290.

70 1253 112 1282 De
125 1253 246 1288 quadam
262 1252 379 1279 baronia
394 1253 421 1279 in
437 1252 574 1279 comitatu
590 1252 748 1279 Vencsino.
765 1251 835 1287 (Fol.
855 1253 887 1278 50
902 1253 951 1285 ro.)

76 1354 194 1395 [Dilecto
206 1355 383 1392 Philippino
397 1355 431 1384 cle
440 1356 635 1392 BerntzorzoL
645 1356 806 1384 comitatus
825 1355 959 1384 Venesint'
974 1364 1041 1385 rec-

40 1408 104 1442 tori.
126 1419 141 1435 (ι
165 1407 398 1438 Continebatur
418 1408 464 1447 [in
487 1408 600 1437 litteris
619 1407 710 1446 qu]as
732 1413 785 1437 tua
807 1409 899 1438 nobis
916 1409 1041 1438 devotio

19 1470 23 1474 ’
41 1460 205 1497 destinavit
223 1461 307 1500 quod
323 1461 486 1499 quondam
503 1461 691 1490 Lambertus
707 1461 744 1490 de
762 1461 809 1500 [...
826 1461 860 1490 in
876 1461 1039 1501 comitatu]

33 1510 195 1548 ,Venusino
215 1513 377 1552 quandam
398 1513 565 1543 baroniam
589 1522 640 1542 sex
662 1518 838 1543 castrorum
861 1514 965 1543 tenuit
986 1523 1041 1553 pro

41 1566 150 1599 comite
166 1565 371 1605 [Tholosano,
388 1565 477 1605 dum]
495 1566 579 1595 idem
595 1575 701 1596 comes
717 1567 903 1597 comitatum
921 1572 1042 1597 teneret

41 1618 191 1654 eundem,
218 1628 356 1658 cumque
383 1619 545 1658 quandam
569 1619 711 1649 nobilem
737 1619 908 1649 mulierem
927 1624 956 1650 et
972 1621 1042 1659 ejus

10 1689 11 1694 =
41 1671 130 1708 filios,
142 1672 196 1711 qui
212 1674 245 1701 iu
260 1672 372 1702 castris
387 1672 464 1711 ipsis
481 1672 585 1702 eidem
603 1672 773 1702 Lamberto
789 1673 975 1709 succedunt,
989 1682 1040 1703 re-

40 1716 185 1765 quisieris
201 1728 234 1754 ut
250 1724 308 1754 tibi
325 1729 433 1755 nostro
450 1729 480 1754 et
492 1724 623 1754 ecclesie
635 1725 774 1763 predicte
793 1725 925 1755 nomine
941 1725 1041 1755 fideli-

43 1777 110 1809 mis
124 1777 309 1816 homagium
327 1778 502 1815 exiberent,
521 1778 581 1816 ipsi
598 1778 671 1808 licet
685 1778 725 1807 ad
741 1779 948 1822 prestandum
960 1779 1042 1809 illud

41 1838 74 1862 ue
86 1830 248 1861 difficilem
260 1831 452 1866 exibuerint,
469 1832 572 1862 credis
589 1837 707 1869 tamen,
726 1836 760 1862 ut
777 1833 837 1862 tuis
853 1833 960 1862 verbis
976 1837 1042 1863 uta-

11 1921 14 1925 *
40 1891 125 1922 mur,
140 1884 224 1923 quod
247 1884 388 1914 finaliter
410 1885 592 1915 dominium
611 1885 743 1916 ecclesie
768 1892 1039 1924 recongnoscent;

42 1945 132 1977 super
146 1947 208 1977 quo
227 1938 282 1968 tibi
300 1937 404 1968 taliter
422 1939 651 1977 respondemus
668 1952 674 1968 :
692 1939 788 1978 quod,
808 1940 834 1969 si
852 1940 906 1969 tibi
926 1941 1042 1970 consti-

40 1991 110 2022 terit
123 1996 222 2021 castra
236 1991 358 2028 eadem,
374 2000 435 2030 que
450 1992 567 2021 mulier
580 1997 610 2021 et
623 1992 680 2022 filii
698 1993 843 2022 detinent
856 1994 1039 2032 supradicti,

39 2043 343 2084 adjurisdictionem
360 2051 502 2075 nostram
519 2050 549 2075 et
565 2046 696 2076 ecclesie
713 2047 884 2085 pertinere,
899 2047 937 2076 ad
953 2057 1040 2086 pres-

40 2097 167 2131 tandum
184 2097 241 2127 tibi
257 2098 388 2128 nomine
406 2104 512 2128 nostro
531 2104 560 2128 et
573 2099 717 2137 ejusdem
732 2099 864 2129 ecclesie
880 2100 1041 2130 fidelitatis

38 2148 219 2188 homagium
239 2151 341 2189 ipsam
358 2160 394 2181 ac
414 2151 497 2181 filios
518 2151 634 2181 tradita
654 2152 710 2181 tibi
729 2156 880 2190 potestate
899 2153 1040 2192 compel-

38 2200 93 2232 las.
115 2202 204 2238 Quod
227 2203 254 2232 si
275 2203 453 2242 predictum
478 2203 668 2242 homagium
693 2204 771 2241 tibi,
797 2209 830 2234 ut
852 2205 1038 2244 predicitur,

38 2259 172 2296 prestare
187 2256 357 2294 voluerint,
376 2261 443 2296 post
457 2257 560 2302 ipsius
579 2258 820 2297 prestationem,
840 2259 958 2297 prefata
971 2268 1040 2289 cas-

39 2310 86 2340 t‘m
99 2309 241 2348 ejusdem
258 2305 405 2340 mulieris
427 2311 506 2341 filiis
528 2311 704 2342 dummodo
721 2312 790 2351 ipsa
806 2312 860 2351 (si)
878 2317 984 2343 tenere
1002 2314 1042 2344 ab

40 2361 166 2394 molesia
177 2363 466 2404 recongnosca[n]t,
483 2364 631 2404 quodque
644 2374 701 2404 pro
714 2366 759 2396 eis
771 2371 911 2405 prestent
926 2367 1042 2406 impor-

39 2418 139 2447 terum
154 2417 258 2447 eidem
274 2417 408 2448 ecclesie
424 2418 556 2449 servitia
571 2423 733 2457 consueta,
751 2419 785 2448 in
804 2419 936 2449 seudum
947 2444 954 2457 ,
976 2429 1040 2450 uon

39 2468 178 2501 obstante
195 2472 221 2501 si
236 2480 255 2501 a
272 2471 345 2511 jure
370 2472 453 2511 quod
474 2473 509 2502 iu
532 2473 654 2503 eisdem
676 2473 789 2503 castris
810 2473 928 2503 habere
946 2474 1042 2504 debe-

39 2523 113 2558 liant
127 2526 278 2557 cecidisse
297 2532 480 2564 noscantur,
504 2532 612 2558 nostra
633 2528 735 2559 fultus
754 2529 941 2560 auctoritate
966 2538 1041 2560 con-

41 2577 138 2610 oedaS.
160 2580 230 2610 Dat.
250 2585 284 2610 ut
301 2590 407 2620 supra.
429 2593 443 2608 x>

109 2751 222 2782 ¹228ss

75 2813 320 2851 archiepiscopus
345 2815 569 2844 Beneventanus
591 2825 687 2844 coram
706 2817 774 2845 sede
796 2819 953 2854 apostolica
974 2819 1044 2845 cita-

42 2864 97 2890 tur.
111 2862 183 2896 (Fol.
199 2864 232 2891 50
251 2866 299 2898 ro.)

543 2753 672 2789 Orvieto,
689 2756 703 2782 4
720 2756 874 2783 novembre
894 2756 970 2783 1290.

85 2964 250 2996 Venerabili
266 2967 363 3002 fratri
377 2968 424 3004 B.,
445 2969 578 3006 episcopo
593 2968 779 3005 Penestrz'no,
797 2971 957 3008 apostolice
970 2971 1048 3000 sedis

46 3016 152 3056 legato,
167 3019 336 3049 committit
354 3023 389 3049 ut.
402 3020 448 3057 J.,
464 3019 738 3060 archiepiscopum
762 3022 1026 3053 Beneventanum
1039 3048 1046 3062 ‚

1122 416 1194 446 citet
1219 421 1252 445 ut
1272 417 1356 446 inira
1381 416 1496 454 viginti
1524 416 1590 446 dies
1615 421 1684 455 post
1709 417 1895 447 citationem
1922 426 2028 448 coram
2058 419 2132 448 sede

1121 469 1292 508 apostolica
1313 474 1503 508 compareat.
1526 470 1587 499 Hic
1610 470 1718 506 enim,
1738 470 1777 499 ad
1795 470 2037 509 impediendum
2061 471 2129 501 offi-

1122 523 1208 552 cium
1225 522 1385 552 Johannis
1401 522 1439 552 de
1455 522 1554 559 Pileo,
1572 523 1701 552 rectoris
1718 523 1854 553 civitatis
1870 523 2129 560 Beneventanae,

1122 575 1317 613 capitaniam
1334 585 1407 605 cum
1431 576 1545 613 viginti
1566 581 1702 614 quatuor
1723 576 1909 606 hominibus
1934 577 2132 616 sapientibus

1123 632 1153 657 et
1169 637 1220 657 sex
1239 628 1381 667 syndicis
1397 629 1581 666 assumpsit,
1599 629 1828 669 ecclesiamque
1845 630 1954 659 Sancti
1972 630 2133 660 Johannis

1123 681 1164 710 ad
1185 682 1313 710 Portam
1330 690 1481 718 auream,
1504 687 1668 711 vacantem
1693 692 1748 721 per
1771 688 1907 713 mortem
1932 683 2072 713 Gentilis
2094 683 2133 713 de

1124 733 1256 770 Pulino,
1276 743 1372 772 quem
1394 735 1612 764 Beneventani
1630 735 1854 765 inhumaniter
1873 736 2086 772 trucidarunt,
2104 741 2133 766 et

1124 786 1164 815 ad
1182 786 1401 816 collectionem
1417 786 1502 816 sedis
1521 787 1711 825 apostolicae
1728 793 1934 827 spectantem,
1952 790 2088 819 contulit
2104 796 2133 819 et

1125 839 1248 875 divisit,
1265 844 1375 869 contra
1393 848 1552 869 canonum
1570 846 1695 870 statuta.

1168 905 1182 919 «
1199 893 1434 922 Admirationis
1451 901 1514 922 non
1531 893 1703 931 indigne...
1722 911 1758 916 —
1776 895 1846 924 Dat.
1866 900 1924 925 etc.
1945 908 1958 922 ι)

1197 1071 1310 1100 ῒ28ἵ

1159 1131 1265 1159 Contra
1281 1140 1423 1159 excessus
1438 1132 1718 1159 Beneventum-um.
1737 1133 1807 1166 (Folv
1825 1135 1858 1161 50
1874 1135 1922 1168 νῦ.)

1636 1071 1763 1106 Orvieto‚
1781 1073 1794 1098 4
1813 1073 1967 1099 novembre
1987 1073 2061 1100 1290.

1164 1236 1273 1265 Dz'leclo
1296 1236 1362 1271 filio
1385 1236 1533 1272 magistro
1557 1236 1707 1273 Raynerz‘o
1734 1237 1768 1265 de
1795 1237 1932 1274 Casum,
1959 1239 2134 1276 cappellano

1124 1294 1238 1317 nostro.
1253 1287 1291 1317 Ei
1306 1288 1437 1317 mandat
1450 1293 1482 1317 ut
1498 1288 1736 1318 Beneventanis
1747 1290 1920 1328 praecipiat
1935 1294 1970 1320 ut
1981 1291 2134 1321 occisores

1124 1341 1263 1371 Gentilis
1286 1341 1325 1371 de
1347 1341 1478 1378 Pulmo,
1501 1341 1623 1378 clerici,
1652 1342 1708 1380 qui
1729 1342 1769 1372 ad
1794 1343 2060 1373 conscribendum
2082 1344 2135 1374 in—

1125 1395 1236 1424 troitus
1247 1399 1277 1424 et
1291 1403 1443 1432 expensas
1459 1395 1566 1424 curiae
1579 1395 1612 1424 in
1629 1395 1755 1424 civitate
1774 1395 2001 1426 Beneventana
2014 1398 2134 1427 consti-

1126 1452 1212 1477 tutus
1225 1453 1302 1484 erat,
1321 1448 1379 1477 sub
1395 1448 1458 1477 fida
1475 1448 1617 1478 custodia
1629 1448 1668 1477 ad
1684 1448 1792 1479 sedem
1808 1450 2014 1488 apostolicam
2032 1455 2135 1481 trans-

1124 1501 1262 1531 mittant.

1167 1567 1180 1581 «
1201 1555 1282 1584 Cum
1299 1564 1354 1594 per
1371 1555 1582 1585 nonnullos...
1602 1572 1640 1577 —-
1657 1555 1727 1584 Dat.
1747 1560 1805 1585 etc.
1827 1568 1840 1582 n

1197 1733 1316 1762 ’7288

1161 1795 1204 1822 De
1215 1800 1310 1822 castro
1322 1795 1429 1822 Montis
1441 1795 1562 1822 Cretacii
1574 1796 1608 1822 ab
1620 1797 1742 1823 ecclesia
1752 1805 1868 1824 romana
1877 1802 1984 1833 empto.
1994 1799 2037 1832 (F.
2046 1800 2078 1826 50
2086 1802 2137 1828 νο.)

1638 1734 1765 1769 Orvieto,
1782 1736 1797 1762 4
1813 1737 1968 1763 novembre
1985 1737 2063 1765 1290.

1165 1899 1275 1928 Dilecto
1298 1898 1362 1935 filio
1391 1899 1489 1927 nobili
1512 1899 1579 1928 viro
1606 1900 1732 1936 Ayapito
1762 1900 1796 1928 de
1823 1900 1974 1938 Εοίιιρηα,
2006 1903 2137 1932 ,ilar-chio

1124 1952 1336 1980 Anchonitane
1353 1953 1482 1981 vicario.
1510 1963 1523 1977 (ι
1546 1951 1627 1981 Cum
1650 1956 1788 1981 castrum
1812 1953 1931 1983 Montis
1947 1953 2084 1984 Cretacii
2106 1961 2136 1985 et

1124 2004 1332 2035 foi-tellicium
1348 2005 1512 2043 quondam
1529 2004 1645 2034 Sancte
1660 2006 1762 2035 Marie
1778 2006 1816 2036 de
1835 2006 1995 2043 Sculcula,
2012 2009 2134 2038 dudum

1124 2058 1164 2088 ad
1180 2058 1411 2087 monasterium
1428 2058 1580 2087 Farfense
1596 2059 1783 2097 spectantia,
1801 2068 1874 2088 cum
1890 2061 2044 2090 omnibus
2057 2062 2136 2100 Juri-

1125 2112 1201 2147 bus,
1227 2111 1499 2150 possessionibus,
1527 2115 1634 2149 portu,
1662 2111 1856 2149 honoribus,
1883 2113 2079 2144 districtibus
2107 2120 2137 2144 et

1124 2164 1328 2203 pertinentiis
1349 2163 1548 2200 eorumdem,
1566 2173 1621 2202 per
1638 2164 1803 2194 dilectium
1823 2165 1928 2195 filium
1945 2166 2134 2203 Nicolaum,

1124 2217 1338 2247 camerarium
1355 2221 1387 2246 et
1405 2216 1567 2246 notarium
1586 2221 1750 2253 nostrum,
1768 2226 1824 2256 pro
1843 2218 1936 2248 nobis
1957 2223 1987 2248 et
2004 2219 2136 2250 ecclesia

1124 2279 1256 2301 romana
1267 2269 1331 2299 emi
1346 2270 1526 2306 fecerimus,
1541 2269 1689 2299 volumus
1699 2274 1730 2299 et
1746 2271 1943 2308 presentium
1956 2272 2013 2302 tibi
2027 2276 2136 2303 tenore

1124 2323 1323 2353 mandamus
1339 2323 1504 2361 quatinus,
1521 2322 1561 2351 ad
1576 2327 1716 2352 castrum
1733 2328 1762 2352 et
1776 2323 1981 2354 soi-tellicium
1996 2325 2137 2363 predicta

1124 2381 1154 2407 te
1165 2376 1376 2416 personaliter
1391 2376 1571 2413 consereuS‚
1589 2375 1784 2414 corporalem
1800 2377 2035 2415 possessionem
2053 2379 2136 2417 ipso-

1124 2439 1196 2460 rum
1212 2430 1343 2459 nomine
1359 2433 1467 2458 nostro
1482 2433 1512 2458 et
1528 2428 1661 2458 ecclesie
1675 2429 1795 2467 prefate
1810 2430 1958 2468 recipias,
1973 2431 2138 2469 juramen—

1126 2489 1194 2514 tum
1221 2482 1385 2512 fidelitatis
1410 2482 1448 2511 ab
1472 2481 1706 2512 habitatoribus
1729 2482 1915 2513 eorumdem
1936 2484 1993 2514 tibi
2015 2485 2138 2515 faciens

1125 2537 1246 2577 prelato
1265 2535 1396 2565 nomine
1414 2534 1575 2572 exhiberi3
1596 2534 1679 2564 dicta
1697 2543 1773 2565 vero
1793 2539 1933 2566 castrum
1951 2541 1982 2566 et
2001 2537 2136 2568 fortelli-

1126 2591 1211 2621 cium
1233 2589 1324 2618 [ratri
1346 2587 1492 2625 Nicolao,
1516 2588 1555 2618 de
1570 2588 1684 2618 ordine
1701 2588 1974 2627 Templariorum,
1995 2590 2033 2620 de
2049 2590 2137 2629 cujus

1127 2643 1280 2673 fidelitate
1297 2641 1492 2672 confidimus
1504 2665 1511 2678 ,
1530 2650 1627 2680 quem
1647 2645 1774 2680 propter
1789 2641 1850 2672 hoc
1865 2642 2047 2681 specialiter
2064 2643 2136 2673 des—

1128 2697 1282 2733 tinamus,
1301 2695 1428 2725 studeas
1442 2695 1618 2733 assignare,
1638 2703 1693 2733 per
1706 2703 1780 2724 eum
1792 2704 1892 2734 usque
1903 2695 1942 2725 ad
1954 2695 2038 2725 sedis
2050 2704 2137 2735 apos-

1129 2750 1221 2781 tolice
1237 2748 1475 2787 beneplacitum
1492 2748 1660 2778 retinenda
1682 2752 1712 2777 et
1729 2748 1827 2777 etiam
1843 2748 2068 2786 gubernanda;
2086 2750 2138 2779 cui

1128 2804 1168 2834 ad
1184 2801 1466 2833 manutenendum
1480 2805 1510 2831 et
1522 2801 1778 2839 recuperandum
1791 2802 1868 2839 jin-a
1881 2805 1911 2830 et
1922 2802 2137 2840 possessiones

1129 2857 1224 2887 castri
1243 2860 1273 2885 et
1293 2854 1452 2885 fortellicii
1476 2853 1690 2892 predictorum
1722 2854 1893 2883 efficaciter
1914 2854 2044 2883 assistas
2067 2862 2138 2884 con-

1129 2909 1214 2940 siliis
1238 2913 1268 2939 et
1295 2907 1427 2938 auxiliis
1454 2907 1636 2945 oportunis,
1665 2906 1811 2936 invocato
1842 2907 1881 2936 ad
1906 2907 1980 2944 boc,
2007 2907 2035 2936 si
2059 2915 2137 2946 opus

1132 2963 1292 2997 existeret,
1322 2960 1442 2991 auxilio
1465 2959 1610 2990 fidelium
1633 2960 1856 2998 circumposite
1883 2959 2037 2997 regionis.
2064 2959 2135 2989 Dat.

1131 3021 1190 3047 etc.
1212 3029 1226 3042 )›
