2393 3496
148 322 204 351 742
894 316 1128 347 REGISTRES
1151 315 1204 344 DE
1225 314 1410 344 NICOLAS
1433 315 1487 344 [V.

149 393 284 425 nequeat
303 386 352 416 vel
371 386 498 418 haberi,
516 394 638 424 sicque,
657 386 796 423 ipsorum
815 383 947 413 ccclesia
961 385 1147 411 consumata

147 444 178 469 et
202 439 311 470 eadem
339 444 426 478 porta
451 440 482 467 in
512 446 567 467 suo
594 442 674 466 statu
703 440 898 470 remanente,
928 443 989 463 nou
1016 433 1147 462 aliunde

147 502 242 531 quam
267 501 321 531 per
346 491 485 520 medium
511 490 651 528 ejusdem
678 488 808 517 ecclesie
833 496 869 516 ex
893 492 1072 516 transverso
1094 486 1146 514 in-

148 546 259 575 troitus
273 545 310 574 ad
323 544 534 581 guni-ilianum
553 547 581 571 et
597 542 709 570 fratres
723 539 854 569 comode
870 543 989 577 pateret
1005 538 1144 567 eosdem.

149 598 352 628 Postmodum
380 604 452 625 vero
477 595 593 624 eisdem
619 593 794 630 guardiauo
820 597 850 622 et
877 592 1028 621 fratribus
1054 591 1145 621 nobis

147 650 315 680 humiliter
341 647 588 686 supplicantibus
618 650 659 680 ut,
689 654 761 674 cum
788 644 973 683 hujusmodi
999 649 1086 682 porta
1111 645 1145 673 in

147 702 320 733 honestiori
342 705 426 738 parte
444 699 503 728 loci
527 698 658 736 predicti
674 706 709 726 ac
732 702 794 726 tam
812 697 903 726 dictis
919 697 1096 735 guardiano
1116 702 1146 726 et

146 754 295 784 tratribus
309 761 403 791 qnam
423 751 494 780 aliis
508 750 546 779 ad
566 750 668 779 locum
684 750 787 787 ipsum
803 749 1028 779 accedentibus
1043 750 1145 787 magis

143 806 309 836 accomoda
337 804 476 833 editicari
506 803 637 838 valeret,
664 807 694 832 et
720 802 782 840 ipsi
807 802 909 841 parati
936 807 1057 838 essent,
1089 811 1145 841 pro

143 859 280 896 dampno
298 866 351 886 seu
370 857 545 894 prejudicio
562 856 644 894 quod
662 864 715 893 per
730 856 942 886 mutationem
959 856 1042 885 dicte
1060 860 1145 895 porte

145 912 211 940 lieri
230 909 278 939 vel
299 909 444 947 generari
467 913 579 948 posset,
598 909 926 947 recompensationem
944 909 1046 939 facere
1068 917 1143 939 con-

142 969 322 1001 gruentem,
340 972 434 1002 super
454 962 513 992 hoc
531 963 576 992 eis
597 966 726 1001 paterna
745 961 955 999 dignaremur
976 962 1144 999 diligentia

141 1017 323 1056 providere;
348 1025 405 1047 nos
429 1017 553 1046 eosdem
572 1016 765 1055 prepositum
787 1020 816 1045 et
838 1016 1012 1054 capitulum
1030 1024 1143 1053 rogan-

142 1071 198 1100 dos
220 1070 371 1099 duximus
397 1070 547 1099 attentius
575 1073 604 1098 et
630 1068 801 1098 hortandos
828 1069 944 1099 nostris
967 1069 1078 1098 dantes
1097 1069 1144 1099 eis

142 1123 254 1152 litteris
277 1124 310 1152 in
338 1122 496 1152 mandatis
518 1126 568 1158 nt,
590 1121 803 1160 guardianum
827 1126 858 1151 et
880 1121 992 1151 fratres
1014 1121 1142 1151 eosdem

142 1177 294 1206 babentes
319 1177 352 1205 in
379 1176 436 1205 hac
459 1180 543 1214 parte
568 1184 620 1213 pro
647 1175 706 1205 Dei
730 1179 760 1204 et
784 1179 893 1205 nostra
916 1184 952 1204 ac
974 1175 1144 1214 apostolice

142 1229 224 1259 sedis
240 1229 417 1258 reverentia
432 1228 648 1258 favorabiliter
663 1227 916 1264 commendatos,
933 1228 989 1267 eis,
1005 1228 1044 1257 ad
1060 1228 1143 1258 arbi-

141 1283 235 1311 trium
263 1282 417 1312 bonorum
438 1282 580 1311 virorum
606 1281 936 1319 recompensationem
962 1281 1023 1310 sibi
1051 1281 1143 1310 exhi-

141 1336 288 1365 bentibus
311 1339 553 1373 competentem,
581 1334 727 1364 mutandi
754 1339 876 1372 portam
904 1334 1079 1372 predictam
1107 1334 1142 1364 in

140 1389 207 1419 loco
230 1390 284 1428 qui
308 1389 408 1426 magis
431 1390 474 1418 eis
498 1393 588 1426 aptus
613 1388 774 1417 videretur
798 1387 962 1417 licentiam
986 1387 1141 1418 concede-

141 1446 222 1477 rent,
240 1441 465 1479 compositione
481 1440 667 1478 hujusmodi
683 1448 748 1469 nou
766 1440 921 1469 obstante.
935 1440 1056 1469 Verum
1075 1448 1143 1478 pre-

139 1495 238 1532 posito
256 1498 285 1523 et
305 1493 441 1532 capitulo
463 1494 613 1532 predictis
633 1493 777 1532 precibus
800 1498 830 1523 et
852 1493 1011 1523 mandatis
1029 1493 1142 1532 11111115-

139 1548 223 1577 modi
255 1547 410 1577 obauditis
440 1552 469 1577 et
497 1548 529 1577 id
556 1548 679 1578 efficere
711 1556 775 1577 non
807 1548 1010 1585 curantibus,
1042 1547 1142 1578 iidem

139 1601 333 1638 guardianus
357 1605 386 1630 et
409 1601 520 1631 fratres
540 1601 580 1631 ad
598 1605 739 1631 nostram
756 1610 851 1640 super
867 1601 927 1631 hoc
945 1601 1056 1631 iterato
1073 1609 1142 1640 pro-

139 1655 312 1683 videntiam
336 1659 545 1690 recurrentes,
563 1655 654 1684 nobis
676 1654 844 1685 humiliter
865 1655 1087 1694 supplicarunt
1108 1659 1142 1685 ut

139 1707 303 1746 providere
324 1708 401 1746 ipsis
423 1717 517 1747 snper
537 1708 596 1738 hoc
614 1708 652 1738 de
674 1712 830 1747 oportuno
849 1708 991 1738 remedio
1011 1717 1139 1739 curare-

137 1769 219 1789 mus.
235 1760 349 1796 Quare,
368 1761 449 1790 sicut
463 1761 617 1799 predictos
630 1761 742 1790 fratres
759 1761 807 1791 sui
821 1761 947 1792 ordinis
962 1770 1050 1791 sacra
1064 1755 1141 1791 reli-¹

136 1813 189 1850 gio
218 1813 330 1850 dignos
355 1814 459 1844 favore
485 1815 667 1852 constituit,
694 1824 753 1845 nos
779 1815 921 1845 volentes
948 1816 994 1844 eis
1020 1816 1053 1845 in
1083 1815 1142 1845 hac

136 1871 222 1904 parte
248 1867 350 1896 taliter
371 1867 537 1905 providere
560 1877 600 1897 ne
621 1868 730 1897 vacuis
750 1868 913 1898 laboribus
936 1873 1061 1907 propter
1081 1869 1140 1898 hoc

138 1919 268 1949 ulterius
290 1920 513 1958 implicentur,
544 1921 730 1951 discretioni
755 1926 858 1952 vestre
887 1931 943 1960 per
967 1921 1141 1960 apostolica

135 1973 249 2011 scripta
268 1974 459 2004 mandamus
483 1979 640 2012 quatenus
660 1983 716 2005 vos
734 1975 785 2005 vel
805 1975 885 2005 alter
906 1980 1048 2005 vestrum
1068 1984 1141 2014 pre-

135 2027 271 2064 positum
293 2031 322 2055 et
341 2027 515 2065 capitulum
538 2028 674 2066 prefatos
692 2037 728 2058 ex
746 2032 834 2066 parte
854 2033 964 2058 nostra
981 2028 1140 2058 moneatis

135 2079 302 2109 eilicaciter
317 2084 347 2109 et
360 2081 454 2109 etiam
471 2080 632 2110 inducatis
650 2085 684 2110 ut
699 2081 821 2111 eisdem
837 2081 1016 2119 gum-diano
1035 2086 1065 2111 et
1081 2081 1140 2111 fra-

135 2132 233 2161 tribus
251 2133 395 2162 mutandi
412 2138 532 2172 portam
549 2134 721 2173 predictam
738 2134 771 2163 in
788 2134 857 2164 loco
872 2134 929 2173 qui
946 2135 1047 2172 magis
1062 2134 1139 2173 ipsis

134 2189 223 2223 aptus
242 2185 411 2221 videbitur,
433 2187 473 2216 ab
495 2186 542 2216 eis
565 2195 620 2225 pro
642 2187 782 2226 dampno
805 2192 834 2217 et
856 2188 1032 2227 prejudicio
1054 2189 1139 2226 quod

133 2238 226 2267 dictis
242 2240 398 2277 preposito
415 2245 444 2269 et
457 2240 594 2279 capitulo
610 2241 726 2270 exinde
737 2241 887 2278 generari
902 2245 1008 2279 posset
1021 2249 1140 2271 recom—

135 2293 317 2329 pensatione
330 2294 419 2331 juxta
438 2298 580 2323 vestrum
598 2294 766 2324 arbitrium
786 2296 979 2333 competenti
1001 2299 1137 2334 recepta,

134 2343 294 2382 licentiam
310 2346 398 2384 juxta
414 2347 625 2385 predictarum
642 2347 822 2377 litterarum
841 2353 1023 2378 nostrarum
1040 2348 1139 2378 direc-

135 2402 236 2427 tarum
256 2403 400 2428 tenorem
416 2401 461 2429 eis
479 2400 548 2429 sine
566 2400 751 2430 difficultate
769 2401 964 2439 concedant,
981 2401 1137 2440 composi-

135 2452 218 2480 tione
239 2451 423 2490 hujusmodi
448 2462 512 2483 non
538 2453 697 2490 obstante,
717 2454 801 2492 ipsos
821 2454 860 2484 ad
885 2454 933 2492 id,
956 2455 983 2484 si
1008 2463 1138 2485 necesse

134 2505 242 2540 snei-it,
267 2514 322 2543 per
341 2514 508 2535 censuram
529 2506 791 2544 ecclesiasticam,
814 2507 1028 2546 appellatione
1050 2512 1138 2547 post-

134 2557 244 2595 posita,
262 2559 501 2596 compescendo.
517 2560 589 2589 Non
605 2560 787 2590 obstante...
803 2560 874 2590 Dat.
894 2561 979 2600 apud
996 2561 1137 2592 Urbem-

134 2616 283 2647 veterem,
303 2621 320 2639 v
338 2611 489 2642 kalendas
507 2611 586 2650 julii,
604 2622 689 2643 anno
704 2618 827 2652 quarto.
848 2626 860 2641 »

201 2771 319 2799 5424

169 2831 300 2859 Facultas
316 2833 480 2859 absolvendi
497 2834 531 2861 ab
548 2836 854 2862 excommunicatione.
868 2836 950 2869 (Hac.
969 2837 1011 2868 46,
1029 2845 1055 2864 c.
1073 2837 1133 2868 301,

132 2882 149 2907 s.
168 2882 200 2907 Rs.)
216 2888 260 2911 v⁰;
281 2881 395 2913 Pomm,
413 2883 522 2915 ‘2:3723.)

708 2773 839 2806 Orvieto,
857 2774 966 2808 ‘29jui11
985 2774 1063 2801 4291.

173 2985 328 3014 Fratribus
346 2987 511 3016 minoribus
528 2988 760 3024 inquisitoribus
776 2988 901 3017 heretice
917 2989 1081 3027 pravitatis
1101 2990 1134 3018 ιή

1231 381 1385 417 provintia
1408 382 1510 409 Tuscie
1526 389 1579 418 per
1594 381 1689 409 sedern
1705 381 1900 417 apostolicam
1917 381 2068 417 deputatis
2083 386 2110 410 et
2127 382 2160 410 in
2173 390 2239 419 pos·

1232 438 1328 462 terum
1348 434 1528 470 deputandis
1542 433 1723 463 facultatem
1739 433 1883 463 concedit
1898 432 2040 471 eligendi
2059 434 2172 464 fratres
2188 435 2238 464 sui

1230 486 1353 516 ordinis
1375 487 1428 525 qui
1455 486 1631 516 haereticos
1652 486 1692 516 ab
1715 486 1842 516 haeresi
1862 486 2043 516 resilientes
2066 487 2099 516 in
2122 487 2238 518 Tuscia

1230 538 1393 568 absolvere
1413 539 1546 578 possint.

1271 605 1284 619 «
1303 592 1384 622 Cum
1401 593 1483 622 sicut
1498 601 1573 622 ex...
1589 609 1627 615 —
1649 592 1718 622 Dat.
1736 592 1820 632 apud
1839 593 2112 630 Urbemveterem,
2128 602 2161 622 111
2179 592 2237 623 ka-

1228 645 1340 674 lendas
1353 645 1439 683 julii,
1457 653 1543 675 anno
1560 649 1682 684 quarto.
1703 657 1717 672 »

1298 818 1416 847 5425

1263 878 1456 914 Inquisitores
1489 880 1517 906 in
1549 879 1654 906 Tuscia
1688 879 1848 907 infradictis
1879 882 2011 915 personis
2044 882 2234 910 commendat.

1228 928 1311 961 (Rau.
1330 929 1370 959 16,
1390 936 1415 954 c.
1433 927 1541 959 301²,12
1562 928 1594 955 59
1615 929 1667 960 vu.)

1814 817 1940 850 Orvieto‚
1957 817 1991 845 ⁶29
2005 818 2067 854 juin
2086 818 2164 846 129¹.

1268 1030 1425 1066 Nicotaus,
1451 1036 1502 1060 etc.
1537 1031 1761 1060 Venerabitibus
1783 1032 1936 1067 fratribus
1956 1033 2190 1070 archiepiscopis
2209 1038 2236 1063 et
2286 1028 2290 1031 ’

1227 1085 1371 1121 episcopis
1394 1093 1429 1124 ac
1448 1085 1564 1113 dilectis
1584 1084 1660 1121 liliis
1680 1086 1843 1113 universis·
1855 1086 2020 1120 nobilibus,
2041 1086 2236 1125 potestatibus

1226 1146 1277 1166 seu
1292 1138 1470 1173 rectoribus,
1486 1139 1756 1167 communitatibus
1771 1142 1796 1167 et
1811 1139 2062 1168 universitatibus
2077 1141 2237 1178 ceterisque

1225 1191 1363 1228 personis
1389 1191 1575 1220 secularibus
1601 1196 1774 1220 castrorum
1806 1192 2001 1229 aliorumque
2024 1192 2158 1222 locorum
2182 1201 2236 1230 per

1225 1243 1351 1272 Italiam
1366 1245 1536 1273 constitutis
1552 1245 1591 1273 ail
1606 1252 1680 1282 quos
1693 1249 1844 1281 presentes
1859 1245 1956 1274 littere
1967 1247 2172 1282 pervenerint,
2185 1255 2237 1276 sa-

1227 1294 1334 1331 lutem,
1358 1301 1410 1325 etc.
1440 1296 1493 1326 Eis
1516 1297 1722 1336 inquisitores
1747 1297 1780 1326 in
1805 1297 1971 1336 provincia
1993 1298 2126 1328 Tusciae
2148 1307 2236 1329 com-

1225 1349 1367 1379 mandat.

1268 1415 1280 1430 a
1299 1403 1382 1433 Cum
1396 1393 1529 1434 ¹dilectos
1545 1403 1666 1434 filios...
1683 1421 1721 1427 —
1740 1404 1810 1434 Dat.
1831 1409 1984 1443 utsupra.
2007 1417 2020 1432 n

1295 1577 1548 1607 &ize-5435
1814 1576 1939 1609 Orvieto,
1957 1577 1990 1604 26
2001 1577 2066 1612 juin
2084 1577 2161 1605 1291.

1260 1638 1378 1666 Collatio
1395 1640 1608 1667 tabellionatus.
1627 1639 1708 1673 (Res.
1729 1640 1772 1671 46,
1789 1647 1815 1666 e.
1836 1639 1895 1671 30‘2,
1916 1640 1935 1666 f.
1954 1640 1986 1667 59
2004 1642 2057 1673 νο.)

1265 1742 1374 1772 Dilecto
1387 1743 1453 1779 sitio
1470 1742 1556 1771 Petro
1572 1743 1606 1772 cle
1622 1743 1775 1778 Berzfaco,
1790 1743 1897 1772 clerico
1912 1743 1946 1771 in
1962 1743 2136 1772 minoribus
2149 1743 2234 1773 ordi-

1226 1796 1317 1824 nibus
1332 1796 1511 1832 constz‘tuto‚
1529 1794 1752 1825 Suessionensis
1771 1796 1913 1832 diocesis,
1931 1795 2072 1826 officium
2090 1795 2232 1826 tabellio-

1224 1852 1330 1885 natus,
1347 1849 1387 1878 ad
1403 1849 1488 1887 quod
1503 1858 1558 1888 per
1576 1849 1767 1887 magistrum
1784 1849 1995 1887 Matthaeum,
2012 1849 2234 1889 protonobilis-

1224 1902 1362 1939 simum,
1380 1906 1542 1932 cantorem
1560 1902 1710 1932 ecclesiae
1725 1901 1933 1932 Carnotensis
1945 1926 1952 1939 ,
1969 1906 2000 1932 et
2015 1902 2176 1936 Clericum
2194 1903 2234 1934 de

1224 1955 1326 1991 Pisis,
1343 1955 1535 1985 canonicum
1554 1956 1766 1992 Remensem,
1783 1955 1962 1994 capellanos
1983 1965 2098 1995 papae,
2116 1957 2235 1987 exami-

1223 2012 1350 2038 natores
1386 2017 1480 2046 super
1512 2008 1572 2038 hoc
1600 2008 1764 2048 deputatos
1775 2033 1782 2046 ,
1812 2009 1872 2039 suit
1900 2012 2044 2048 repertus
2075 2010 2211 2040 idoneus
2225 2035 2232 2048 ,

1222 2062 1376 2091 concedit.

1265 2127 1278 2142 (ι
1296 2115 1344 2145 Ne
1362 2119 1582 2152 contractuum
1599 2115 1792 2146 memoria...
1810 2132 1849 2137 -
1866 2116 1936 2145 Dat.
1954 2116 2038 2155 apud
2053 2116 2232 2148 Urbemve-

1223 2173 1334 2204 terem,
1352 2178 1381 2197 Vl
1398 2168 1649 2208 kalendasjulii,
1666 2178 1752 2199 anno
1767 2172 1890 2208 quarto.
1910 2181 1924 2196 »

1262 2222 1300 2251 In
1316 2231 1343 2251 e.
1362 2231 1418 2259 m.,
1438 2222 1530 2252 Petro
1546 2222 1669 2252 Galteri
1685 2223 1724 2252 de
1740 2222 1988 2261 Chamberonio‚
2003 2222 2118 2254 clerico
2129 2224 2163 2253 in
2175 2225 2233 2254 mi-

1222 2276 1356 2305 noribus
1374 2275 1543 2306 ordinibus
1558 2276 1741 2314 constituto,
1760 2277 1973 2307 Pictaviensis
1989 2276 2154 2309 dioecesis.
2184 2277 2188 2280 ’

1262 2330 1300 2359 111
1318 2339 1344 2359 e.
1363 2339 1419 2366 m.,
1441 2330 1535 2360 Petro
1553 2330 1669 2369 Rayne
1689 2331 1728 2360 de
1747 2330 1929 2370 Gordonio‚
1948 2330 2062 2361 clerico
2077 2330 2112 2360 in
2127 2330 2230 2361 mino-

1220 2384 1310 2413 ribus
1325 2384 1494 2414 ordinibus
1510 2385 1693 2420 constituto,
1711 2384 1914 2414 Caturcensis
1930 2384 2093 2414 dioecesis.

1261 2437 1298 2466 In
1313 2446 1341 2467 e.
1359 2446 1414 2474 m.,
1432 2427 1563 2476 Hugoni
1580 2438 1731 2476 Hugonis
1747 2438 1785 2468 de
1799 2437 1933 2473 Museie,
1950 2437 2066 2468 clerico
2078 2438 2113 2468 in
2127 2437 2232 2468 mino-

1220 2490 1309 2520 ribus
1324 2491 1491 2521 ordinibus
1508 2491 1690 2529 constituto,
1709 2491 1947 2521 Lincolniensis
1965 2491 2128 2522 dioecesis.

1807 2571 1934 2602 Orvieto,
1951 2570 1986 2597 22
1998 2570 2063 2605 juin
2079 2569 2157 2597 1291.

1259 2632 1297 2662 111
1315 2641 1342 2662 e.
1361 2641 1418 2669 m.,
1434 2633 1552 2663 ,Iacobo
1568 2633 1731 2663 Lamberti
1747 2633 1963 2672 Carpenfflrii,
1980 2631 2095 2663 clerico
2110 2631 2227 2662 Catha-

1218 2685 1368 2716 launensi
1394 2686 1427 2716 in
1452 2687 1633 2716 minoribus
1653 2686 1821 2717 ordinibus
1844 2685 2028 2716 constituto.
2051 2685 2122 2715 Dat.
2143 2685 2228 2724 apud

1219 2739 1494 2775 Urbemveterem‚
1515 2749 1533 2769 x
1551 2739 1704 2770 kalendas
1717 2739 1806 2779 julii,
1826 2747 1912 2769 anno
1927 2742 2050 2778 quarto.

1258 2792 1296 2822 In
1319 2801 1346 2822 e.
1368 2801 1411 2822 m.
1427 2817 1432 2830 ,
1451 2792 1595 2823 ι1011111111
1611 2793 1764 2823 Guerruti
1780 2793 1864 2823 dicto
1879 2792 1918 2822 de
1933 2790 2075 2830 Pyorcin
2087 2814 2094 2828 ,
2112 2790 2228 2821 clerico

1217 2845 1253 2875 in
1266 2845 1444 2876 minoribus
1456 2846 1623 2877 ordinibus
1636 2846 1823 2884 constituto,
1837 2844 2046 2876 pictaviensis
2060 2843 2224 2874 dioecesis.

1803 2926 1930 2957 Orvieto,
1947 2925 1980 2952 26
1993 2924 2058 2960 juin
2074 2924 2152 2952 1291.

1257 2988 1296 3018 In
1315 2998 1342 3019 e.
1363 2998 1406 3019 m.
1420 3013 1427 3026 ,
1449 2989 1621 3021 Benedicto
1637 2990 1798 3021 ‚lobannis
1814 2987 1969 3019 Atrecesii
1987 2987 2026 3017 de
2042 2986 2222 3022 Guamino,
