2393 3496
851 345 1063 376 REGISTRE
1085 333 1302 376 CAMERAL.
2066 345 2123 376 963

31 418 204 452 habebatur
220 414 340 444 mentio
356 413 554 450 subsecutis;
573 414 722 453 quodque
737 417 780 450 tu,
795 416 920 451 recepto
935 421 952 441 a
967 419 1036 450 pre-

34 471 124 504 dictis
141 467 348 503 hominihus,
367 471 505 505 pretacto
523 467 672 503 nomine,
697 466 860 496 fidelitatis
879 464 968 495 solite
983 465 1035 503 ju-

34 526 190 557 ramento,
214 521 282 560 jam
309 519 485 550 nonnullos
508 521 548 550 ad
575 520 718 559 ejusdem
743 519 837 550 castri
860 518 1036 549 custodiam

4 567 8 572 ”
35 574 200 616 deputasti.
210 573 277 603 Nos
286 576 392 602 autem
403 576 467 602 tam
478 573 579 611 gratis
590 577 619 602 et
631 572 765 611 acceptis
775 572 959 602 rumoribus
972 579 1037 600 non

34 630 150 668 absque
170 626 260 657 uberi
278 626 397 655 mentis
415 625 519 656 letitia
539 626 728 663 intellectis,
748 634 930 664 processum
946 628 1037 654 tuum

36 686 66 714 et
77 689 206 720 operose
217 678 444 709 sollicitudinis
458 678 600 708 studium
614 679 648 708 in
664 679 830 717 premissis
844 677 1038 717 exequendis

35 734 214 767 adhibitum
238 732 461 770 multipliciter
488 732 752 762 commendamus
765 756 772 769 ‚
799 741 872 762 cum
899 735 1038 761 castrum

35 789 149 829 ipsum,
162 786 245 825 quod
257 786 296 815 ab
311 785 390 815 olim
401 794 516 815 manus
527 786 619 815 avida
628 794 780 824 occupare
791 789 1037 824 presumpserat,

34 839 173 882 predicta
188 838 390 876 recuperarit
401 838 533 868 ecclesia
545 847 600 877 per
611 838 797 876 vigilantem
810 837 981 867 ministerii
994 838 1039 867 tui

36 901 154 925 curam.
175 891 258 928 Quia
276 891 380 929 igitur
394 899 460 921 non
478 892 586 920 minor
603 895 650 920 est
672 891 774 920 virtus
795 899 891 929 quam
906 899 1039 927 querere

34 950 122 988 parta
141 945 223 975 tueri
242 944 297 983 (1),
316 944 464 974 volumus
486 948 515 974 et
537 944 734 983 presentium
752 944 808 973 tibi
826 948 934 973 tenore
950 951 1040 972 man-

35 998 146 1030 damus
159 997 313 1036 quatinus
325 997 407 1027 circa
419 997 563 1027 sedulam
576 996 671 1027 castri
683 997 851 1026 memorati
864 995 1039 1025 custodiam

34 1051 122 1083 illam
139 1050 341 1088 diligentiam
358 1054 389 1080 et
406 1050 659 1080 sollicitudinem
676 1049 827 1079 adhibere
843 1059 992 1088 procures
1008 1054 1042 1079 ut

35 1104 124 1136 nulla
136 1104 174 1134 de
187 1103 257 1142 ipsa
274 1104 373 1143 possit
385 1104 594 1142 imposterum
611 1107 715 1133 actore
728 1103 868 1133 Domino
884 1099 1040 1133 dubitatio

35 1157 182 1190 suboriri.
202 1156 305 1195 Super
322 1156 395 1186 aliis
412 1165 486 1187 vero
504 1156 540 1186 in
554 1156 671 1186 litteris
688 1155 850 1195 prelibatis
866 1156 1039 1194 expressis,
1057 1156 1060 1160 '

34 1210 104 1248 tihi,
123 1210 239 1240 auditis
254 1219 317 1249 que
338 1232 359 1240 ..
376 1210 572 1248 guardianus
589 1210 723 1239 fratrum
739 1210 902 1239 minorum
918 1209 956 1238 de
976 1209 1039 1238 Ve-

34 1267 181 1303 narupta,
200 1263 240 1293 ad
257 1268 411 1300 nostram,
430 1267 465 1293 ut
481 1263 648 1302 scripsisti,
665 1263 858 1301 presentiam
875 1263 1038 1292 destinan-

36 1317 106 1354 dus,
122 1317 214 1347 nohis
231 1316 358 1346 duxerit
375 1316 556 1353 referenda,
574 1315 809 1355 beneplacitum
826 1320 971 1346 nostrum
992 1325 1042 1345 se-

37 1369 153 1401 riosius
182 1370 409 1408 exprimemus.
439 1369 588 1399 Ceterum
617 1368 766 1399 volumus
795 1369 879 1407 quod
908 1368 956 1398 hii
986 1369 1042 1407 qui

37 1427 174 1455 castrum
197 1423 325 1453 diruere
347 1423 527 1462 predictum
545 1423 610 1453 suis
627 1423 733 1462 ipsum
752 1423 932 1461 sumptibus
950 1431 1042 1461 repa-

18 1470 124 1514 '·rent‚
151 1476 300 1515 quodque
328 1480 395 1506 tam
420 1476 497 1506 dicti
525 1485 621 1514 quam
645 1475 781 1506 aliorum
809 1476 1042 1505 destructorum

38 1534 212 1562 castrorum
225 1538 364 1569 quorum
383 1529 517 1559 nomina
532 1529 566 1558 in
583 1529 712 1568 prefatis
727 1528 842 1558 litteris
858 1528 1042 1567 expressisti

37 1582 184 1614 homiues
207 1583 347 1613 dominis
367 1583 434 1612 suis
456 1582 630 1613 exhibeant
649 1582 778 1612 servitia
800 1585 968 1619 consueta,
988 1582 1042 1612 sed

37 1645 240 1675 nequaquam
256 1636 421 1674 permittas
436 1635 522 1674 quod
537 1635 637 1666 iidem
653 1635 775 1665 domini
790 1635 932 1674 aliquam
948 1635 1044 1674 juris-

37 1689 208 1720 dictionem
234 1692 402 1720 exerceant
422 1689 457 1718 in
475 1689 622 1719 homines
642 1688 827 1718 antedictos.
849 1689 918 1726 Age
935 1688 1043 1727 itaque

38 1745 204 1773 strenue...
221 1742 293 1772 Dat.
311 1742 422 1778 Reate,
438 1751 480 1772 xv
494 1741 649 1772 kalendas
665 1741 866 1780 septembris.
887 1753 900 1768 1>

109 1927 220 1956 '2121

72 1988 118 2023 B.‚
141 1989 278 2024 episcopo
301 1987 487 2019 Penestrino,
512 1987 694 2014 medietatem
717 1988 880 2014 reddituum
904 1988 1043 2015 ecclesiae

38 2037 217 2065 Auximanae
233 2037 375 2064 concedit.
393 2036 462 2069 (Fol.
480 2036 514 2064 23
531 2038 582 2070 vo.)

547 1926 640 1960 Rieti,
660 1927 697 1952 12¹·
712 1926 875 1961 septembre
894 1926 970 1953 1288.

76 2139 245 2170 'Venerabili
260 2140 356 2176 fratr-i
373 2139 418 2176 B.‚
437 2140 569 2176 episcopo
586 2139 774 2168 Penestrz'no.
795 2150 808 2165 α
826 2139 972 2169 Preclara
991 2143 1043 2169 tue

39 2193 188 2224 merita...
203 2193 258 2228 Te,
275 2197 351 2222 tunc
361 2192 545 2231 episcopum
556 2192 790 2229 Auximanum,
805 2201 823 2222 a
837 2192 966 2223 vinculo
981 2202 1044 2232 quo

39 2246 168 2277 ecclesie
182 2246 366 2276 Auximane
380 2254 448 2275 eras
462 2245 633 2275 adstrictus
644 2246 768 2284 pridem
783 2246 933 2276 duximus
945 2247 1043 2277 assol-

38 2300 178 2331 vendum
199 2304 230 2330 et
251 2303 280 2329 te
296 2300 330 2329 in
347 2300 543 2330 consortium
559 2299 771 2330 cardinalium
789 2305 896 2329 sancte
913 2309 1044 2331 romane

39 2352 171 2383 ecclesie
197 2356 399 2383 assumentes
424 2353 459 2382 in
486 2353 669 2391 episcopum
692 2357 722 2382 et
743 2357 900 2391 pastorem
923 2354 1044 2384 Penes-

38 2406 121 2436 trine
141 2406 288 2442 ecclesie,
313 2406 352 2436 de
368 2406 502 2436 fratrum
521 2410 704 2436 nostrorum
725 2407 870 2444 consilio,
894 2407 1044 2438 duximus

39 2459 272 2498 prefigendum.
290 2458 372 2489 Cum
388 2459 496 2497 itaque
512 2467 548 2488 ex
563 2459 623 2489 hoc
641 2463 669 2489 te
684 2464 824 2498 oporteat
839 2465 984 2499 sumptus
1000 2461 1045 2491 fa-

40 2519 110 2542 cere
129 2511 316 2551 ampliores,
340 2520 399 2542 nos
421 2511 562 2542 volentes
581 2516 622 2547 te,
647 2516 681 2542 ut
699 2512 770 2542 illos
791 2512 894 2543 levius
912 2514 1045 2545 tolerare

42 2564 161 2602 valeas,
187 2565 222 2594 in
248 2564 355 2604 aliquo
380 2564 536 2601 relevare,
559 2565 616 2594 tibi
639 2567 835 2604 presentium
859 2568 1045 2598 auctoritate

21 2644 26 2647 .
43 2617 245 2648 concedimus
265 2621 299 2648 ut
315 2617 516 2648 medietatem
533 2618 680 2648 omnium
700 2624 912 2657 proventuum
929 2626 960 2650 et
977 2621 1046 2651 red-

42 2669 167 2701 dituum
183 2669 411 2710 episcopalium
433 2670 574 2709 predicte
597 2672 730 2702 ecclesie
746 2673 928 2704 Auximane
951 2683 969 2704 a
994 2675 1045 2705 die

41 2723 248 2762 promotionis
263 2727 316 2754 tue
333 2723 373 2753 ad
391 2723 545 2763 prefatam
563 2723 730 2755 ecclesiam
751 2726 974 2757 Penestrinam
993 2737 1045 2758 us-

43 2783 104 2815 que
117 2776 157 2806 ad
173 2775 328 2807 kalendas
343 2776 486 2816 J‘anuarii
503 2777 765 2816 subsequentis...
785 2780 911 2818 exigere
925 2786 956 2811 et
974 2791 1046 2821 per-

43 2828 146 2868 cipere
170 2828 276 2859 valeas
301 2838 338 2859 ac
363 2830 427 2859 tuis
455 2829 566 2860 usibus
588 2830 784 2869 applicare...
805 2833 876 2863 Dat.
898 2833 1046 2865 kalendis

42 2882 240 2921 septembris.
258 2894 274 2910 »

73 3012 106 3045 (1)
121 3013 284 3039 Hexametre
298 3014 350 3039 tire
366 3014 400 3038 de
419 3014 487 3040 l'Art
503 3017 633 3041 d'Aimer
647 3017 772 3043 d‘Ovide.
788 3019 858 3050 (Liv.
874 3021 908 3050 11,
924 3029 950 3046 v.
969 3021 1017 3054 13.)

1189 411 1304 438 ’ἴ122

1153 472 1196 499 De
1208 472 1411 507 jurisdictione
1427 472 1552 499 civitatis
1567 472 1737 499 Esculauae.
1755 471 1826 505 (Fol.
1842 472 1876 499 24
1892 473 1939 504 ro.)

1738 409 1824 441 Rieti,
1842 409 1874 436 28
1891 411 1958 437 aout
1974 410 2052 437 1288.

1161 588 1281 627 [Dilecto
1296 589 1360 625 filio
1379 588 1475 617 nobili
1498 589 1563 617 viro
1577 587 1724 626 Johanni]
1740 586 1774 617 de
1793 587 1976 625 Columpna,
1993 588 2125 618 Mart-hie

1119 642 1328 671 Ancltonitane
1340 643 1462 670 rectori.
1479 652 1493 667 «
1563 641 1606 680 (1)
1621 641 1744 670 sincera
1759 641 1879 670 civium
1894 640 2126 670 Esculanorum

1121 694 1283 723 devotio...
1301 693 1469 723 Nobilitati
1484 698 1534 723 tue
1550 703 1604 732 per
1617 693 1789 732 apostolica
1802 693 1919 732 scripta
1935 694 2127 724 mandamus

1121 747 1274 785 quatinus
1290 755 1343 776 eos
1358 755 1413 785 pro
1430 750 1537 776 nostra
1555 751 1584 776 et
1599 746 1767 785 apostolice
1784 747 1867 776 sedis
1883 747 2062 776 reverentia
2079 747 2128 776 fa·

1121 799 1256 829 vorabili
1280 800 1394 829 affectu
1419 808 1614 838 prosequens
1637 803 1667 829 et
1691 804 1901 838 pertractans,
1924 808 2128 838 nequaquam

1121 853 1286 891 permittas
1308 853 1392 891 quod
1414 852 1529 891 aliquis
1553 853 1696 891 ipsorum
1712 853 1843 887 civium,
1861 852 1912 882 vel
1929 853 2128 891 quicumque

1121 905 1205 935 alius
1225 905 1362 934 civitatis
1379 905 1546 941 Esculane,
1564 904 1615 934 vel
1631 913 1804 934 commune
1820 905 1931 942 ipsius,
1951 914 2004 934 seu
2021 905 2128 943 quivis

1121 957 1281 987 habitator
1302 957 1351 987 vel
1377 958 1568 987 universitas
1593 958 1630 987 de
1656 958 1801 987 districtu
1828 967 1883 987 seu
1905 957 2129 995 jurisdictione

1122 1010 1259 1040 civitatis
1278 1010 1420 1048 ejusdem
1439 1011 1552 1040 citetur
1571 1010 1621 1039 vel
1639 1010 1848 1040 conveniatur
1866 1019 1960 1048 super
1977 1010 2129 1040 civilibus

1121 1064 1171 1094 vel
1186 1063 1411 1093 criminalibus
1428 1063 1532 1093 causis
1548 1063 1581 1092 in
1598 1063 1665 1093 soro
1682 1072 1737 1092 seu
1754 1063 1842 1092 curia
1855 1063 1976 1101 judicis
1992 1063 2131 1093 Abbatie

1122 1121 1152 1147 et
1167 1117 1336 1147 comitatus
1352 1116 1508 1155 ejusdem,
1527 1125 1584 1146 nec
1602 1117 1697 1145 etiam
1714 1124 1820 1146 coram
1835 1115 1941 1154 aliquo
1953 1116 2059 1154 judice
2077 1125 2131 1155 per

1123 1174 1152 1199 te
1169 1170 1204 1199 in
1224 1169 1454 1199 Anchouitana
1473 1168 1618 1199 Marchia
1641 1169 1830 1205 constituto,
1853 1177 1928 1198 cum
1948 1173 2055 1199 nostre
2077 1177 2130 1199 vo-

1121 1223 1256 1253 luntatis
1272 1223 1385 1252 existat
1402 1226 1437 1252 ut
1457 1222 1541 1252 cives
1557 1227 1587 1252 et
1606 1221 1663 1251 alii
1684 1221 1858 1260 supradicti
1876 1221 1910 1250 in
1933 1226 1984 1250 tua
2008 1226 2037 1251 et
2060 1226 2129 1251 tuo-

1123 1285 1197 1306 rum
1214 1275 1414 1314 generalium
1428 1275 1576 1314 judicum
1593 1275 1681 1304 curia
1700 1274 1864 1304 dumtaxat
1883 1274 1918 1303 in
1937 1275 2039 1304 causis
2055 1283 2129 1305 con-

1123 1329 1297 1359 veniantur
1322 1328 1454 1359 eisdem.
1476 1328 1558 1358 Cum
1575 1332 1695 1364 autem,
1714 1327 1804 1357 sicud
1829 1336 1866 1357 ex
1890 1332 1977 1365 parte
2000 1327 2131 1366 predicti

1124 1382 1307 1412 communis
1320 1382 1381 1412 fuit
1393 1382 1589 1421 propositum
1604 1390 1711 1411 coram
1721 1381 1825 1416 nobis,
1837 1380 1944 1416 Malte,
1953 1381 2132 1410 Ardeman-

1124 1436 1227 1473 desce,
1246 1429 1427 1474 Capradozi,
1445 1435 1615 1471 Quintiani
1632 1439 1662 1464 et
1676 1433 1860 1463 Palentiani
1876 1439 1977 1463 castra
1991 1437 2133 1472 spectent

1124 1489 1163 1519 ad
1173 1489 1432 1528 jurisdictionem
1446 1488 1583 1518 civitatis
1597 1488 1747 1526 predicte,
1763 1487 1915 1517 nolumus
1928 1488 2011 1526 quod
2024 1491 2132 1517 contra

1125 1546 1226 1572 castra
1241 1542 1310 1581 ipsa
1326 1542 1374 1572 vel
1390 1542 1583 1571 habitatores
1599 1550 1711 1571 eorum
1731 1541 1829 1570 facias
1844 1550 1900 1579 per
1918 1545 1945 1570 te
1965 1540 2014 1570 vel
2031 1541 2132 1570 alium

1125 1605 1180 1626 seu
1197 1595 1276 1626 alios
1291 1595 1416 1634 aliquas
1431 1595 1624 1626 novitates...
1643 1595 1716 1624 Dat.
1734 1594 1844 1631 Reate,
1861 1603 1881 1623 v
1894 1593 2048 1624 kalendas
2064 1603 2133 1632 sep-

1125 1650 1268 1680 tembris.
1287 1660 1301 1676 »

1198 1854 1316 1883 2123

1160 1916 1204 1943 De
1214 1920 1308 1943 castro
1316 1915 1497 1942 Montiscalvi
1504 1914 1538 1941 ab
1547 1914 1670 1941 ecclesia
1678 1922 1794 1940 romana
1802 1915 1981 1948 recuperato.
1993 1911 2032 1944 (F.
2041 1912 2075 1939 ‘24
2086 1913 2132 1945 ΓΟ.)

1668 1852 1754 1886 Rieti,
1772 1851 1787 1878 9
1803 1851 1966 1886 septembre
1986 1850 2062 1877 1288.

1165 2035 1274 2063 Dilecto
1291 2033 1356 2070 filio
1376 2032 1472 2061 nobiti·
1492 2032 1559 2060 viro
1580 2031 1718 2060 Iohanni
1739 2030 1774 2058 de
1797 2029 1983 2066 Columpna,
2006 2028 2136 2057 Marchie

1125 2087 1338 2118 Anchonitane
1350 2085 1474 2114 rectori.
1487 2084 1644 2113 Memorat
1655 2082 1777 2112 litteras
1792 2081 1831 2111 ad
1847 2081 1995 2111 eumdem
2010 2079 2134 2110 Johan-

1126 2149 1202 2170 nem
1219 2139 1258 2169 de
1271 2142 1373 2169 castro
1389 2136 1596 2168 Montiscalvi
1610 2136 1745 2165 directas
1758 2143 1917 2173 supraque
1932 2134 2136 2171 transcriptas

1125 2193 1174 2233 (n0
1187 2192 1279 2232 7120)
1292 2191 1446 2230 additque
1462 2201 1469 2220 :
1486 2203 1497 2217 ι
1511 2190 1559 2219 Ne
1573 2189 1671 2227 igitur
1683 2189 1785 2227 ipsius
1798 2189 1891 2218 castri
1905 2186 2063 2225 reparatio
2077 2186 2136 2216 dif-

1127 2247 1248 2277 feratur
1261 2270 1268 2283 ,
1288 2244 1438 2275 volumus
1463 2247 1494 2273 et
1511 2242 1708 2280 presentium
1735 2241 1792 2270 tibi
1816 2244 1925 2270 tenore
1944 2239 2136 2269 mandamus

1126 2299 1278 2338 quatinus
1294 2298 1332 2327 de
1347 2297 1450 2336 ipsius
1467 2296 1563 2326 castri
1579 2294 1728 2333 diligenti
1744 2294 1887 2324 custodia
1901 2294 2038 2323 existens
2054 2291 2138 2322 solli-

1126 2353 1207 2383 citus
1231 2355 1262 2381 et
1285 2354 1442 2387 attentus,
1459 2349 1540 2379 illud
1557 2348 1661 2387 quoad
1684 2356 1816 2386 presens
1837 2347 1931 2376 facias
1954 2350 2062 2376 nostre
2082 2354 2136 2375 ca-

1126 2414 1214 2435 mere
1229 2403 1421 2442 sumptibus,
1442 2406 1534 2441 prout
1550 2405 1744 2440 oportunum
1761 2399 1869 2435 suerit,
1884 2399 2035 2438 reparari,
2048 2398 2138 2427 resti-

1128 2457 1254 2489 tuendis
1277 2465 1426 2487 successu
1450 2454 1601 2493 temporis
1624 2462 1642 2483 a
1665 2452 1915 2483 destructoribus
1936 2451 2012 2481 dicti
2029 2451 2135 2481 castri.

1127 2512 1208 2542 Cum
1231 2514 1337 2540 autem
1362 2509 1497 2546 dignum
1520 2512 1550 2538 et
1573 2506 1691 2536 rationi
1715 2505 1911 2536 conveniens
1936 2504 2080 2534 videatur
2103 2507 2138 2533 ut

1126 2564 1205 2595 dicti
1220 2563 1380 2598 homineS,
1395 2570 1469 2591 cum
1485 2560 1653 2590 feudorum
1670 2568 1732 2598 que
1745 2567 1763 2588 a
1779 2558 1919 2588 dominis
1935 2557 2010 2596 ipsis
2029 2561 2138 2586 tenent

1126 2617 1304 2657 percipiant
1325 2624 1398 2646 cum
1422 2614 1605 2652 integritate
1629 2616 1818 2652 proventus,
1843 2610 1982 2649 predicta
2009 2609 2137 2639 servitia

1126 2671 1267 2702 dominis
1286 2668 1474 2708 impendant
1497 2667 1639 2703 eisdem,
1659 2665 1756 2696 facias
1775 2665 1905 2695 servitia
1928 2663 2039 2693 eadem
2063 2671 2138 2701 pre-

1127 2725 1200 2755 fatis
1227 2722 1368 2753 dominis
1391 2730 1410 2751 a
1433 2720 1581 2760 pretactis
1606 2719 1794 2750 hominibus
1818 2717 2018 2756 integraliter
2043 2716 2134 2745 exhi-

1127 2778 1235 2809 beri...
1256 2788 1270 2803 υ

1170 2843 1183 2858 ι
1204 2830 1315 2868 Nuper
1329 2827 1370 2858 ad
1387 2830 1567 2858 nostram...
1584 2843 1623 2848 —
1641 2826 1712 2856 Dat.
1731 2825 1848 2861 Reate,
1867 2833 1887 2853 v
1908 2823 1982 2853 idus
1997 2826 2136 2861 septem-

1129 2885 1207 2915 bris.
1228 2895 1243 2911 ι)

1161 3024 1194 3055 (1)
1209 3023 1248 3048 Le
1263 3021 1383 3054 premier
1399 3027 1435 3045 ou
1450 3020 1490 3044 les
1505 3019 1578 3043 deux
1594 3017 1727 3050 premiers
1742 3018 1813 3040 mots
1829 3017 1985 3046 manquent.
