<?xml version="1.0" encoding="UTF-8"?>
<!DOCTYPE html PUBLIC "-//W3C//DTD XHTML 1.0 Transitional//EN"
    "http://www.w3.org/TR/xhtml1/DTD/xhtml1-transitional.dtd">
<html xmlns="http://www.w3.org/1999/xhtml" xml:lang="en" lang="en">
 <head>
  <title>
</title>
<meta http-equiv="Content-Type" content="text/html;charset=utf-8" />
  <meta name='ocr-system' content='tesseract 3.04.00' />
  <meta name='ocr-capabilities' content='ocr_page ocr_carea ocr_par ocr_line ocrx_word'/>
</head>
<body>
  <div class='ocr_page' id='page_1' title='image "./lesregistresdeni02romeuoft_0098.png"; bbox 0 0 2393 3496; ppageno 0'>
   <div class='ocr_carea' id='block_1_1' title="bbox 177 310 1513 352">
    <p class='ocr_par' dir='ltr' id='par_1_1' title="bbox 177 310 1513 352">
     <span class='ocr_line' id='line_1_1' title="bbox 177 310 1513 352; baseline -0.01 0"><span class='ocrx_word' id='word_1_1' title='bbox 177 324 234 352; x_wconf 80' lang='lat'><em>77‘2</em></span> <span class='ocrx_word' id='word_1_2' title='bbox 919 312 1152 344; x_wconf 76' lang='lat' dir='ltr'>REGISTRES</span> <span class='ocrx_word' id='word_1_3' title='bbox 1174 311 1228 341; x_wconf 81' lang='lat' dir='ltr'>DE</span> <span class='ocrx_word' id='word_1_4' title='bbox 1251 310 1434 341; x_wconf 77' lang='lat' dir='ltr'>NICOLAS</span> <span class='ocrx_word' id='word_1_5' title='bbox 1458 310 1513 339; x_wconf 80' lang='lat' dir='ltr'>lv.</span> 
     </span>
    </p>
   </div>
   <div class='ocr_carea' id='block_1_2' title="bbox 178 378 1175 477">
    <p class='ocr_par' dir='ltr' id='par_1_2' title="bbox 178 378 1175 477">
     <span class='ocr_line' id='line_1_2' title="bbox 179 378 1175 420; baseline -0.012 -2"><span class='ocrx_word' id='word_1_6' title='bbox 179 393 285 420; x_wconf 68' lang='lat' dir='ltr'>nostre</span> <span class='ocrx_word' id='word_1_7' title='bbox 304 387 502 417; x_wconf 79' lang='lat' dir='ltr'>remissionis</span> <span class='ocrx_word' id='word_1_8' title='bbox 518 389 548 415; x_wconf 82' lang='lat' dir='ltr'>et</span> <span class='ocrx_word' id='word_1_9' title='bbox 563 382 756 416; x_wconf 58' lang='lat' dir='ltr'>donatiuum,</span> <span class='ocrx_word' id='word_1_10' title='bbox 774 385 831 410; x_wconf 82' lang='lat' dir='ltr'>etc.</span> <span class='ocrx_word' id='word_1_11' title='bbox 854 381 923 409; x_wconf 88' lang='lat' dir='ltr'>Dat.</span> <span class='ocrx_word' id='word_1_12' title='bbox 940 378 1022 418; x_wconf 90' lang='lat' dir='ltr'>apud</span> <span class='ocrx_word' id='word_1_13' title='bbox 1041 378 1175 408; x_wconf 90' lang='lat' dir='ltr'>Urbem-</span> 
     </span>
     <span class='ocr_line' id='line_1_3' title="bbox 178 435 970 477; baseline -0.015 -5"><span class='ocrx_word' id='word_1_14' title='bbox 178 447 328 477; x_wconf 81' lang='lat' dir='ltr'>veterem,</span> <span class='ocrx_word' id='word_1_15' title='bbox 347 449 374 469; x_wconf 83' lang='lat' dir='ltr'>xi</span> <span class='ocrx_word' id='word_1_16' title='bbox 393 438 545 469; x_wconf 78' lang='lat' dir='ltr'>kalendas</span> <span class='ocrx_word' id='word_1_17' title='bbox 560 435 698 474; x_wconf 81' lang='lat' dir='ltr'>augusti,</span> <span class='ocrx_word' id='word_1_18' title='bbox 715 441 801 463; x_wconf 84' lang='lat' dir='ltr'>anuo</span> <span class='ocrx_word' id='word_1_19' title='bbox 816 437 938 471; x_wconf 86' lang='lat' dir='ltr'>quai-to.</span> <span class='ocrx_word' id='word_1_20' title='bbox 958 443 970 457; x_wconf 79' lang='grc' dir='ltr'>ι</span> 
     </span>
    </p>
   </div>
   <div class='ocr_carea' id='block_1_3' title="bbox 247 608 1105 646">
    <p class='ocr_par' dir='ltr' id='par_1_3' title="bbox 247 608 1105 646">
     <span class='ocr_line' id='line_1_4' title="bbox 247 608 1105 646; baseline -0.01 -3"><span class='ocrx_word' id='word_1_21' title='bbox 247 616 364 646; x_wconf 64' lang='grc'>5730</span> <span class='ocrx_word' id='word_1_22' title='bbox 727 610 852 639; x_wconf 78' lang='lat' dir='ltr'>Orvieto,</span> <span class='ocrx_word' id='word_1_23' title='bbox 872 609 902 635; x_wconf 83' lang='lat'>15</span> <span class='ocrx_word' id='word_1_24' title='bbox 914 608 1011 643; x_wconf 88' lang='lat' dir='ltr'>juillet</span> <span class='ocrx_word' id='word_1_25' title='bbox 1029 608 1105 635; x_wconf 73' lang='lat'>1291.</span> 
     </span>
    </p>
   </div>
   <div class='ocr_carea' id='block_1_4' title="bbox 177 670 1177 757">
    <p class='ocr_par' dir='ltr' id='par_1_4' title="bbox 177 670 1177 757">
     <span class='ocr_line' id='line_1_5' title="bbox 215 670 1177 706; baseline -0.009 0"><span class='ocrx_word' id='word_1_26' title='bbox 215 679 347 706; x_wconf 78' lang='lat' dir='ltr'>inhibitio</span> <span class='ocrx_word' id='word_1_27' title='bbox 359 683 503 704; x_wconf 83' lang='lat' dir='ltr'>sacrorum</span> <span class='ocrx_word' id='word_1_28' title='bbox 518 674 648 700; x_wconf 80' lang='lat' dir='ltr'>ordinum</span> <span class='ocrx_word' id='word_1_29' title='bbox 665 680 752 699; x_wconf 81' lang='lat' dir='ltr'>causa</span> <span class='ocrx_word' id='word_1_30' title='bbox 767 672 918 706; x_wconf 82' lang='lat' dir='ltr'>sanguinis</span> <span class='ocrx_word' id='word_1_31' title='bbox 929 671 1022 697; x_wconf 80' lang='lat' dir='ltr'>effusi.</span> <span class='ocrx_word' id='word_1_32' title='bbox 1038 670 1119 703; x_wconf 74' lang='lat' dir='ltr'>(Rea.</span> <span class='ocrx_word' id='word_1_33' title='bbox 1133 670 1177 704; x_wconf 82' lang='lat'>46,</span> 
     </span>
     <span class='ocr_line' id='line_1_6' title="bbox 177 726 434 757; baseline -0.016 -2"><span class='ocrx_word' id='word_1_34' title='bbox 177 737 203 755; x_wconf 89' lang='lat' dir='ltr'>c.</span> <span class='ocrx_word' id='word_1_35' title='bbox 221 728 280 757; x_wconf 81' lang='lat'>377,</span> <span class='ocrx_word' id='word_1_36' title='bbox 299 727 316 752; x_wconf 81' lang='lat' dir='ltr'>f.</span> <span class='ocrx_word' id='word_1_37' title='bbox 335 726 366 752; x_wconf 69' lang='lat'>&#39;1⁸4</span> <span class='ocrx_word' id='word_1_38' title='bbox 384 727 434 756; x_wconf 69' lang='grc' dir='ltr'>νο.)</span> 
     </span>
    </p>
   </div>
   <div class='ocr_carea' id='block_1_5' title="bbox 177 822 1180 1340">
    <p class='ocr_par' dir='ltr' id='par_1_5' title="bbox 177 822 1180 1232">
     <span class='ocr_line' id='line_1_7' title="bbox 219 822 1179 860; baseline -0.006 -4"><span class='ocrx_word' id='word_1_39' title='bbox 219 829 303 856; x_wconf 85' lang='lat' dir='ltr'>Petro</span> <span class='ocrx_word' id='word_1_40' title='bbox 320 827 353 854; x_wconf 81' lang='lat' dir='ltr'>tle</span> <span class='ocrx_word' id='word_1_41' title='bbox 369 826 460 855; x_wconf 76' lang='lat' dir='ltr'>Potito</span> <span class='ocrx_word' id='word_1_42' title='bbox 477 825 626 860; x_wconf 82' lang='lat' dir='ltr'>Bastonis,</span> <span class='ocrx_word' id='word_1_43' title='bbox 639 825 782 853; x_wconf 76' lang='lat' dir='ltr'>canonico</span> <span class='ocrx_word' id='word_1_44' title='bbox 798 823 929 859; x_wconf 80' lang='lat' dir='ltr'>Reatino,</span> <span class='ocrx_word' id='word_1_45' title='bbox 942 822 1032 860; x_wconf 91' lang='lat' dir='ltr'>cujus</span> <span class='ocrx_word' id='word_1_46' title='bbox 1047 829 1179 851; x_wconf 88' lang='lat' dir='ltr'>consan-</span> 
     </span>
     <span class='ocr_line' id='line_1_8' title="bbox 177 873 1179 917; baseline -0.006 -9"><span class='ocrx_word' id='word_1_47' title='bbox 177 879 326 917; x_wconf 81' lang='lat' dir='ltr'>guineus,</span> <span class='ocrx_word' id='word_1_48' title='bbox 344 878 423 915; x_wconf 92' lang='lat' dir='ltr'>ipso,</span> <span class='ocrx_word' id='word_1_49' title='bbox 443 881 516 906; x_wconf 90' lang='lat' dir='ltr'>tuuc</span> <span class='ocrx_word' id='word_1_50' title='bbox 529 877 661 914; x_wconf 88' lang='lat' dir='ltr'>juvene,</span> <span class='ocrx_word' id='word_1_51' title='bbox 679 875 856 908; x_wconf 81' lang='lat' dir='ltr'>assistente,</span> <span class='ocrx_word' id='word_1_52' title='bbox 873 873 1044 912; x_wconf 83' lang='lat' dir='ltr'>quemdam</span> <span class='ocrx_word' id='word_1_53' title='bbox 1062 878 1179 903; x_wconf 88' lang='lat' dir='ltr'>morta-</span> 
     </span>
     <span class='ocr_line' id='line_1_9' title="bbox 178 926 1180 968; baseline -0.004 -9"><span class='ocrx_word' id='word_1_54' title='bbox 178 931 250 960; x_wconf 88' lang='lat' dir='ltr'>liter</span> <span class='ocrx_word' id='word_1_55' title='bbox 267 930 431 968; x_wconf 79' lang='lat' dir='ltr'>percussit,</span> <span class='ocrx_word' id='word_1_56' title='bbox 450 929 594 967; x_wconf 81' lang='lat' dir='ltr'>indulget</span> <span class='ocrx_word' id='word_1_57' title='bbox 613 933 646 958; x_wconf 92' lang='lat' dir='ltr'>ut</span> <span class='ocrx_word' id='word_1_58' title='bbox 667 927 879 968; x_wconf 89' lang='lat' dir='ltr'>praebendam</span> <span class='ocrx_word' id='word_1_59' title='bbox 900 926 1052 957; x_wconf 88' lang='lat' dir='ltr'>ecclesiae</span> <span class='ocrx_word' id='word_1_60' title='bbox 1069 926 1180 955; x_wconf 84' lang='lat' dir='ltr'>Reati-</span> 
     </span>
     <span class='ocr_line' id='line_1_10' title="bbox 178 979 1180 1018; baseline -0.004 -5"><span class='ocrx_word' id='word_1_61' title='bbox 178 993 237 1014; x_wconf 89' lang='lat' dir='ltr'>nae</span> <span class='ocrx_word' id='word_1_62' title='bbox 253 988 282 1014; x_wconf 89' lang='lat' dir='ltr'>et</span> <span class='ocrx_word' id='word_1_63' title='bbox 301 983 439 1013; x_wconf 79' lang='lat' dir='ltr'>ruralem</span> <span class='ocrx_word' id='word_1_64' title='bbox 457 982 623 1012; x_wconf 86' lang='lat' dir='ltr'>ecclesiam</span> <span class='ocrx_word' id='word_1_65' title='bbox 644 981 777 1012; x_wconf 84' lang='lat' dir='ltr'>Sanctae</span> <span class='ocrx_word' id='word_1_66' title='bbox 792 982 903 1011; x_wconf 85' lang='lat' dir='ltr'>Justae</span> <span class='ocrx_word' id='word_1_67' title='bbox 918 980 956 1010; x_wconf 90' lang='lat' dir='ltr'>de</span> <span class='ocrx_word' id='word_1_68' title='bbox 973 979 1092 1018; x_wconf 88' lang='lat' dir='ltr'>Campo</span> <span class='ocrx_word' id='word_1_69' title='bbox 1110 980 1180 1010; x_wconf 91' lang='lat' dir='ltr'>Mu-</span> 
     </span>
     <span class='ocr_line' id='line_1_11' title="bbox 178 1033 1180 1075; baseline -0.005 -8"><span class='ocrx_word' id='word_1_70' title='bbox 178 1038 256 1073; x_wconf 81' lang='lat' dir='ltr'>tine,</span> <span class='ocrx_word' id='word_1_71' title='bbox 274 1038 342 1066; x_wconf 89' lang='lat' dir='ltr'>sine</span> <span class='ocrx_word' id='word_1_72' title='bbox 360 1045 446 1072; x_wconf 81' lang='lat' dir='ltr'>cura,</span> <span class='ocrx_word' id='word_1_73' title='bbox 466 1036 655 1075; x_wconf 89' lang='lat' dir='ltr'>Spoletanae</span> <span class='ocrx_word' id='word_1_74' title='bbox 674 1035 840 1070; x_wconf 82' lang='lat' dir='ltr'>dioecesis,</span> <span class='ocrx_word' id='word_1_75' title='bbox 858 1043 937 1073; x_wconf 87' lang='lat' dir='ltr'>quas</span> <span class='ocrx_word' id='word_1_76' title='bbox 953 1034 1085 1070; x_wconf 90' lang='lat' dir='ltr'>obtinet,</span> <span class='ocrx_word' id='word_1_77' title='bbox 1103 1033 1180 1063; x_wconf 93' lang='lat' dir='ltr'>dum</span> 
     </span>
     <span class='ocr_line' id='line_1_12' title="bbox 178 1086 1180 1127; baseline -0.004 -7"><span class='ocrx_word' id='word_1_78' title='bbox 178 1089 368 1120; x_wconf 83' lang='lat' dir='ltr'>clericaliter</span> <span class='ocrx_word' id='word_1_79' title='bbox 383 1090 506 1125; x_wconf 85' lang='lat' dir='ltr'>vixerit,</span> <span class='ocrx_word' id='word_1_80' title='bbox 521 1093 673 1127; x_wconf 89' lang='lat' dir='ltr'>tanquam</span> <span class='ocrx_word' id='word_1_81' title='bbox 691 1088 885 1127; x_wconf 80' lang='lat' dir='ltr'>stipendium</span> <span class='ocrx_word' id='word_1_82' title='bbox 899 1087 938 1117; x_wconf 89' lang='lat' dir='ltr'>ab</span> <span class='ocrx_word' id='word_1_83' title='bbox 951 1087 1084 1117; x_wconf 85' lang='lat' dir='ltr'>ecclesia</span> <span class='ocrx_word' id='word_1_84' title='bbox 1095 1086 1180 1117; x_wconf 87' lang='lat' dir='ltr'>licite</span> 
     </span>
     <span class='ocr_line' id='line_1_13' title="bbox 178 1140 1180 1179; baseline -0.004 -6"><span class='ocrx_word' id='word_1_85' title='bbox 178 1143 316 1174; x_wconf 83' lang='lat' dir='ltr'>retinere</span> <span class='ocrx_word' id='word_1_86' title='bbox 339 1142 457 1174; x_wconf 86' lang='lat' dir='ltr'>valeat:</span> <span class='ocrx_word' id='word_1_87' title='bbox 478 1141 667 1179; x_wconf 79' lang='lat' dir='ltr'>inhibetque</span> <span class='ocrx_word' id='word_1_88' title='bbox 692 1141 737 1177; x_wconf 88' lang='lat' dir='ltr'>ei,</span> <span class='ocrx_word' id='word_1_89' title='bbox 762 1140 797 1169; x_wconf 91' lang='lat' dir='ltr'>in</span> <span class='ocrx_word' id='word_1_90' title='bbox 817 1140 996 1170; x_wconf 83' lang='lat' dir='ltr'>minoribus</span> <span class='ocrx_word' id='word_1_91' title='bbox 1013 1140 1180 1170; x_wconf 86' lang='lat' dir='ltr'>ordinibus</span> 
     </span>
     <span class='ocr_line' id='line_1_14' title="bbox 178 1193 853 1232; baseline -0.004 -6"><span class='ocrx_word' id='word_1_92' title='bbox 178 1196 357 1231; x_wconf 81' lang='lat' dir='ltr'>constituto,</span> <span class='ocrx_word' id='word_1_93' title='bbox 377 1204 417 1225; x_wconf 90' lang='lat' dir='ltr'>ne</span> <span class='ocrx_word' id='word_1_94' title='bbox 432 1203 535 1225; x_wconf 91' lang='lat' dir='ltr'>sacros</span> <span class='ocrx_word' id='word_1_95' title='bbox 548 1194 676 1224; x_wconf 83' lang='lat' dir='ltr'>ordines</span> <span class='ocrx_word' id='word_1_96' title='bbox 691 1193 853 1232; x_wconf 88' lang='lat' dir='ltr'>suscipiat.</span> 
     </span>
    </p>

    <p class='ocr_par' dir='ltr' id='par_1_6' title="bbox 180 1246 1178 1340">
     <span class='ocr_line' id='line_1_15' title="bbox 223 1246 1178 1288; baseline 0 -12"><span class='ocrx_word' id='word_1_97' title='bbox 223 1261 235 1276; x_wconf 73' lang='grc' dir='ltr'>ι</span> <span class='ocrx_word' id='word_1_98' title='bbox 260 1249 406 1288; x_wconf 85' lang='lat' dir='ltr'>Exposite</span> <span class='ocrx_word' id='word_1_99' title='bbox 428 1249 518 1278; x_wconf 85' lang='lat' dir='ltr'>uobis</span> <span class='ocrx_word' id='word_1_100' title='bbox 536 1247 735 1286; x_wconf 88' lang='lat' dir='ltr'>petitionis...</span> <span class='ocrx_word' id='word_1_101' title='bbox 755 1264 793 1269; x_wconf 94' lang='lat'><strong>—</strong></span> <span class='ocrx_word' id='word_1_102' title='bbox 812 1247 883 1276; x_wconf 89' lang='lat' dir='ltr'>Dat.</span> <span class='ocrx_word' id='word_1_103' title='bbox 902 1246 985 1285; x_wconf 87' lang='lat' dir='ltr'>apud</span> <span class='ocrx_word' id='word_1_104' title='bbox 1002 1246 1178 1277; x_wconf 89' lang='lat' dir='ltr'>Urbemve-</span> 
     </span>
     <span class='ocr_line' id='line_1_16' title="bbox 180 1301 780 1340; baseline -0.005 -8"><span class='ocrx_word' id='word_1_105' title='bbox 180 1306 288 1338; x_wconf 80' lang='lat' dir='ltr'>terem,</span> <span class='ocrx_word' id='word_1_106' title='bbox 304 1302 410 1332; x_wconf 88' lang='lat' dir='ltr'>idibus</span> <span class='ocrx_word' id='word_1_107' title='bbox 422 1301 507 1340; x_wconf 88' lang='lat' dir='ltr'>julii,</span> <span class='ocrx_word' id='word_1_108' title='bbox 524 1309 610 1331; x_wconf 87' lang='lat' dir='ltr'>anno</span> <span class='ocrx_word' id='word_1_109' title='bbox 625 1305 747 1339; x_wconf 86' lang='lat' dir='ltr'>quarto.</span> <span class='ocrx_word' id='word_1_110' title='bbox 767 1313 780 1326; x_wconf 67' lang='lat'>&gt;1</span> 
     </span>
    </p>
   </div>
   <div class='ocr_carea' id='block_1_6' title="bbox 251 1479 1108 1514">
    <p class='ocr_par' dir='ltr' id='par_1_7' title="bbox 251 1479 1108 1514">
     <span class='ocr_line' id='line_1_17' title="bbox 251 1479 1108 1514; baseline -0.002 -5"><span class='ocrx_word' id='word_1_111' title='bbox 251 1481 364 1509; x_wconf 58' lang='lat'>5231</span> <span class='ocrx_word' id='word_1_112' title='bbox 731 1479 856 1510; x_wconf 81' lang='lat' dir='ltr'>Orvieto,</span> <span class='ocrx_word' id='word_1_113' title='bbox 875 1480 904 1506; x_wconf 82' lang='lat'>11</span> <span class='ocrx_word' id='word_1_114' title='bbox 918 1480 1015 1514; x_wconf 87' lang='lat' dir='ltr'>juillet</span> <span class='ocrx_word' id='word_1_115' title='bbox 1031 1479 1108 1507; x_wconf 73' lang='lat'>1291.</span> 
     </span>
    </p>
   </div>
   <div class='ocr_carea' id='block_1_7' title="bbox 179 1541 1183 1720">
    <p class='ocr_par' dir='ltr' id='par_1_8' title="bbox 179 1541 1183 1720">
     <span class='ocr_line' id='line_1_18' title="bbox 217 1541 1183 1577; baseline 0.001 -8"><span class='ocrx_word' id='word_1_116' title='bbox 217 1543 388 1569; x_wconf 82' lang='lat' dir='ltr'>Permutatio</span> <span class='ocrx_word' id='word_1_117' title='bbox 412 1543 628 1577; x_wconf 86' lang='lat' dir='ltr'>possessionum</span> <span class='ocrx_word' id='word_1_118' title='bbox 652 1543 724 1568; x_wconf 89' lang='lat' dir='ltr'>inter</span> <span class='ocrx_word' id='word_1_119' title='bbox 742 1542 947 1568; x_wconf 87' lang='lat' dir='ltr'>monasterium</span> <span class='ocrx_word' id='word_1_120' title='bbox 968 1541 1090 1569; x_wconf 80' lang='lat' dir='ltr'>Sanctae</span> <span class='ocrx_word' id='word_1_121' title='bbox 1109 1542 1183 1570; x_wconf 86' lang='lat' dir='ltr'>Cru-</span> 
     </span>
     <span class='ocr_line' id='line_1_19' title="bbox 179 1591 1181 1625; baseline 0 -6"><span class='ocrx_word' id='word_1_122' title='bbox 179 1594 222 1619; x_wconf 87' lang='lat' dir='ltr'>cis</span> <span class='ocrx_word' id='word_1_123' title='bbox 246 1591 344 1618; x_wconf 81' lang='lat' dir='ltr'>Fontis</span> <span class='ocrx_word' id='word_1_124' title='bbox 365 1592 536 1622; x_wconf 80' lang='lat' dir='ltr'>Avellanae,</span> <span class='ocrx_word' id='word_1_125' title='bbox 556 1591 724 1625; x_wconf 84' lang='lat' dir='ltr'>Eugubinae</span> <span class='ocrx_word' id='word_1_126' title='bbox 744 1591 903 1624; x_wconf 86' lang='lat' dir='ltr'>dioecesis,</span> <span class='ocrx_word' id='word_1_127' title='bbox 926 1596 954 1618; x_wconf 90' lang='lat' dir='ltr'>et</span> <span class='ocrx_word' id='word_1_128' title='bbox 975 1593 1181 1620; x_wconf 86' lang='lat' dir='ltr'>monasterium</span> 
     </span>
     <span class='ocr_line' id='line_1_20' title="bbox 180 1639 1181 1676; baseline 0 -8"><span class='ocrx_word' id='word_1_129' title='bbox 180 1640 277 1668; x_wconf 80' lang='lat' dir='ltr'>Sancti</span> <span class='ocrx_word' id='word_1_130' title='bbox 292 1640 422 1667; x_wconf 81' lang='lat' dir='ltr'>Silvestri</span> <span class='ocrx_word' id='word_1_131' title='bbox 439 1640 473 1666; x_wconf 88' lang='lat' dir='ltr'>de</span> <span class='ocrx_word' id='word_1_132' title='bbox 489 1640 660 1671; x_wconf 80' lang='lat' dir='ltr'>Nonantula‚</span> <span class='ocrx_word' id='word_1_133' title='bbox 681 1639 852 1666; x_wconf 84' lang='lat' dir='ltr'>Mutinensis</span> <span class='ocrx_word' id='word_1_134' title='bbox 868 1640 1020 1667; x_wconf 88' lang='lat' dir='ltr'>dioecesis.</span> <span class='ocrx_word' id='word_1_135' title='bbox 1036 1641 1120 1674; x_wconf 66' lang='lat' dir='ltr'>(Rae.</span> <span class='ocrx_word' id='word_1_136' title='bbox 1137 1641 1181 1676; x_wconf 80' lang='lat'>46,</span> 
     </span>
     <span class='ocr_line' id='line_1_21' title="bbox 180 1690 1141 1720; baseline 0 -3"><span class='ocrx_word' id='word_1_137' title='bbox 180 1698 205 1717; x_wconf 87' lang='lat' dir='ltr'>c.</span> <span class='ocrx_word' id='word_1_138' title='bbox 223 1690 282 1720; x_wconf 82' lang='lat'>378.</span> <span class='ocrx_word' id='word_1_139' title='bbox 298 1690 316 1715; x_wconf 77' lang='lat' dir='ltr'>f.</span> <span class='ocrx_word' id='word_1_140' title='bbox 334 1690 366 1715; x_wconf 75' lang='lat'>74</span> <span class='ocrx_word' id='word_1_141' title='bbox 382 1692 432 1720; x_wconf 73' lang='grc' dir='ltr'><strong>νῦ.)</strong></span> <span class='ocrx_word' id='word_1_142' title='bbox 1138 1692 1141 1694; x_wconf 87' lang='grc'><em>“</em></span> 
     </span>
    </p>
   </div>
   <div class='ocr_carea' id='block_1_8' title="bbox 179 1794 1187 2566">
    <p class='ocr_par' dir='ltr' id='par_1_9' title="bbox 179 1794 1187 2566">
     <span class='ocr_line' id='line_1_22' title="bbox 221 1794 1184 1831; baseline 0.002 -8"><span class='ocrx_word' id='word_1_143' title='bbox 221 1795 329 1824; x_wconf 77' lang='lat' dir='ltr'>Dilecto</span> <span class='ocrx_word' id='word_1_144' title='bbox 347 1794 411 1831; x_wconf 80' lang='lat' dir='ltr'>filio</span> <span class='ocrx_word' id='word_1_145' title='bbox 430 1817 448 1822; x_wconf 91' lang='lat'>..</span> <span class='ocrx_word' id='word_1_146' title='bbox 465 1794 570 1824; x_wconf 74' lang='lat' dir='ltr'>Sancti</span> <span class='ocrx_word' id='word_1_147' title='bbox 588 1794 696 1830; x_wconf 69' lang='lat' dir='ltr'>Anqett</span> <span class='ocrx_word' id='word_1_148' title='bbox 711 1795 744 1823; x_wconf 86' lang='lat' dir='ltr'>de</span> <span class='ocrx_word' id='word_1_149' title='bbox 762 1795 920 1824; x_wconf 85' lang='lat' dir='ltr'>Classerna</span> <span class='ocrx_word' id='word_1_150' title='bbox 940 1800 966 1824; x_wconf 86' lang='lat' dir='ltr'>et</span> <span class='ocrx_word' id='word_1_151' title='bbox 984 1818 1004 1824; x_wconf 92' lang='lat'>..</span> <span class='ocrx_word' id='word_1_152' title='bbox 1025 1795 1058 1824; x_wconf 86' lang='lat' dir='ltr'>de</span> <span class='ocrx_word' id='word_1_153' title='bbox 1075 1795 1184 1825; x_wconf 77' lang='lat' dir='ltr'>Sancto</span> 
     </span>
     <span class='ocr_line' id='line_1_23' title="bbox 180 1846 1183 1884; baseline 0.002 -9"><span class='ocrx_word' id='word_1_154' title='bbox 180 1847 316 1882; x_wconf 77' lang='lat' dir='ltr'>Mitiano,</span> <span class='ocrx_word' id='word_1_155' title='bbox 331 1847 486 1884; x_wconf 72' lang='lat' dir='ltr'>Euqubt&#39;ne</span> <span class='ocrx_word' id='word_1_156' title='bbox 501 1846 632 1883; x_wconf 72' lang='lat' dir='ltr'>diocesis,</span> <span class='ocrx_word' id='word_1_157' title='bbox 647 1848 903 1876; x_wconf 76' lang='lat' dir='ltr'>monasteriorum</span> <span class='ocrx_word' id='word_1_158' title='bbox 919 1848 1073 1877; x_wconf 77' lang='lat' dir='ltr'>abbatibus</span> <span class='ocrx_word' id='word_1_159' title='bbox 1090 1856 1183 1877; x_wconf 88' lang='lat' dir='ltr'>man-</span> 
     </span>
     <span class='ocr_line' id='line_1_24' title="bbox 180 1899 1183 1938; baseline 0 -8"><span class='ocrx_word' id='word_1_160' title='bbox 180 1900 232 1930; x_wconf 91' lang='lat' dir='ltr'>dat</span> <span class='ocrx_word' id='word_1_161' title='bbox 247 1904 282 1929; x_wconf 91' lang='lat' dir='ltr'>ut</span> <span class='ocrx_word' id='word_1_162' title='bbox 299 1923 318 1930; x_wconf 93' lang='lat'>..</span> <span class='ocrx_word' id='word_1_163' title='bbox 336 1899 433 1938; x_wconf 88' lang='lat' dir='ltr'>priori</span> <span class='ocrx_word' id='word_1_164' title='bbox 454 1899 642 1929; x_wconf 83' lang='lat' dir='ltr'>monasterii</span> <span class='ocrx_word' id='word_1_165' title='bbox 665 1900 799 1930; x_wconf 82' lang='lat' dir='ltr'>Sanctae</span> <span class='ocrx_word' id='word_1_166' title='bbox 817 1899 930 1930; x_wconf 83' lang='lat' dir='ltr'>Crucis</span> <span class='ocrx_word' id='word_1_167' title='bbox 953 1901 1063 1931; x_wconf 81' lang='lat' dir='ltr'>Fontis</span> <span class='ocrx_word' id='word_1_168' title='bbox 1087 1901 1183 1931; x_wconf 92' lang='lat' dir='ltr'>Avel-</span> 
     </span>
     <span class='ocr_line' id='line_1_25' title="bbox 179 1953 1184 1991; baseline 0.003 -9"><span class='ocrx_word' id='word_1_169' title='bbox 179 1953 262 1989; x_wconf 90' lang='lat' dir='ltr'>lani,</span> <span class='ocrx_word' id='word_1_170' title='bbox 282 1962 336 1991; x_wconf 89' lang='lat' dir='ltr'>per</span> <span class='ocrx_word' id='word_1_171' title='bbox 356 1953 491 1991; x_wconf 83' lang='lat' dir='ltr'>priorem</span> <span class='ocrx_word' id='word_1_172' title='bbox 509 1953 596 1983; x_wconf 86' lang='lat' dir='ltr'>soliti</span> <span class='ocrx_word' id='word_1_173' title='bbox 620 1953 804 1991; x_wconf 83' lang='lat' dir='ltr'>gubernari,</span> <span class='ocrx_word' id='word_1_174' title='bbox 829 1953 868 1983; x_wconf 87' lang='lat' dir='ltr'>ad</span> <span class='ocrx_word' id='word_1_175' title='bbox 892 1962 1060 1984; x_wconf 83' lang='lat' dir='ltr'>romanam</span> <span class='ocrx_word' id='word_1_176' title='bbox 1084 1955 1184 1985; x_wconf 84' lang='lat' dir='ltr'>eccle—</span> 
     </span>
     <span class='ocr_line' id='line_1_26' title="bbox 180 2005 1185 2045; baseline 0.003 -10"><span class='ocrx_word' id='word_1_177' title='bbox 180 2006 261 2036; x_wconf 80' lang='lat' dir='ltr'>siam</span> <span class='ocrx_word' id='word_1_178' title='bbox 281 2005 370 2036; x_wconf 92' lang='lat' dir='ltr'>nullo</span> <span class='ocrx_word' id='word_1_179' title='bbox 388 2006 493 2036; x_wconf 89' lang='lat' dir='ltr'>medio</span> <span class='ocrx_word' id='word_1_180' title='bbox 512 2006 714 2044; x_wconf 87' lang='lat' dir='ltr'>pertinentis,</span> <span class='ocrx_word' id='word_1_181' title='bbox 734 2007 856 2037; x_wconf 87' lang='lat' dir='ltr'>ordinis</span> <span class='ocrx_word' id='word_1_182' title='bbox 875 2007 906 2037; x_wconf 88' lang='lat' dir='ltr'>S.</span> <span class='ocrx_word' id='word_1_183' title='bbox 925 2007 1100 2045; x_wconf 80' lang='lat' dir='ltr'>Benedicti,</span> <span class='ocrx_word' id='word_1_184' title='bbox 1119 2009 1185 2038; x_wconf 90' lang='lat' dir='ltr'>Eu-</span> 
     </span>
     <span class='ocr_line' id='line_1_27' title="bbox 179 2059 1186 2097; baseline 0.004 -9"><span class='ocrx_word' id='word_1_185' title='bbox 179 2059 320 2097; x_wconf 88' lang='lat' dir='ltr'>gubinae</span> <span class='ocrx_word' id='word_1_186' title='bbox 337 2059 500 2096; x_wconf 79' lang='lat' dir='ltr'>dioecesis,</span> <span class='ocrx_word' id='word_1_187' title='bbox 523 2059 690 2090; x_wconf 87' lang='lat' dir='ltr'>ecclesiam</span> <span class='ocrx_word' id='word_1_188' title='bbox 713 2069 804 2090; x_wconf 88' lang='lat' dir='ltr'>suam</span> <span class='ocrx_word' id='word_1_189' title='bbox 829 2060 964 2091; x_wconf 86' lang='lat' dir='ltr'>Sanctae</span> <span class='ocrx_word' id='word_1_190' title='bbox 984 2062 1128 2092; x_wconf 87' lang='lat' dir='ltr'>Marinae</span> <span class='ocrx_word' id='word_1_191' title='bbox 1147 2063 1186 2093; x_wconf 89' lang='lat' dir='ltr'>de</span> 
     </span>
     <span class='ocr_line' id='line_1_28' title="bbox 180 2112 1186 2154; baseline 0.005 -13"><span class='ocrx_word' id='word_1_192' title='bbox 180 2112 347 2148; x_wconf 84' lang='lat' dir='ltr'>Fractulis,</span> <span class='ocrx_word' id='word_1_193' title='bbox 365 2112 606 2150; x_wconf 84' lang='lat' dir='ltr'>Senogaliensis</span> <span class='ocrx_word' id='word_1_194' title='bbox 622 2113 788 2152; x_wconf 84' lang='lat' dir='ltr'>dioecesis,</span> <span class='ocrx_word' id='word_1_195' title='bbox 803 2118 834 2144; x_wconf 89' lang='lat' dir='ltr'>et</span> <span class='ocrx_word' id='word_1_196' title='bbox 849 2114 1001 2153; x_wconf 89' lang='lat' dir='ltr'>quasdam</span> <span class='ocrx_word' id='word_1_197' title='bbox 1017 2116 1186 2154; x_wconf 88' lang='lat' dir='ltr'>possessio-</span> 
     </span>
     <span class='ocr_line' id='line_1_29' title="bbox 182 2165 1183 2205; baseline 0.005 -12"><span class='ocrx_word' id='word_1_198' title='bbox 182 2173 238 2194; x_wconf 86' lang='lat' dir='ltr'>nes</span> <span class='ocrx_word' id='word_1_199' title='bbox 254 2165 286 2194; x_wconf 89' lang='lat' dir='ltr'>in</span> <span class='ocrx_word' id='word_1_200' title='bbox 306 2165 504 2195; x_wconf 83' lang='lat' dir='ltr'>Bononiensi</span> <span class='ocrx_word' id='word_1_201' title='bbox 519 2165 670 2203; x_wconf 80' lang='lat' dir='ltr'>dioecesi,</span> <span class='ocrx_word' id='word_1_202' title='bbox 690 2175 727 2196; x_wconf 81' lang='lat' dir='ltr'>ex</span> <span class='ocrx_word' id='word_1_203' title='bbox 747 2171 834 2205; x_wconf 89' lang='lat' dir='ltr'>parte</span> <span class='ocrx_word' id='word_1_204' title='bbox 851 2176 926 2202; x_wconf 82' lang='lat' dir='ltr'>una,</span> <span class='ocrx_word' id='word_1_205' title='bbox 946 2172 1028 2198; x_wconf 81' lang='lat' dir='ltr'>etex</span> <span class='ocrx_word' id='word_1_206' title='bbox 1045 2167 1144 2198; x_wconf 84' lang='lat' dir='ltr'>altera</span> <span class='ocrx_word' id='word_1_207' title='bbox 1164 2192 1183 2198; x_wconf 85' lang='lat'>..</span> 
     </span>
     <span class='ocr_line' id='line_1_30' title="bbox 181 2218 1186 2258; baseline 0.005 -11"><span class='ocrx_word' id='word_1_208' title='bbox 181 2218 433 2248; x_wconf 85' lang='lat' dir='ltr'>administratori</span> <span class='ocrx_word' id='word_1_209' title='bbox 453 2227 507 2257; x_wconf 88' lang='lat' dir='ltr'>per</span> <span class='ocrx_word' id='word_1_210' title='bbox 525 2219 633 2248; x_wconf 86' lang='lat' dir='ltr'>sedem</span> <span class='ocrx_word' id='word_1_211' title='bbox 649 2220 853 2258; x_wconf 79' lang='lat' dir='ltr'>apostolicam</span> <span class='ocrx_word' id='word_1_212' title='bbox 870 2222 1041 2252; x_wconf 89' lang='lat' dir='ltr'>constituto</span> <span class='ocrx_word' id='word_1_213' title='bbox 1057 2230 1186 2252; x_wconf 91' lang='lat' dir='ltr'>monas-</span> 
     </span>
     <span class='ocr_line' id='line_1_31' title="bbox 183 2271 1186 2310; baseline 0.005 -10"><span class='ocrx_word' id='word_1_214' title='bbox 183 2271 254 2301; x_wconf 87' lang='lat' dir='ltr'>terii</span> <span class='ocrx_word' id='word_1_215' title='bbox 274 2271 381 2301; x_wconf 85' lang='lat' dir='ltr'>Sancti</span> <span class='ocrx_word' id='word_1_216' title='bbox 400 2271 543 2301; x_wconf 64' lang='lat' dir='ltr'>silvestri</span> <span class='ocrx_word' id='word_1_217' title='bbox 562 2272 601 2301; x_wconf 90' lang='lat' dir='ltr'>de</span> <span class='ocrx_word' id='word_1_218' title='bbox 620 2273 820 2310; x_wconf 87' lang='lat' dir='ltr'>Nonantula,</span> <span class='ocrx_word' id='word_1_219' title='bbox 838 2274 877 2304; x_wconf 89' lang='lat' dir='ltr'>ad</span> <span class='ocrx_word' id='word_1_220' title='bbox 901 2283 1066 2305; x_wconf 83' lang='lat' dir='ltr'>romanam</span> <span class='ocrx_word' id='word_1_221' title='bbox 1085 2275 1186 2306; x_wconf 88' lang='lat' dir='ltr'>eccle-</span> 
     </span>
     <span class='ocr_line' id='line_1_32' title="bbox 182 2323 1185 2366; baseline 0.006 -14"><span class='ocrx_word' id='word_1_222' title='bbox 182 2323 264 2353; x_wconf 88' lang='lat' dir='ltr'>siam</span> <span class='ocrx_word' id='word_1_223' title='bbox 295 2323 383 2354; x_wconf 93' lang='lat' dir='ltr'>nullo</span> <span class='ocrx_word' id='word_1_224' title='bbox 412 2324 518 2354; x_wconf 86' lang='lat' dir='ltr'>medio</span> <span class='ocrx_word' id='word_1_225' title='bbox 550 2326 754 2364; x_wconf 83' lang='lat' dir='ltr'>pertinentis,</span> <span class='ocrx_word' id='word_1_226' title='bbox 785 2327 908 2358; x_wconf 89' lang='lat' dir='ltr'>ordinis</span> <span class='ocrx_word' id='word_1_227' title='bbox 942 2327 974 2358; x_wconf 94' lang='lat' dir='ltr'>S.</span> <span class='ocrx_word' id='word_1_228' title='bbox 1002 2328 1185 2366; x_wconf 84' lang='lat' dir='ltr'>Benedicti,</span> 
     </span>
     <span class='ocr_line' id='line_1_33' title="bbox 183 2377 1186 2421; baseline 0.007 -15"><span class='ocrx_word' id='word_1_229' title='bbox 183 2377 378 2406; x_wconf 89' lang='lat' dir='ltr'>Mutinensis</span> <span class='ocrx_word' id='word_1_230' title='bbox 398 2378 566 2409; x_wconf 88' lang='lat' dir='ltr'>dioecesis.</span> <span class='ocrx_word' id='word_1_231' title='bbox 587 2378 666 2408; x_wconf 90' lang='lat' dir='ltr'>duas</span> <span class='ocrx_word' id='word_1_232' title='bbox 682 2389 754 2409; x_wconf 90' lang='lat' dir='ltr'>suas</span> <span class='ocrx_word' id='word_1_233' title='bbox 778 2380 941 2417; x_wconf 87' lang='lat' dir='ltr'>ecclesias,</span> <span class='ocrx_word' id='word_1_234' title='bbox 962 2391 1098 2421; x_wconf 82' lang='lat' dir='ltr'>quarum</span> <span class='ocrx_word' id='word_1_235' title='bbox 1122 2391 1186 2413; x_wconf 90' lang='lat' dir='ltr'>una</span> 
     </span>
     <span class='ocr_line' id='line_1_34' title="bbox 183 2429 1187 2470; baseline 0.008 -12"><span class='ocrx_word' id='word_1_236' title='bbox 183 2429 340 2468; x_wconf 85' lang='lat' dir='ltr'>dependet</span> <span class='ocrx_word' id='word_1_237' title='bbox 353 2431 393 2459; x_wconf 88' lang='lat' dir='ltr'>ab</span> <span class='ocrx_word' id='word_1_238' title='bbox 408 2429 516 2466; x_wconf 81' lang='lat' dir='ltr'>altera,</span> <span class='ocrx_word' id='word_1_239' title='bbox 532 2432 641 2461; x_wconf 78' lang='lat' dir='ltr'>Sancti</span> <span class='ocrx_word' id='word_1_240' title='bbox 658 2432 809 2463; x_wconf 86' lang='lat' dir='ltr'>Habundi</span> <span class='ocrx_word' id='word_1_241' title='bbox 824 2439 958 2470; x_wconf 80' lang='lat' dir='ltr'>vocatas,</span> <span class='ocrx_word' id='word_1_242' title='bbox 972 2434 1007 2464; x_wconf 88' lang='lat' dir='ltr'>in</span> <span class='ocrx_word' id='word_1_243' title='bbox 1023 2434 1090 2465; x_wconf 90' lang='lat' dir='ltr'>loco</span> <span class='ocrx_word' id='word_1_244' title='bbox 1104 2435 1187 2466; x_wconf 85' lang='lat' dir='ltr'>dicto</span> 
     </span>
     <span class='ocr_line' id='line_1_35' title="bbox 183 2482 1187 2527; baseline 0.008 -16"><span class='ocrx_word' id='word_1_245' title='bbox 183 2482 222 2512; x_wconf 89' lang='lat' dir='ltr'>de</span> <span class='ocrx_word' id='word_1_246' title='bbox 239 2482 347 2519; x_wconf 83' lang='lat' dir='ltr'>Serra,</span> <span class='ocrx_word' id='word_1_247' title='bbox 366 2484 555 2521; x_wconf 81' lang='lat' dir='ltr'>Eugubinae</span> <span class='ocrx_word' id='word_1_248' title='bbox 572 2485 744 2523; x_wconf 77' lang='lat' dir='ltr'>dioecesis,</span> <span class='ocrx_word' id='word_1_249' title='bbox 762 2486 800 2516; x_wconf 89' lang='lat' dir='ltr'>ad</span> <span class='ocrx_word' id='word_1_250' title='bbox 821 2487 960 2517; x_wconf 89' lang='lat' dir='ltr'>invicem</span> <span class='ocrx_word' id='word_1_251' title='bbox 984 2489 1187 2527; x_wconf 88' lang='lat' dir='ltr'>permutandi</span> 
     </span>
     <span class='ocr_line' id='line_1_36' title="bbox 184 2534 528 2566; baseline 0.006 -2"><span class='ocrx_word' id='word_1_252' title='bbox 184 2534 347 2565; x_wconf 85' lang='lat' dir='ltr'>licentiam</span> <span class='ocrx_word' id='word_1_253' title='bbox 367 2537 528 2566; x_wconf 86' lang='lat' dir='ltr'>concedat.</span> 
     </span>
    </p>
   </div>
   <div class='ocr_carea' id='block_1_9' title="bbox 184 2589 1186 2683">
    <p class='ocr_par' dir='ltr' id='par_1_10' title="bbox 184 2589 1186 2683">
     <span class='ocr_line' id='line_1_37' title="bbox 227 2589 1186 2633; baseline 0.01 -17"><span class='ocrx_word' id='word_1_254' title='bbox 227 2600 241 2615; x_wconf 87' lang='lat'>«</span> <span class='ocrx_word' id='word_1_255' title='bbox 266 2589 310 2618; x_wconf 82' lang='lat' dir='ltr'>Ex</span> <span class='ocrx_word' id='word_1_256' title='bbox 327 2593 413 2628; x_wconf 88' lang='lat' dir='ltr'>parte</span> <span class='ocrx_word' id='word_1_257' title='bbox 432 2589 658 2622; x_wconf 87' lang='lat' dir='ltr'>dilectorum...</span> <span class='ocrx_word' id='word_1_258' title='bbox 672 2608 710 2613; x_wconf 90' lang='lat'>—</span> <span class='ocrx_word' id='word_1_259' title='bbox 726 2592 795 2622; x_wconf 84' lang='lat' dir='ltr'>Dat.</span> <span class='ocrx_word' id='word_1_260' title='bbox 811 2594 893 2631; x_wconf 83' lang='lat' dir='ltr'>apud</span> <span class='ocrx_word' id='word_1_261' title='bbox 912 2594 1186 2633; x_wconf 85' lang='lat' dir='ltr'>Urbemveterem,</span> 
     </span>
     <span class='ocr_line' id='line_1_38' title="bbox 184 2642 677 2683; baseline 0.006 -12"><span class='ocrx_word' id='word_1_262' title='bbox 184 2651 204 2671; x_wconf 87' lang='lat' dir='ltr'>v</span> <span class='ocrx_word' id='word_1_263' title='bbox 222 2642 293 2672; x_wconf 88' lang='lat' dir='ltr'>idus</span> <span class='ocrx_word' id='word_1_264' title='bbox 308 2643 399 2681; x_wconf 87' lang='lat' dir='ltr'>julii,</span> <span class='ocrx_word' id='word_1_265' title='bbox 418 2652 502 2674; x_wconf 88' lang='lat' dir='ltr'>anno</span> <span class='ocrx_word' id='word_1_266' title='bbox 519 2650 640 2683; x_wconf 85' lang='lat' dir='ltr'>quarto.</span> <span class='ocrx_word' id='word_1_267' title='bbox 664 2658 677 2671; x_wconf 82' lang='lat'>»</span> 
     </span>
    </p>
   </div>
   <div class='ocr_carea' id='block_1_10' title="bbox 222 2815 1115 2914">
    <p class='ocr_par' dir='ltr' id='par_1_11' title="bbox 222 2815 1115 2914">
     <span class='ocr_line' id='line_1_39' title="bbox 256 2815 1115 2855; baseline 0.008 -13"><span class='ocrx_word' id='word_1_268' title='bbox 256 2815 509 2844; x_wconf 53' lang='lat' dir='ltr'>zaza-5236</span> <span class='ocrx_word' id='word_1_269' title='bbox 741 2818 865 2847; x_wconf 77' lang='lat' dir='ltr'>Orvieto,</span> <span class='ocrx_word' id='word_1_270' title='bbox 883 2820 916 2846; x_wconf 69' lang='lat'>28</span> <span class='ocrx_word' id='word_1_271' title='bbox 928 2822 1023 2855; x_wconf 76' lang='lat' dir='ltr'>Juillet</span> <span class='ocrx_word' id='word_1_272' title='bbox 1039 2822 1115 2849; x_wconf 61' lang='lat'>1291.</span> 
     </span>
     <span class='ocr_line' id='line_1_40' title="bbox 222 2875 868 2914; baseline 0.009 -13"><span class='ocrx_word' id='word_1_273' title='bbox 222 2875 429 2911; x_wconf 83' lang='lat' dir='ltr'>Indulgentiae.</span> <span class='ocrx_word' id='word_1_274' title='bbox 449 2877 530 2907; x_wconf 73' lang='lat' dir='ltr'>(Rau.</span> <span class='ocrx_word' id='word_1_275' title='bbox 548 2878 590 2909; x_wconf 74' lang='lat'>45,</span> <span class='ocrx_word' id='word_1_276' title='bbox 607 2887 632 2905; x_wconf 93' lang='lat' dir='ltr'>c.</span> <span class='ocrx_word' id='word_1_277' title='bbox 652 2880 713 2913; x_wconf 83' lang='lat'>379,</span> <span class='ocrx_word' id='word_1_278' title='bbox 730 2881 748 2906; x_wconf 80' lang='lat' dir='ltr'>s.</span> <span class='ocrx_word' id='word_1_279' title='bbox 767 2881 798 2907; x_wconf 72' lang='lat' dir='ltr'>‘Isi</span> <span class='ocrx_word' id='word_1_280' title='bbox 819 2884 868 2914; x_wconf 71' lang='grc' dir='ltr'>νῦ.)</span> 
     </span>
    </p>
   </div>
   <div class='ocr_carea' id='block_1_11' title="bbox 229 2979 1186 3024">
    <p class='ocr_par' dir='ltr' id='par_1_12' title="bbox 229 2979 1186 3024">
     <span class='ocr_line' id='line_1_41' title="bbox 229 2979 1186 3024; baseline 0.013 -18"><span class='ocrx_word' id='word_1_281' title='bbox 229 2979 380 3008; x_wconf 68' lang='lat' dir='ltr'>[snit-ersis</span> <span class='ocrx_word' id='word_1_282' title='bbox 399 2980 511 3010; x_wconf 75' lang='lat' dir='ltr'>Christi</span> <span class='ocrx_word' id='word_1_283' title='bbox 533 2982 671 3017; x_wconf 76' lang='lat' dir='ltr'>fidelibus</span> <span class='ocrx_word' id='word_1_284' title='bbox 690 2989 837 3021; x_wconf 75' lang='lat' dir='ltr'>presentes</span> <span class='ocrx_word' id='word_1_285' title='bbox 860 2985 976 3015; x_wconf 76' lang='lat' dir='ltr'>litteras</span> <span class='ocrx_word' id='word_1_286' title='bbox 997 2986 1186 3024; x_wconf 80' lang='lat' dir='ltr'>inspecturis.</span> 
     </span>
    </p>
   </div>
   <div class='ocr_carea' id='block_1_12' title="bbox 1258 372 2268 729">
    <p class='ocr_par' dir='ltr' id='par_1_13' title="bbox 1258 372 2266 624">
     <span class='ocr_line' id='line_1_42' title="bbox 1258 372 2263 413; baseline -0.004 -8"><span class='ocrx_word' id='word_1_287' title='bbox 1258 375 1498 413; x_wconf 83' lang='lat' dir='ltr'>Indulgentiam</span> <span class='ocrx_word' id='word_1_288' title='bbox 1516 374 1613 404; x_wconf 90' lang='lat' dir='ltr'>unius</span> <span class='ocrx_word' id='word_1_289' title='bbox 1634 374 1713 404; x_wconf 89' lang='lat' dir='ltr'>anni</span> <span class='ocrx_word' id='word_1_290' title='bbox 1729 377 1759 403; x_wconf 91' lang='lat' dir='ltr'>et</span> <span class='ocrx_word' id='word_1_291' title='bbox 1774 383 1811 402; x_wconf 72' lang='lat' dir='ltr'>xr.</span> <span class='ocrx_word' id='word_1_292' title='bbox 1827 372 1952 403; x_wconf 90' lang='lat' dir='ltr'>dierum</span> <span class='ocrx_word' id='word_1_293' title='bbox 1969 372 2114 402; x_wconf 84' lang='lat' dir='ltr'>concedit</span> <span class='ocrx_word' id='word_1_294' title='bbox 2128 372 2263 402; x_wconf 83' lang='lat' dir='ltr'>visitan-</span> 
     </span>
     <span class='ocr_line' id='line_1_43' title="bbox 1259 425 2263 463; baseline -0.002 -5"><span class='ocrx_word' id='word_1_295' title='bbox 1259 428 1343 458; x_wconf 85' lang='lat' dir='ltr'>tibus</span> <span class='ocrx_word' id='word_1_296' title='bbox 1359 427 1528 457; x_wconf 86' lang='lat' dir='ltr'>ecclesiam</span> <span class='ocrx_word' id='word_1_297' title='bbox 1544 426 1654 456; x_wconf 87' lang='lat' dir='ltr'>Sancti</span> <span class='ocrx_word' id='word_1_298' title='bbox 1671 426 1698 456; x_wconf 93' lang='lat' dir='ltr'>N</span> <span class='ocrx_word' id='word_1_299' title='bbox 1704 425 1797 456; x_wconf 86' lang='lat' dir='ltr'>icolai</span> <span class='ocrx_word' id='word_1_300' title='bbox 1813 425 1851 455; x_wconf 90' lang='lat' dir='ltr'>de</span> <span class='ocrx_word' id='word_1_301' title='bbox 1869 425 2054 463; x_wconf 82' lang='lat' dir='ltr'>Villaregia‚</span> <span class='ocrx_word' id='word_1_302' title='bbox 2070 425 2263 456; x_wconf 87' lang='lat' dir='ltr'>Ambianen-</span> 
     </span>
     <span class='ocr_line' id='line_1_44' title="bbox 1259 477 2265 518; baseline -0.001 -8"><span class='ocrx_word' id='word_1_303' title='bbox 1259 481 1302 510; x_wconf 90' lang='lat' dir='ltr'>sis</span> <span class='ocrx_word' id='word_1_304' title='bbox 1326 480 1489 515; x_wconf 89' lang='lat' dir='ltr'>dioecesis,</span> <span class='ocrx_word' id='word_1_305' title='bbox 1514 479 1548 509; x_wconf 90' lang='lat' dir='ltr'>in</span> <span class='ocrx_word' id='word_1_306' title='bbox 1568 479 1710 518; x_wconf 88' lang='lat' dir='ltr'>ejusdem</span> <span class='ocrx_word' id='word_1_307' title='bbox 1729 478 1848 514; x_wconf 88' lang='lat' dir='ltr'>sancti,</span> <span class='ocrx_word' id='word_1_308' title='bbox 1865 482 2002 516; x_wconf 86' lang='lat' dir='ltr'>quatuor</span> <span class='ocrx_word' id='word_1_309' title='bbox 2016 477 2125 508; x_wconf 83' lang='lat' dir='ltr'>heatae</span> <span class='ocrx_word' id='word_1_310' title='bbox 2145 478 2265 509; x_wconf 85' lang='lat' dir='ltr'>Mariae</span> 
     </span>
     <span class='ocr_line' id='line_1_45' title="bbox 1259 529 2266 570; baseline -0.003 -7"><span class='ocrx_word' id='word_1_311' title='bbox 1259 537 1289 564; x_wconf 91' lang='lat' dir='ltr'>et</span> <span class='ocrx_word' id='word_1_312' title='bbox 1308 532 1340 563; x_wconf 90' lang='lat' dir='ltr'>S.</span> <span class='ocrx_word' id='word_1_313' title='bbox 1360 532 1522 563; x_wconf 89' lang='lat' dir='ltr'>Johannis</span> <span class='ocrx_word' id='word_1_314' title='bbox 1546 531 1706 570; x_wconf 79' lang='lat' dir='ltr'>Baptistae</span> <span class='ocrx_word' id='word_1_315' title='bbox 1727 530 1952 560; x_wconf 81' lang='lat' dir='ltr'>festivitatibus</span> <span class='ocrx_word' id='word_1_316' title='bbox 1975 534 2005 560; x_wconf 87' lang='lat' dir='ltr'>et</span> <span class='ocrx_word' id='word_1_317' title='bbox 2030 539 2084 570; x_wconf 89' lang='lat' dir='ltr'>per</span> <span class='ocrx_word' id='word_1_318' title='bbox 2107 534 2176 561; x_wconf 88' lang='lat' dir='ltr'>octo</span> <span class='ocrx_word' id='word_1_319' title='bbox 2197 529 2266 562; x_wconf 78' lang='lat' dir='ltr'>dies</span> 
     </span>
     <span class='ocr_line' id='line_1_46' title="bbox 1259 590 1438 624; baseline -0.006 -9"><span class='ocrx_word' id='word_1_320' title='bbox 1259 590 1438 624; x_wconf 87' lang='lat' dir='ltr'>sequentes.</span> 
     </span>
    </p>

    <p class='ocr_par' dir='ltr' id='par_1_14' title="bbox 1260 636 2268 729">
     <span class='ocr_line' id='line_1_47' title="bbox 1301 636 2268 676; baseline 0 -10"><span class='ocrx_word' id='word_1_321' title='bbox 1301 650 1314 666; x_wconf 73' lang='grc' dir='ltr'>ι</span> <span class='ocrx_word' id='word_1_322' title='bbox 1339 638 1431 668; x_wconf 91' lang='lat' dir='ltr'>Claro</span> <span class='ocrx_word' id='word_1_323' title='bbox 1448 646 1662 676; x_wconf 88' lang='lat' dir='ltr'>supernorum</span> <span class='ocrx_word' id='word_1_324' title='bbox 1681 637 1876 667; x_wconf 85' lang='lat' dir='ltr'>consortio...</span> <span class='ocrx_word' id='word_1_325' title='bbox 1890 653 1927 658; x_wconf 95' lang='lat'>—</span> <span class='ocrx_word' id='word_1_326' title='bbox 1944 636 2015 666; x_wconf 85' lang='lat' dir='ltr'>Dat.</span> <span class='ocrx_word' id='word_1_327' title='bbox 2028 636 2111 675; x_wconf 86' lang='lat' dir='ltr'>apud</span> <span class='ocrx_word' id='word_1_328' title='bbox 2129 636 2268 667; x_wconf 84' lang='lat' dir='ltr'>Urbem·</span> 
     </span>
     <span class='ocr_line' id='line_1_48' title="bbox 1260 690 2046 729; baseline -0.004 -8"><span class='ocrx_word' id='word_1_329' title='bbox 1260 696 1410 725; x_wconf 85' lang='lat' dir='ltr'>veterem,</span> <span class='ocrx_word' id='word_1_330' title='bbox 1428 701 1447 720; x_wconf 85' lang='lat' dir='ltr'>v</span> <span class='ocrx_word' id='word_1_331' title='bbox 1462 690 1616 721; x_wconf 89' lang='lat' dir='ltr'>kalendas</span> <span class='ocrx_word' id='word_1_332' title='bbox 1631 690 1771 729; x_wconf 82' lang='lat' dir='ltr'>augusti,</span> <span class='ocrx_word' id='word_1_333' title='bbox 1788 699 1874 720; x_wconf 90' lang='lat' dir='ltr'>anno</span> <span class='ocrx_word' id='word_1_334' title='bbox 1889 694 2012 728; x_wconf 84' lang='lat' dir='ltr'>quarto.</span> <span class='ocrx_word' id='word_1_335' title='bbox 2034 701 2046 715; x_wconf 73' lang='lat' dir='ltr'>n</span> 
     </span>
    </p>
   </div>
   <div class='ocr_carea' id='block_1_13' title="bbox 1860 769 2198 804">
    <p class='ocr_par' dir='ltr' id='par_1_15' title="bbox 1860 769 2198 804">
     <span class='ocr_line' id='line_1_49' title="bbox 1860 769 2198 804; baseline 0 -6"><span class='ocrx_word' id='word_1_336' title='bbox 1860 770 1987 804; x_wconf 80' lang='lat' dir='ltr'>Orvieto,</span> <span class='ocrx_word' id='word_1_337' title='bbox 2003 769 2018 797; x_wconf 92' lang='lat'>8</span> <span class='ocrx_word' id='word_1_338' title='bbox 2034 771 2102 796; x_wconf 79' lang='lat' dir='ltr'>aout</span> <span class='ocrx_word' id='word_1_339' title='bbox 2118 769 2198 798; x_wconf 72' lang='lat'>12⁹1.</span> 
     </span>
    </p>
   </div>
   <div class='ocr_carea' id='block_1_14' title="bbox 1261 831 2271 980">
    <p class='ocr_par' dir='ltr' id='par_1_16' title="bbox 1261 831 2271 980">
     <span class='ocr_line' id='line_1_50' title="bbox 1302 831 2269 873; baseline -0.002 -9"><span class='ocrx_word' id='word_1_340' title='bbox 1302 835 1338 864; x_wconf 93' lang='lat' dir='ltr'>In</span> <span class='ocrx_word' id='word_1_341' title='bbox 1361 844 1389 865; x_wconf 93' lang='lat' dir='ltr'>e.</span> <span class='ocrx_word' id='word_1_342' title='bbox 1408 844 1464 870; x_wconf 90' lang='lat' dir='ltr'>m.,</span> <span class='ocrx_word' id='word_1_343' title='bbox 1489 842 1544 873; x_wconf 90' lang='lat' dir='ltr'>pro</span> <span class='ocrx_word' id='word_1_344' title='bbox 1566 834 1698 864; x_wconf 81' lang='lat' dir='ltr'>ecclesia</span> <span class='ocrx_word' id='word_1_345' title='bbox 1720 833 1907 864; x_wconf 88' lang='lat' dir='ltr'>monasterii</span> <span class='ocrx_word' id='word_1_346' title='bbox 1927 833 2042 863; x_wconf 87' lang='lat' dir='ltr'>Beatae</span> <span class='ocrx_word' id='word_1_347' title='bbox 2059 832 2180 863; x_wconf 87' lang='lat' dir='ltr'>Mariae</span> <span class='ocrx_word' id='word_1_348' title='bbox 2199 831 2269 862; x_wconf 81' lang='lat' dir='ltr'>Lis-</span> 
     </span>
     <span class='ocr_line' id='line_1_51' title="bbox 1261 885 2271 925; baseline -0.004 -7"><span class='ocrx_word' id='word_1_349' title='bbox 1261 888 1385 924; x_wconf 87' lang='lat' dir='ltr'>kensis,</span> <span class='ocrx_word' id='word_1_350' title='bbox 1404 887 1598 918; x_wconf 84' lang='lat' dir='ltr'>Morinensis</span> <span class='ocrx_word' id='word_1_351' title='bbox 1618 887 1783 921; x_wconf 79' lang='lat' dir='ltr'>dioecesis.</span> <span class='ocrx_word' id='word_1_352' title='bbox 1802 887 1835 916; x_wconf 86' lang='lat' dir='ltr'>in</span> <span class='ocrx_word' id='word_1_353' title='bbox 1854 891 1989 925; x_wconf 86' lang='lat' dir='ltr'>quatuor</span> <span class='ocrx_word' id='word_1_354' title='bbox 2008 885 2152 925; x_wconf 84' lang='lat' dir='ltr'>ejusdem</span> <span class='ocrx_word' id='word_1_355' title='bbox 2168 885 2271 923; x_wconf 87' lang='lat' dir='ltr'>virgi-</span> 
     </span>
     <span class='ocr_line' id='line_1_52' title="bbox 1262 938 2270 980; baseline -0.003 -9"><span class='ocrx_word' id='word_1_356' title='bbox 1262 942 1325 978; x_wconf 90' lang='lat' dir='ltr'>nis,</span> <span class='ocrx_word' id='word_1_357' title='bbox 1343 941 1375 972; x_wconf 93' lang='lat' dir='ltr'>S.</span> <span class='ocrx_word' id='word_1_358' title='bbox 1394 941 1479 971; x_wconf 89' lang='lat' dir='ltr'>Petri</span> <span class='ocrx_word' id='word_1_359' title='bbox 1500 941 1644 980; x_wconf 83' lang='lat' dir='ltr'>apostoli,</span> <span class='ocrx_word' id='word_1_360' title='bbox 1665 941 1696 971; x_wconf 86' lang='lat' dir='ltr'>S.</span> <span class='ocrx_word' id='word_1_361' title='bbox 1716 941 1890 978; x_wconf 86' lang='lat' dir='ltr'>Augustini</span> <span class='ocrx_word' id='word_1_362' title='bbox 1909 944 1939 970; x_wconf 90' lang='lat' dir='ltr'>et</span> <span class='ocrx_word' id='word_1_363' title='bbox 1955 939 2104 970; x_wconf 87' lang='lat' dir='ltr'>undecim</span> <span class='ocrx_word' id='word_1_364' title='bbox 2127 938 2270 969; x_wconf 90' lang='lat' dir='ltr'>millium</span> 
     </span>
    </p>
   </div>
   <div class='ocr_carea' id='block_1_15' title="bbox 1262 991 2278 1033">
    <p class='ocr_par' dir='ltr' id='par_1_17' title="bbox 1262 991 2278 1033">
     <span class='ocr_line' id='line_1_53' title="bbox 1262 991 2278 1033; baseline -0.003 -9"><span class='ocrx_word' id='word_1_365' title='bbox 1262 995 1427 1033; x_wconf 87' lang='lat' dir='ltr'>virginum</span> <span class='ocrx_word' id='word_1_366' title='bbox 1443 994 1667 1024; x_wconf 84' lang='lat' dir='ltr'>festivitatibus</span> <span class='ocrx_word' id='word_1_367' title='bbox 1690 998 1719 1023; x_wconf 89' lang='lat' dir='ltr'>et</span> <span class='ocrx_word' id='word_1_368' title='bbox 1736 1003 1792 1032; x_wconf 87' lang='lat' dir='ltr'>per</span> <span class='ocrx_word' id='word_1_369' title='bbox 1813 997 1881 1024; x_wconf 91' lang='lat' dir='ltr'>octo</span> <span class='ocrx_word' id='word_1_370' title='bbox 1900 993 1969 1023; x_wconf 88' lang='lat' dir='ltr'>dies</span> <span class='ocrx_word' id='word_1_371' title='bbox 1992 995 2174 1031; x_wconf 87' lang='lat' dir='ltr'>sequentes.</span> <span class='ocrx_word' id='word_1_372' title='bbox 2197 991 2278 1022; x_wconf 50' lang='lat' dir='ltr'>Dat&lt;</span> 
     </span>
    </p>
   </div>
   <div class='ocr_carea' id='block_1_16' title="bbox 1261 1047 2167 1087">
    <p class='ocr_par' dir='ltr' id='par_1_18' title="bbox 1261 1047 2167 1087">
     <span class='ocr_line' id='line_1_54' title="bbox 1261 1047 2167 1087; baseline -0.002 -10"><span class='ocrx_word' id='word_1_373' title='bbox 1261 1048 1346 1087; x_wconf 90' lang='lat' dir='ltr'>apud</span> <span class='ocrx_word' id='word_1_374' title='bbox 1361 1048 1637 1084; x_wconf 87' lang='lat' dir='ltr'>Urbemveterem,</span> <span class='ocrx_word' id='word_1_375' title='bbox 1654 1057 1685 1076; x_wconf 82' lang='lat' dir='ltr'>vi</span> <span class='ocrx_word' id='word_1_376' title='bbox 1702 1047 1774 1078; x_wconf 87' lang='lat' dir='ltr'>idus</span> <span class='ocrx_word' id='word_1_377' title='bbox 1789 1047 1927 1084; x_wconf 84' lang='lat' dir='ltr'>augusti,</span> <span class='ocrx_word' id='word_1_378' title='bbox 1945 1054 2031 1076; x_wconf 85' lang='lat' dir='ltr'>anno</span> <span class='ocrx_word' id='word_1_379' title='bbox 2045 1050 2167 1085; x_wconf 89' lang='lat' dir='ltr'>quarto.</span> 
     </span>
    </p>
   </div>
   <div class='ocr_carea' id='block_1_17' title="bbox 1842 1125 2199 1160">
    <p class='ocr_par' dir='ltr' id='par_1_19' title="bbox 1842 1125 2199 1160">
     <span class='ocr_line' id='line_1_55' title="bbox 1842 1125 2199 1160; baseline 0 -7"><span class='ocrx_word' id='word_1_380' title='bbox 1842 1127 1970 1160; x_wconf 84' lang='lat' dir='ltr'>Orvieto,</span> <span class='ocrx_word' id='word_1_381' title='bbox 1990 1127 2019 1153; x_wconf 83' lang='lat'>11</span> <span class='ocrx_word' id='word_1_382' title='bbox 2037 1127 2105 1153; x_wconf 70' lang='lat' dir='ltr'>aodt</span> <span class='ocrx_word' id='word_1_383' title='bbox 2121 1125 2199 1154; x_wconf 68' lang='lat'>1291.</span> 
     </span>
    </p>
   </div>
   <div class='ocr_carea' id='block_1_18' title="bbox 1262 1188 2273 1442">
    <p class='ocr_par' dir='ltr' id='par_1_20' title="bbox 1262 1188 2273 1337">
     <span class='ocr_line' id='line_1_56' title="bbox 1302 1188 2272 1231; baseline -0.002 -9"><span class='ocrx_word' id='word_1_384' title='bbox 1302 1192 1340 1222; x_wconf 94' lang='lat' dir='ltr'>In</span> <span class='ocrx_word' id='word_1_385' title='bbox 1355 1201 1383 1222; x_wconf 93' lang='lat' dir='ltr'>e.</span> <span class='ocrx_word' id='word_1_386' title='bbox 1394 1200 1451 1227; x_wconf 86' lang='lat' dir='ltr'>m.‚</span> <span class='ocrx_word' id='word_1_387' title='bbox 1465 1200 1521 1231; x_wconf 89' lang='lat' dir='ltr'>pro</span> <span class='ocrx_word' id='word_1_388' title='bbox 1533 1191 1666 1221; x_wconf 85' lang='lat' dir='ltr'>ecclesia</span> <span class='ocrx_word' id='word_1_389' title='bbox 1678 1191 1787 1221; x_wconf 87' lang='lat' dir='ltr'>Sancti</span> <span class='ocrx_word' id='word_1_390' title='bbox 1799 1189 1952 1228; x_wconf 88' lang='lat' dir='ltr'>Stephani</span> <span class='ocrx_word' id='word_1_391' title='bbox 1967 1189 2005 1219; x_wconf 87' lang='lat' dir='ltr'>de</span> <span class='ocrx_word' id='word_1_392' title='bbox 2018 1189 2200 1226; x_wconf 82' lang='lat' dir='ltr'>Limosano‚</span> <span class='ocrx_word' id='word_1_393' title='bbox 2213 1188 2272 1220; x_wconf 81' lang='lat' dir='ltr'>Be-</span> 
     </span>
     <span class='ocr_line' id='line_1_57' title="bbox 1263 1241 2273 1283; baseline -0.003 -9"><span class='ocrx_word' id='word_1_394' title='bbox 1263 1249 1464 1275; x_wconf 85' lang='lat' dir='ltr'>neventanae</span> <span class='ocrx_word' id='word_1_395' title='bbox 1479 1244 1644 1281; x_wconf 84' lang='lat' dir='ltr'>dioecesis,</span> <span class='ocrx_word' id='word_1_396' title='bbox 1661 1244 1695 1273; x_wconf 92' lang='lat' dir='ltr'>in</span> <span class='ocrx_word' id='word_1_397' title='bbox 1715 1243 1858 1283; x_wconf 88' lang='lat' dir='ltr'>ejusdem</span> <span class='ocrx_word' id='word_1_398' title='bbox 1881 1243 1983 1273; x_wconf 85' lang='lat' dir='ltr'>sancti</span> <span class='ocrx_word' id='word_1_399' title='bbox 2002 1241 2228 1272; x_wconf 79' lang='lat' dir='ltr'>festivitatibus</span> <span class='ocrx_word' id='word_1_400' title='bbox 2241 1245 2273 1272; x_wconf 84' lang='lat' dir='ltr'>et</span> 
     </span>
     <span class='ocr_line' id='line_1_58' title="bbox 1262 1297 1681 1337; baseline -0.005 -9"><span class='ocrx_word' id='word_1_401' title='bbox 1262 1307 1317 1337; x_wconf 90' lang='lat' dir='ltr'>per</span> <span class='ocrx_word' id='word_1_402' title='bbox 1332 1302 1400 1328; x_wconf 86' lang='lat' dir='ltr'>octo</span> <span class='ocrx_word' id='word_1_403' title='bbox 1416 1297 1485 1327; x_wconf 89' lang='lat' dir='ltr'>dies</span> <span class='ocrx_word' id='word_1_404' title='bbox 1499 1301 1681 1336; x_wconf 89' lang='lat' dir='ltr'>sequentes.</span> 
     </span>
    </p>

    <p class='ocr_par' dir='ltr' id='par_1_21' title="bbox 1262 1348 2272 1442">
     <span class='ocr_line' id='line_1_59' title="bbox 1304 1348 2272 1391; baseline -0.003 -10"><span class='ocrx_word' id='word_1_405' title='bbox 1304 1363 1317 1378; x_wconf 73' lang='grc' dir='ltr'><strong>α</strong></span> <span class='ocrx_word' id='word_1_406' title='bbox 1341 1350 1498 1391; x_wconf 81' lang='lat' dir='ltr'>Splendor</span> <span class='ocrx_word' id='word_1_407' title='bbox 1513 1355 1644 1389; x_wconf 89' lang='lat' dir='ltr'>paterne</span> <span class='ocrx_word' id='word_1_408' title='bbox 1658 1350 1796 1388; x_wconf 86' lang='lat' dir='ltr'>glorie...</span> <span class='ocrx_word' id='word_1_409' title='bbox 1814 1367 1852 1373; x_wconf 89' lang='lat'><em>—</em></span> <span class='ocrx_word' id='word_1_410' title='bbox 1870 1350 1941 1380; x_wconf 79' lang='lat' dir='ltr'>Dat.</span> <span class='ocrx_word' id='word_1_411' title='bbox 1960 1349 2044 1389; x_wconf 89' lang='lat' dir='ltr'>apud</span> <span class='ocrx_word' id='word_1_412' title='bbox 2060 1348 2272 1379; x_wconf 83' lang='lat' dir='ltr'>Urbemvete-</span> 
     </span>
     <span class='ocr_line' id='line_1_60' title="bbox 1262 1403 1916 1442; baseline -0.006 -8"><span class='ocrx_word' id='word_1_413' title='bbox 1262 1413 1342 1441; x_wconf 91' lang='lat' dir='ltr'>rem,</span> <span class='ocrx_word' id='word_1_414' title='bbox 1360 1414 1394 1433; x_wconf 88' lang='grc' dir='ltr'>ιιι</span> <span class='ocrx_word' id='word_1_415' title='bbox 1412 1404 1485 1434; x_wconf 92' lang='lat' dir='ltr'>idus</span> <span class='ocrx_word' id='word_1_416' title='bbox 1500 1403 1642 1442; x_wconf 82' lang='lat' dir='ltr'>augusti,</span> <span class='ocrx_word' id='word_1_417' title='bbox 1659 1411 1745 1434; x_wconf 89' lang='lat' dir='ltr'>anno</span> <span class='ocrx_word' id='word_1_418' title='bbox 1759 1407 1883 1442; x_wconf 88' lang='lat' dir='ltr'>quarto.</span> <span class='ocrx_word' id='word_1_419' title='bbox 1903 1415 1916 1430; x_wconf 69' lang='grc' dir='ltr'>ι)</span> 
     </span>
    </p>
   </div>
   <div class='ocr_carea' id='block_1_19' title="bbox 1861 1481 2199 1517">
    <p class='ocr_par' dir='ltr' id='par_1_22' title="bbox 1861 1481 2199 1517">
     <span class='ocr_line' id='line_1_61' title="bbox 1861 1481 2199 1517; baseline -0.006 -7"><span class='ocrx_word' id='word_1_420' title='bbox 1861 1483 1990 1517; x_wconf 79' lang='lat' dir='ltr'>orvieto,</span> <span class='ocrx_word' id='word_1_421' title='bbox 2008 1482 2022 1510; x_wconf 87' lang='grc'><strong>3</strong></span> <span class='ocrx_word' id='word_1_422' title='bbox 2038 1483 2106 1509; x_wconf 81' lang='lat' dir='ltr'>aout</span> <span class='ocrx_word' id='word_1_423' title='bbox 2121 1481 2199 1509; x_wconf 76' lang='lat'>1291.</span> 
     </span>
    </p>
   </div>
   <div class='ocr_carea' id='block_1_20' title="bbox 1263 1544 2274 1746">
    <p class='ocr_par' dir='ltr' id='par_1_23' title="bbox 1263 1544 2274 1746">
     <span class='ocr_line' id='line_1_62' title="bbox 1304 1544 2273 1585; baseline -0.004 -8"><span class='ocrx_word' id='word_1_424' title='bbox 1304 1548 1341 1577; x_wconf 81' lang='lat' dir='ltr'>In</span> <span class='ocrx_word' id='word_1_425' title='bbox 1358 1556 1387 1577; x_wconf 93' lang='lat' dir='ltr'>e.</span> <span class='ocrx_word' id='word_1_426' title='bbox 1410 1556 1467 1584; x_wconf 86' lang='lat' dir='ltr'>m.,</span> <span class='ocrx_word' id='word_1_427' title='bbox 1489 1555 1545 1585; x_wconf 90' lang='lat' dir='ltr'>pro</span> <span class='ocrx_word' id='word_1_428' title='bbox 1571 1545 1703 1576; x_wconf 84' lang='lat' dir='ltr'>ecclesia</span> <span class='ocrx_word' id='word_1_429' title='bbox 1720 1546 1828 1576; x_wconf 86' lang='lat' dir='ltr'>Sancti</span> <span class='ocrx_word' id='word_1_430' title='bbox 1850 1545 1936 1575; x_wconf 88' lang='lat' dir='ltr'>Petri</span> <span class='ocrx_word' id='word_1_431' title='bbox 1958 1545 1998 1575; x_wconf 89' lang='lat' dir='ltr'>de</span> <span class='ocrx_word' id='word_1_432' title='bbox 2015 1544 2171 1574; x_wconf 79' lang='lat' dir='ltr'>Castanea</span> <span class='ocrx_word' id='word_1_433' title='bbox 2187 1544 2273 1583; x_wconf 79' lang='lat' dir='ltr'>iuxta</span> 
     </span>
     <span class='ocr_line' id='line_1_63' title="bbox 1264 1598 2274 1635; baseline -0.003 -5"><span class='ocrx_word' id='word_1_434' title='bbox 1264 1601 1456 1635; x_wconf 84' lang='lat' dir='ltr'>Viterbium,</span> <span class='ocrx_word' id='word_1_435' title='bbox 1481 1601 1514 1629; x_wconf 91' lang='lat' dir='ltr'>in</span> <span class='ocrx_word' id='word_1_436' title='bbox 1538 1599 1808 1630; x_wconf 84' lang='lat' dir='ltr'>Annuntiationis</span> <span class='ocrx_word' id='word_1_437' title='bbox 1828 1599 1938 1629; x_wconf 87' lang='lat' dir='ltr'>beatae</span> <span class='ocrx_word' id='word_1_438' title='bbox 1957 1598 2079 1628; x_wconf 86' lang='lat' dir='ltr'>Mariae</span> <span class='ocrx_word' id='word_1_439' title='bbox 2099 1601 2130 1628; x_wconf 90' lang='lat' dir='ltr'>et</span> <span class='ocrx_word' id='word_1_440' title='bbox 2146 1601 2274 1627; x_wconf 88' lang='lat' dir='ltr'>sanctae</span> 
     </span>
     <span class='ocr_line' id='line_1_64' title="bbox 1263 1649 2272 1691; baseline -0.005 -7"><span class='ocrx_word' id='word_1_441' title='bbox 1263 1653 1458 1684; x_wconf 86' lang='lat' dir='ltr'>Catherinae</span> <span class='ocrx_word' id='word_1_442' title='bbox 1472 1653 1702 1683; x_wconf 79' lang='lat' dir='ltr'>festivitatibus</span> <span class='ocrx_word' id='word_1_443' title='bbox 1719 1657 1749 1682; x_wconf 90' lang='lat' dir='ltr'>et</span> <span class='ocrx_word' id='word_1_444' title='bbox 1762 1661 1818 1691; x_wconf 92' lang='lat' dir='ltr'>per</span> <span class='ocrx_word' id='word_1_445' title='bbox 1833 1656 1902 1682; x_wconf 89' lang='lat' dir='ltr'>octo</span> <span class='ocrx_word' id='word_1_446' title='bbox 1917 1651 1985 1681; x_wconf 88' lang='lat' dir='ltr'>dies</span> <span class='ocrx_word' id='word_1_447' title='bbox 2001 1654 2181 1690; x_wconf 70' lang='lat' dir='ltr'>sequentes</span> <span class='ocrx_word' id='word_1_448' title='bbox 2199 1649 2272 1680; x_wconf 88' lang='lat' dir='ltr'>Dat.</span> 
     </span>
     <span class='ocr_line' id='line_1_65' title="bbox 1263 1706 2211 1746; baseline -0.003 -10"><span class='ocrx_word' id='word_1_449' title='bbox 1263 1707 1348 1746; x_wconf 90' lang='lat' dir='ltr'>apud</span> <span class='ocrx_word' id='word_1_450' title='bbox 1365 1707 1641 1743; x_wconf 75' lang='lat' dir='ltr'>Urbemveterem,</span> <span class='ocrx_word' id='word_1_451' title='bbox 1661 1716 1694 1735; x_wconf 88' lang='lat'>111</span> <span class='ocrx_word' id='word_1_452' title='bbox 1713 1715 1815 1736; x_wconf 87' lang='lat' dir='ltr'>nonas</span> <span class='ocrx_word' id='word_1_453' title='bbox 1830 1706 1970 1744; x_wconf 79' lang='lat' dir='ltr'>augusti,</span> <span class='ocrx_word' id='word_1_454' title='bbox 1987 1712 2074 1735; x_wconf 89' lang='lat' dir='ltr'>anno</span> <span class='ocrx_word' id='word_1_455' title='bbox 2087 1708 2211 1744; x_wconf 88' lang='lat' dir='ltr'>quarto.</span> 
     </span>
    </p>
   </div>
   <div class='ocr_carea' id='block_1_21' title="bbox 1824 1784 2202 1820">
    <p class='ocr_par' dir='ltr' id='par_1_24' title="bbox 1824 1784 2202 1820">
     <span class='ocr_line' id='line_1_66' title="bbox 1824 1784 2202 1820; baseline -0.005 -7"><span class='ocrx_word' id='word_1_456' title='bbox 1824 1786 1954 1817; x_wconf 87' lang='lat' dir='ltr'>Orvieto,</span> <span class='ocrx_word' id='word_1_457' title='bbox 1972 1785 2111 1820; x_wconf 84' lang='lat' dir='ltr'>30juillet</span> <span class='ocrx_word' id='word_1_458' title='bbox 2127 1784 2202 1813; x_wconf 76' lang='lat'>1291.</span> 
     </span>
    </p>
   </div>
   <div class='ocr_carea' id='block_1_22' title="bbox 1266 1847 2277 2209">
    <p class='ocr_par' dir='ltr' id='par_1_25' title="bbox 1266 1847 2277 2104">
     <span class='ocr_line' id='line_1_67' title="bbox 1307 1847 2277 1889; baseline -0.002 -9"><span class='ocrx_word' id='word_1_459' title='bbox 1307 1851 1344 1880; x_wconf 88' lang='lat' dir='ltr'>In</span> <span class='ocrx_word' id='word_1_460' title='bbox 1361 1860 1388 1880; x_wconf 92' lang='lat' dir='ltr'>e.</span> <span class='ocrx_word' id='word_1_461' title='bbox 1404 1860 1461 1887; x_wconf 80' lang='lat' dir='ltr'>m.‚</span> <span class='ocrx_word' id='word_1_462' title='bbox 1477 1859 1532 1889; x_wconf 87' lang='lat' dir='ltr'>pro</span> <span class='ocrx_word' id='word_1_463' title='bbox 1549 1849 1682 1880; x_wconf 85' lang='lat' dir='ltr'>ecclesia</span> <span class='ocrx_word' id='word_1_464' title='bbox 1697 1849 1808 1879; x_wconf 88' lang='lat' dir='ltr'>Sancti</span> <span class='ocrx_word' id='word_1_465' title='bbox 1824 1849 1947 1879; x_wconf 86' lang='lat' dir='ltr'>Privati</span> <span class='ocrx_word' id='word_1_466' title='bbox 1962 1848 2001 1878; x_wconf 93' lang='lat' dir='ltr'>de</span> <span class='ocrx_word' id='word_1_467' title='bbox 2016 1847 2196 1885; x_wconf 76' lang='lat' dir='ltr'>Pozilham,</span> <span class='ocrx_word' id='word_1_468' title='bbox 2208 1847 2277 1879; x_wconf 88' lang='lat' dir='ltr'>Uti-</span> 
     </span>
     <span class='ocr_line' id='line_1_68' title="bbox 1266 1900 2276 1941; baseline -0.003 -8"><span class='ocrx_word' id='word_1_469' title='bbox 1266 1904 1371 1934; x_wconf 89' lang='lat' dir='ltr'>censis</span> <span class='ocrx_word' id='word_1_470' title='bbox 1387 1903 1554 1939; x_wconf 77' lang='lat' dir='ltr'>dioecesis,</span> <span class='ocrx_word' id='word_1_471' title='bbox 1572 1903 1606 1932; x_wconf 92' lang='lat' dir='ltr'>in</span> <span class='ocrx_word' id='word_1_472' title='bbox 1623 1902 1767 1941; x_wconf 84' lang='lat' dir='ltr'>ejusdem</span> <span class='ocrx_word' id='word_1_473' title='bbox 1787 1902 1886 1932; x_wconf 89' lang='lat' dir='ltr'>sancti</span> <span class='ocrx_word' id='word_1_474' title='bbox 1906 1907 1936 1931; x_wconf 87' lang='lat' dir='ltr'>et</span> <span class='ocrx_word' id='word_1_475' title='bbox 1953 1905 2136 1932; x_wconf 86' lang='lat' dir='ltr'>sanctorum</span> <span class='ocrx_word' id='word_1_476' title='bbox 2152 1900 2276 1931; x_wconf 86' lang='lat' dir='ltr'>Johan-</span> 
     </span>
     <span class='ocr_line' id='line_1_69' title="bbox 1267 1955 2277 1996; baseline -0.003 -9"><span class='ocrx_word' id='word_1_477' title='bbox 1267 1958 1317 1988; x_wconf 88' lang='lat' dir='ltr'>nis</span> <span class='ocrx_word' id='word_1_478' title='bbox 1334 1957 1495 1996; x_wconf 87' lang='lat' dir='ltr'>Baptistae</span> <span class='ocrx_word' id='word_1_479' title='bbox 1511 1961 1541 1987; x_wconf 84' lang='lat' dir='ltr'>et</span> <span class='ocrx_word' id='word_1_480' title='bbox 1555 1956 1716 1987; x_wconf 84' lang='lat' dir='ltr'>Johannis</span> <span class='ocrx_word' id='word_1_481' title='bbox 1734 1955 1955 1994; x_wconf 81' lang='lat' dir='ltr'>Evangelistae</span> <span class='ocrx_word' id='word_1_482' title='bbox 1972 1955 2206 1990; x_wconf 83' lang='lat' dir='ltr'>festivitatibus,</span> <span class='ocrx_word' id='word_1_483' title='bbox 2221 1962 2277 1993; x_wconf 86' lang='lat' dir='ltr'>per</span> 
     </span>
     <span class='ocr_line' id='line_1_70' title="bbox 1266 2006 2277 2049; baseline -0.005 -7"><span class='ocrx_word' id='word_1_484' title='bbox 1266 2016 1334 2042; x_wconf 88' lang='lat' dir='ltr'>octo</span> <span class='ocrx_word' id='word_1_485' title='bbox 1355 2011 1422 2041; x_wconf 88' lang='lat' dir='ltr'>dies</span> <span class='ocrx_word' id='word_1_486' title='bbox 1448 2015 1618 2049; x_wconf 86' lang='lat' dir='ltr'>sequentes</span> <span class='ocrx_word' id='word_1_487' title='bbox 1640 2014 1670 2039; x_wconf 91' lang='lat' dir='ltr'>et</span> <span class='ocrx_word' id='word_1_488' title='bbox 1690 2010 1724 2038; x_wconf 92' lang='lat' dir='ltr'>in</span> <span class='ocrx_word' id='word_1_489' title='bbox 1745 2009 1968 2039; x_wconf 86' lang='lat' dir='ltr'>anniversario</span> <span class='ocrx_word' id='word_1_490' title='bbox 1991 2008 2043 2038; x_wconf 91' lang='lat' dir='ltr'>die</span> <span class='ocrx_word' id='word_1_491' title='bbox 2065 2006 2277 2038; x_wconf 85' lang='lat' dir='ltr'>dedicationis</span> 
     </span>
     <span class='ocr_line' id='line_1_71' title="bbox 1268 2063 1594 2104; baseline -0.006 -10"><span class='ocrx_word' id='word_1_492' title='bbox 1268 2064 1413 2104; x_wconf 85' lang='lat' dir='ltr'>ejusdem</span> <span class='ocrx_word' id='word_1_493' title='bbox 1432 2063 1594 2094; x_wconf 85' lang='lat' dir='ltr'>ecclesiae.</span> 
     </span>
    </p>

    <p class='ocr_par' dir='ltr' id='par_1_26' title="bbox 1270 2114 2274 2209">
     <span class='ocr_line' id='line_1_72' title="bbox 1310 2114 2274 2156; baseline -0.005 -8"><span class='ocrx_word' id='word_1_494' title='bbox 1310 2130 1324 2144; x_wconf 71' lang='lat' dir='ltr'>u</span> <span class='ocrx_word' id='word_1_495' title='bbox 1343 2118 1414 2148; x_wconf 86' lang='lat' dir='ltr'>Vite</span> <span class='ocrx_word' id='word_1_496' title='bbox 1431 2117 1581 2156; x_wconf 88' lang='lat' dir='ltr'>perennis</span> <span class='ocrx_word' id='word_1_497' title='bbox 1599 2116 1736 2155; x_wconf 87' lang='lat' dir='ltr'>gloria...</span> <span class='ocrx_word' id='word_1_498' title='bbox 1753 2133 1792 2137; x_wconf 90' lang='lat'><em>-</em></span> <span class='ocrx_word' id='word_1_499' title='bbox 1809 2116 1879 2145; x_wconf 85' lang='lat' dir='ltr'>Dat.</span> <span class='ocrx_word' id='word_1_500' title='bbox 1895 2114 1979 2154; x_wconf 90' lang='lat' dir='ltr'>apud</span> <span class='ocrx_word' id='word_1_501' title='bbox 1996 2114 2274 2150; x_wconf 81' lang='lat' dir='ltr'>Urhemveterem‚</span> 
     </span>
     <span class='ocr_line' id='line_1_73' title="bbox 1270 2171 1909 2209; baseline -0.005 -7"><span class='ocrx_word' id='word_1_502' title='bbox 1270 2181 1304 2202; x_wconf 93' lang='grc' dir='ltr'>ιιι</span> <span class='ocrx_word' id='word_1_503' title='bbox 1324 2171 1478 2202; x_wconf 87' lang='lat' dir='ltr'>kalendas</span> <span class='ocrx_word' id='word_1_504' title='bbox 1495 2171 1633 2209; x_wconf 83' lang='lat' dir='ltr'>augusti,</span> <span class='ocrx_word' id='word_1_505' title='bbox 1652 2179 1738 2200; x_wconf 90' lang='lat' dir='ltr'>anno</span> <span class='ocrx_word' id='word_1_506' title='bbox 1752 2173 1876 2208; x_wconf 88' lang='lat' dir='ltr'>quarto.</span> <span class='ocrx_word' id='word_1_507' title='bbox 1896 2182 1909 2196; x_wconf 75' lang='lat' dir='ltr'>n</span> 
     </span>
    </p>
   </div>
   <div class='ocr_carea' id='block_1_23' title="bbox 1339 2350 1592 2380">
    <p class='ocr_par' dir='ltr' id='par_1_27' title="bbox 1339 2350 1592 2380">
     <span class='ocr_line' id='line_1_74' title="bbox 1339 2350 1592 2380; baseline -0.004 0"><span class='ocrx_word' id='word_1_508' title='bbox 1339 2350 1592 2380; x_wconf 55' lang='lat'>5232—5&#39;238</span> 
     </span>
    </p>
   </div>
   <div class='ocr_carea' id='block_1_24' title="bbox 1269 2407 2280 2497">
    <p class='ocr_par' dir='ltr' id='par_1_28' title="bbox 1269 2407 2280 2497">
     <span class='ocr_line' id='line_1_75' title="bbox 1306 2407 2280 2447; baseline -0.004 -8"><span class='ocrx_word' id='word_1_509' title='bbox 1306 2413 1353 2443; x_wconf 91' lang='grc' dir='ltr'>Η.,</span> <span class='ocrx_word' id='word_1_510' title='bbox 1372 2413 1573 2439; x_wconf 85' lang='lat' dir='ltr'>Brixinensem</span> <span class='ocrx_word' id='word_1_511' title='bbox 1589 2413 1772 2447; x_wconf 79' lang='lat' dir='ltr'>episcopum,</span> <span class='ocrx_word' id='word_1_512' title='bbox 1787 2411 1823 2438; x_wconf 89' lang='lat' dir='ltr'>ad</span> <span class='ocrx_word' id='word_1_513' title='bbox 1838 2409 2025 2446; x_wconf 75' lang='lat' dir='ltr'>Maynardum</span> <span class='ocrx_word' id='word_1_514' title='bbox 2035 2430 2042 2441; x_wconf 94' lang='lat'>,</span> <span class='ocrx_word' id='word_1_515' title='bbox 2059 2409 2164 2437; x_wconf 90' lang='lat' dir='ltr'>ducem</span> <span class='ocrx_word' id='word_1_516' title='bbox 2178 2407 2280 2436; x_wconf 81' lang='lat' dir='ltr'>Carin-</span> 
     </span>
     <span class='ocr_line' id='line_1_76' title="bbox 1269 2458 2279 2497; baseline -0.003 -8"><span class='ocrx_word' id='word_1_517' title='bbox 1269 2463 1356 2497; x_wconf 88' lang='lat' dir='ltr'>thiae,</span> <span class='ocrx_word' id='word_1_518' title='bbox 1374 2462 1471 2495; x_wconf 76' lang='lat' dir='ltr'>mittit,</span> <span class='ocrx_word' id='word_1_519' title='bbox 1487 2470 1574 2489; x_wconf 88' lang='lat' dir='ltr'>causa</span> <span class='ocrx_word' id='word_1_520' title='bbox 1590 2461 1669 2496; x_wconf 82' lang='lat' dir='ltr'>pacis</span> <span class='ocrx_word' id='word_1_521' title='bbox 1685 2460 1858 2488; x_wconf 86' lang='lat' dir='ltr'>tractandae.</span> <span class='ocrx_word' id='word_1_522' title='bbox 1875 2459 1959 2493; x_wconf 73' lang='lat' dir='ltr'>(Rae.</span> <span class='ocrx_word' id='word_1_523' title='bbox 1971 2459 2014 2491; x_wconf 74' lang='lat'>46,</span> <span class='ocrx_word' id='word_1_524' title='bbox 2027 2467 2052 2486; x_wconf 90' lang='lat' dir='ltr'>c.</span> <span class='ocrx_word' id='word_1_525' title='bbox 2066 2458 2138 2490; x_wconf 77' lang='lat'>3792,</span> <span class='ocrx_word' id='word_1_526' title='bbox 2152 2459 2171 2486; x_wconf 81' lang='lat' dir='ltr'>f.</span> <span class='ocrx_word' id='word_1_527' title='bbox 2185 2458 2218 2486; x_wconf 85' lang='lat'>75</span> <span class='ocrx_word' id='word_1_528' title='bbox 2229 2458 2279 2490; x_wconf 60' lang='grc' dir='ltr'>τ’.)</span> 
     </span>
    </p>
   </div>
   <div class='ocr_carea' id='block_1_25' title="bbox 1826 2347 2206 2383">
    <p class='ocr_par' dir='ltr' id='par_1_29' title="bbox 1826 2347 2206 2383">
     <span class='ocr_line' id='line_1_77' title="bbox 1826 2347 2206 2383; baseline -0.003 -8"><span class='ocrx_word' id='word_1_529' title='bbox 1826 2348 1952 2378; x_wconf 77' lang='lat' dir='ltr'>Orvieto,</span> <span class='ocrx_word' id='word_1_530' title='bbox 1970 2348 2003 2375; x_wconf 73' lang='lat'>27</span> <span class='ocrx_word' id='word_1_531' title='bbox 2015 2348 2111 2383; x_wconf 85' lang='lat' dir='ltr'>juillet</span> <span class='ocrx_word' id='word_1_532' title='bbox 2127 2347 2206 2375; x_wconf 77' lang='lat'>1291.</span> 
     </span>
    </p>
   </div>
   <div class='ocr_carea' id='block_1_26' title="bbox 1269 2562 2285 3030">
    <p class='ocr_par' dir='ltr' id='par_1_30' title="bbox 1269 2562 2285 3030">
     <span class='ocr_line' id='line_1_78' title="bbox 1310 2562 2280 2602; baseline -0.004 -8"><span class='ocrx_word' id='word_1_533' title='bbox 1310 2565 1487 2602; x_wconf 79' lang='lat' dir='ltr'>Maynardo,</span> <span class='ocrx_word' id='word_1_534' title='bbox 1501 2565 1571 2593; x_wconf 75' lang='lat' dir='ltr'>duci</span> <span class='ocrx_word' id='word_1_535' title='bbox 1583 2563 1752 2599; x_wconf 67' lang='lat' dir='ltr'>Carmente,</span> <span class='ocrx_word' id='word_1_536' title='bbox 1765 2564 1869 2592; x_wconf 78' lang='lat' dir='ltr'>comiti</span> <span class='ocrx_word' id='word_1_537' title='bbox 1884 2562 2040 2598; x_wconf 76' lang='lat' dir='ltr'>Ytrolensi,</span> <span class='ocrx_word' id='word_1_538' title='bbox 2053 2562 2197 2599; x_wconf 79' lang='lat' dir='ltr'>spiritum</span> <span class='ocrx_word' id='word_1_539' title='bbox 2212 2568 2280 2591; x_wconf 79' lang='lat' dir='ltr'>con-</span> 
     </span>
     <span class='ocr_line' id='line_1_79' title="bbox 1269 2612 2279 2653; baseline -0.004 -6"><span class='ocrx_word' id='word_1_540' title='bbox 1269 2618 1336 2647; x_wconf 68' lang='lat' dir='ltr'>silii</span> <span class='ocrx_word' id='word_1_541' title='bbox 1353 2619 1494 2647; x_wconf 73' lang='lat' dir='ltr'>sanioris.</span> <span class='ocrx_word' id='word_1_542' title='bbox 1517 2629 1530 2644; x_wconf 83' lang='lat'>«</span> <span class='ocrx_word' id='word_1_543' title='bbox 1551 2616 1684 2647; x_wconf 85' lang='lat' dir='ltr'>Gratum</span> <span class='ocrx_word' id='word_1_544' title='bbox 1704 2616 1795 2647; x_wconf 87' lang='lat' dir='ltr'>nobis</span> <span class='ocrx_word' id='word_1_545' title='bbox 1815 2616 1988 2647; x_wconf 88' lang='lat' dir='ltr'>occurrit...</span> <span class='ocrx_word' id='word_1_546' title='bbox 2007 2615 2069 2645; x_wconf 85' lang='lat' dir='ltr'>Per</span> <span class='ocrx_word' id='word_1_547' title='bbox 2088 2619 2156 2644; x_wconf 86' lang='lat' dir='ltr'>tuas</span> <span class='ocrx_word' id='word_1_548' title='bbox 2175 2612 2279 2653; x_wconf 85' lang='lat' dir='ltr'>siqui-</span> 
     </span>
     <span class='ocr_line' id='line_1_80' title="bbox 1269 2661 2282 2709; baseline -0.004 -9"><span class='ocrx_word' id='word_1_549' title='bbox 1269 2671 1343 2701; x_wconf 88' lang='lat' dir='ltr'>dem</span> <span class='ocrx_word' id='word_1_550' title='bbox 1356 2670 1478 2701; x_wconf 88' lang='lat' dir='ltr'>litteras</span> <span class='ocrx_word' id='word_1_551' title='bbox 1490 2671 1583 2701; x_wconf 87' lang='lat' dir='ltr'>nobis</span> <span class='ocrx_word' id='word_1_552' title='bbox 1594 2669 1761 2700; x_wconf 89' lang='lat' dir='ltr'>humiliter</span> <span class='ocrx_word' id='word_1_553' title='bbox 1772 2669 1956 2709; x_wconf 87' lang='lat' dir='ltr'>supplicasti</span> <span class='ocrx_word' id='word_1_554' title='bbox 1970 2661 2015 2706; x_wconf 70' lang='lat' dir='ltr'>ut,</span> <span class='ocrx_word' id='word_1_555' title='bbox 2028 2667 2068 2698; x_wconf 89' lang='lat' dir='ltr'>ad</span> <span class='ocrx_word' id='word_1_556' title='bbox 2080 2666 2282 2697; x_wconf 86' lang='lat' dir='ltr'>tractandum</span> 
     </span>
     <span class='ocr_line' id='line_1_81' title="bbox 1270 2719 2282 2764; baseline -0.004 -10"><span class='ocrx_word' id='word_1_557' title='bbox 1270 2733 1380 2764; x_wconf 87' lang='lat' dir='ltr'>pacem</span> <span class='ocrx_word' id='word_1_558' title='bbox 1402 2724 1486 2754; x_wconf 87' lang='lat' dir='ltr'>inter</span> <span class='ocrx_word' id='word_1_559' title='bbox 1502 2728 1530 2754; x_wconf 90' lang='lat' dir='ltr'>te</span> <span class='ocrx_word' id='word_1_560' title='bbox 1545 2732 1581 2754; x_wconf 90' lang='lat' dir='ltr'>ac</span> <span class='ocrx_word' id='word_1_561' title='bbox 1598 2723 1814 2754; x_wconf 84' lang='lat' dir='ltr'>venerabilem</span> <span class='ocrx_word' id='word_1_562' title='bbox 1829 2723 1960 2752; x_wconf 85' lang='lat' dir='ltr'>fratrem</span> <span class='ocrx_word' id='word_1_563' title='bbox 1977 2725 2122 2752; x_wconf 88' lang='lat' dir='ltr'>nostrum</span> <span class='ocrx_word' id='word_1_564' title='bbox 2138 2720 2188 2757; x_wconf 60' lang='lat' dir='ltr'>P„</span> <span class='ocrx_word' id='word_1_565' title='bbox 2203 2719 2282 2760; x_wconf 81' lang='lat' dir='ltr'>epis-</span> 
     </span>
     <span class='ocr_line' id='line_1_82' title="bbox 1269 2773 2281 2817; baseline -0.005 -9"><span class='ocrx_word' id='word_1_566' title='bbox 1269 2786 1384 2816; x_wconf 89' lang='lat' dir='ltr'>copum</span> <span class='ocrx_word' id='word_1_567' title='bbox 1402 2778 1642 2815; x_wconf 84' lang='lat' dir='ltr'>Tridentinum,</span> <span class='ocrx_word' id='word_1_568' title='bbox 1659 2786 1768 2817; x_wconf 82' lang='lat' dir='ltr'>quam,</span> <span class='ocrx_word' id='word_1_569' title='bbox 1784 2782 1818 2808; x_wconf 88' lang='lat' dir='ltr'>ut</span> <span class='ocrx_word' id='word_1_570' title='bbox 1833 2776 1959 2812; x_wconf 86' lang='lat' dir='ltr'>asseris,</span> <span class='ocrx_word' id='word_1_571' title='bbox 1976 2775 2092 2805; x_wconf 84' lang='lat' dir='ltr'>habere</span> <span class='ocrx_word' id='word_1_572' title='bbox 2105 2773 2281 2810; x_wconf 82' lang='lat' dir='ltr'>desideras,</span> 
     </span>
     <span class='ocr_line' id='line_1_83' title="bbox 1270 2826 2281 2870; baseline -0.005 -10"><span class='ocrx_word' id='word_1_573' title='bbox 1270 2835 1302 2860; x_wconf 84' lang='lat' dir='ltr'>et</span> <span class='ocrx_word' id='word_1_574' title='bbox 1321 2830 1356 2860; x_wconf 89' lang='lat' dir='ltr'>in</span> <span class='ocrx_word' id='word_1_575' title='bbox 1373 2839 1409 2861; x_wconf 89' lang='lat' dir='ltr'>ea</span> <span class='ocrx_word' id='word_1_576' title='bbox 1424 2839 1612 2870; x_wconf 86' lang='lat' dir='ltr'>recuperare</span> <span class='ocrx_word' id='word_1_577' title='bbox 1629 2835 1771 2861; x_wconf 84' lang='lat' dir='ltr'>nostram</span> <span class='ocrx_word' id='word_1_578' title='bbox 1787 2834 1818 2860; x_wconf 86' lang='lat' dir='ltr'>et</span> <span class='ocrx_word' id='word_1_579' title='bbox 1835 2828 2006 2869; x_wconf 88' lang='lat' dir='ltr'>apostolice</span> <span class='ocrx_word' id='word_1_580' title='bbox 2021 2826 2105 2858; x_wconf 88' lang='lat' dir='ltr'>sedis</span> <span class='ocrx_word' id='word_1_581' title='bbox 2124 2826 2263 2865; x_wconf 87' lang='lat' dir='ltr'>gratiam</span> <span class='ocrx_word' id='word_1_582' title='bbox 2274 2849 2281 2863; x_wconf 92' lang='lat'>,</span> 
     </span>
     <span class='ocr_line' id='line_1_84' title="bbox 1270 2878 2285 2923; baseline -0.004 -11"><span class='ocrx_word' id='word_1_583' title='bbox 1270 2891 1381 2922; x_wconf 90' lang='lat' dir='ltr'>quam,</span> <span class='ocrx_word' id='word_1_584' title='bbox 1402 2884 1464 2913; x_wconf 86' lang='lat' dir='ltr'>tuis</span> <span class='ocrx_word' id='word_1_585' title='bbox 1479 2883 1582 2923; x_wconf 88' lang='lat' dir='ltr'>culpis</span> <span class='ocrx_word' id='word_1_586' title='bbox 1597 2883 1811 2922; x_wconf 87' lang='lat' dir='ltr'>exigentibus,</span> <span class='ocrx_word' id='word_1_587' title='bbox 1826 2881 1976 2919; x_wconf 87' lang='lat' dir='ltr'>amisisti,</span> <span class='ocrx_word' id='word_1_588' title='bbox 1994 2878 2212 2911; x_wconf 84' lang='lat' dir='ltr'>venerabilem</span> <span class='ocrx_word' id='word_1_589' title='bbox 2224 2878 2285 2909; x_wconf 81' lang='lat' dir='ltr'>fra-</span> 
     </span>
     <span class='ocr_line' id='line_1_85' title="bbox 1271 2931 2284 2975; baseline -0.004 -9"><span class='ocrx_word' id='word_1_590' title='bbox 1271 2940 1352 2966; x_wconf 91' lang='lat' dir='ltr'>trem</span> <span class='ocrx_word' id='word_1_591' title='bbox 1369 2941 1515 2967; x_wconf 88' lang='lat' dir='ltr'>nostrum</span> <span class='ocrx_word' id='word_1_592' title='bbox 1533 2937 1593 2973; x_wconf 86' lang='lat' dir='ltr'>H.,</span> <span class='ocrx_word' id='word_1_593' title='bbox 1618 2937 1841 2968; x_wconf 85' lang='lat' dir='ltr'>Brixinensem</span> <span class='ocrx_word' id='word_1_594' title='bbox 1866 2935 2051 2975; x_wconf 89' lang='lat' dir='ltr'>episcopum</span> <span class='ocrx_word' id='word_1_595' title='bbox 2063 2958 2070 2971; x_wconf 91' lang='lat'>,</span> <span class='ocrx_word' id='word_1_596' title='bbox 2091 2933 2218 2963; x_wconf 84' lang='lat' dir='ltr'>mittere</span> <span class='ocrx_word' id='word_1_597' title='bbox 2236 2931 2284 2964; x_wconf 89' lang='lat' dir='ltr'>di-</span> 
     </span>
     <span class='ocr_line' id='line_1_86' title="bbox 1270 2985 2284 3030; baseline -0.002 -11"><span class='ocrx_word' id='word_1_598' title='bbox 1270 2997 1455 3027; x_wconf 86' lang='lat' dir='ltr'>gnaremur.</span> <span class='ocrx_word' id='word_1_599' title='bbox 1470 2990 1537 3021; x_wconf 90' lang='lat' dir='ltr'>Nos</span> <span class='ocrx_word' id='word_1_600' title='bbox 1554 2991 1673 3030; x_wconf 88' lang='lat' dir='ltr'>itaque,</span> <span class='ocrx_word' id='word_1_601' title='bbox 1690 2991 1747 3030; x_wconf 86' lang='lat' dir='ltr'>qui</span> <span class='ocrx_word' id='word_1_602' title='bbox 1762 2993 1950 3020; x_wconf 88' lang='lat' dir='ltr'>cunctorum</span> <span class='ocrx_word' id='word_1_603' title='bbox 1963 2987 2184 3018; x_wconf 88' lang='lat' dir='ltr'>desideramus</span> <span class='ocrx_word' id='word_1_604' title='bbox 2199 2985 2284 3018; x_wconf 82' lang='lat' dir='ltr'>salu-</span> 
     </span>
    </p>
   </div>
   <div class='ocr_carea' id='block_1_27' title="bbox 2292 0 2393 2825">
    <p class='ocr_par' dir='ltr' id='par_1_31' title="bbox 2292 0 2393 2825">
     <span class='ocr_line' id='line_1_87' title="bbox 2292 0 2393 2825; baseline 0 0"><span class='ocrx_word' id='word_1_605' title='bbox 2292 0 2393 2825; x_wconf 95' lang='lat' dir='ltr'> </span> 
     </span>
    </p>
   </div>
   <div class='ocr_carea' id='block_1_28' title="bbox 2379 3000 2391 3097">
    <p class='ocr_par' dir='ltr' id='par_1_32' title="bbox 2379 3000 2391 3097">
     <span class='ocr_line' id='line_1_88' title="bbox 2379 3000 2391 3097; baseline 0 0"><span class='ocrx_word' id='word_1_606' title='bbox 2379 3000 2391 3097; x_wconf 68' lang='lat' dir='ltr'>i</span> 
     </span>
    </p>
   </div>
  </div>
 </body>
</html>
