<?xml version="1.0" encoding="UTF-8"?>
<!DOCTYPE html PUBLIC "-//W3C//DTD XHTML 1.0 Transitional//EN"
    "http://www.w3.org/TR/xhtml1/DTD/xhtml1-transitional.dtd">
<html xmlns="http://www.w3.org/1999/xhtml" xml:lang="en" lang="en">
 <head>
  <title>
</title>
<meta http-equiv="Content-Type" content="text/html;charset=utf-8" />
  <meta name='ocr-system' content='tesseract 3.04.00' />
  <meta name='ocr-capabilities' content='ocr_page ocr_carea ocr_par ocr_line ocrx_word'/>
</head>
<body>
  <div class='ocr_page' id='page_1' title='image "./lesregistresdeni02romeuoft_0347.png"; bbox 0 0 2393 3496; ppageno 0'>
   <div class='ocr_carea' id='block_1_1' title="bbox 771 703 1391 768">
    <p class='ocr_par' dir='ltr' id='par_1_1' title="bbox 771 703 1391 768">
     <span class='ocr_line' id='line_1_1' title="bbox 771 703 1391 768; baseline -0.003 -1"><span class='ocrx_word' id='word_1_1' title='bbox 771 703 1276 768; x_wconf 87' lang='lat' dir='ltr'><strong>APPENDICE</strong></span> <span class='ocrx_word' id='word_1_2' title='bbox 1329 704 1391 765; x_wconf 95' lang='lat' dir='ltr'><strong>II</strong></span> 
     </span>
    </p>
   </div>
   <div class='ocr_carea' id='block_1_2' title="bbox 179 934 1993 990">
    <p class='ocr_par' dir='ltr' id='par_1_2' title="bbox 179 934 1993 990">
     <span class='ocr_line' id='line_1_2' title="bbox 179 934 1993 990; baseline -0.003 -5"><span class='ocrx_word' id='word_1_3' title='bbox 179 943 311 986; x_wconf 77' lang='lat' dir='ltr'><strong>LETTRES</strong></span> <span class='ocrx_word' id='word_1_4' title='bbox 339 942 395 984; x_wconf 73' lang='lat' dir='ltr'><strong>Nun</strong></span> <span class='ocrx_word' id='word_1_5' title='bbox 423 935 659 990; x_wconf 77' lang='lat' dir='ltr'><strong>ENREGISTREES,</strong></span> <span class='ocrx_word' id='word_1_6' title='bbox 688 934 893 984; x_wconf 72' lang='lat' dir='ltr'><strong>MENTIBNNEES</strong></span> <span class='ocrx_word' id='word_1_7' title='bbox 920 940 995 982; x_wconf 78' lang='lat' dir='ltr'><strong>1]le</strong></span> <span class='ocrx_word' id='word_1_8' title='bbox 1023 940 1077 981; x_wconf 80' lang='lat' dir='ltr'><strong>LES</strong></span> <span class='ocrx_word' id='word_1_9' title='bbox 1106 939 1265 981; x_wconf 75' lang='lat' dir='ltr'><strong>REGESTA</strong></span> <span class='ocrx_word' id='word_1_10' title='bbox 1292 939 1507 980; x_wconf 75' lang='lat' dir='ltr'><strong>PONTIFIGUM</strong></span> <span class='ocrx_word' id='word_1_11' title='bbox 1535 938 1751 980; x_wconf 75' lang='lat' dir='ltr'><strong>ROMANURUM</strong></span> <span class='ocrx_word' id='word_1_12' title='bbox 1778 938 1814 979; x_wconf 84' lang='grc' dir='ltr'><strong>ΠΕ</strong></span> <span class='ocrx_word' id='word_1_13' title='bbox 1842 938 1993 980; x_wconf 78' lang='lat' dir='ltr'><strong>PUTTHAST</strong></span> 
     </span>
    </p>
   </div>
   <div class='ocr_carea' id='block_1_3' title="bbox 113 1495 226 1524">
    <p class='ocr_par' dir='ltr' id='par_1_3' title="bbox 113 1495 226 1524">
     <span class='ocr_line' id='line_1_3' title="bbox 113 1495 226 1524; baseline -0.009 0"><span class='ocrx_word' id='word_1_14' title='bbox 113 1495 226 1524; x_wconf 55' lang='lat'><em>’2392</em></span> 
     </span>
    </p>
   </div>
   <div class='ocr_carea' id='block_1_4' title="bbox 46 1556 1051 1862">
    <p class='ocr_par' dir='ltr' id='par_1_4' title="bbox 47 1556 1050 1751">
     <span class='ocr_line' id='line_1_4' title="bbox 84 1556 1050 1594; baseline -0.005 -4"><span class='ocrx_word' id='word_1_15' title='bbox 84 1581 106 1592; x_wconf 85' lang='lat'><strong>..</strong></span> <span class='ocrx_word' id='word_1_16' title='bbox 127 1558 242 1590; x_wconf 80' lang='lat' dir='ltr'><strong>custodi</strong></span> <span class='ocrx_word' id='word_1_17' title='bbox 263 1558 401 1594; x_wconf 76' lang='lat' dir='ltr'><strong><em>fratrum</em></strong></span> <span class='ocrx_word' id='word_1_18' title='bbox 422 1557 582 1586; x_wconf 81' lang='lat' dir='ltr'><strong>minorum</strong></span> <span class='ocrx_word' id='word_1_19' title='bbox 609 1556 747 1585; x_wconf 73' lang='lat' dir='ltr'><strong>ecclesiae</strong></span> <span class='ocrx_word' id='word_1_20' title='bbox 769 1556 874 1585; x_wconf 80' lang='lat' dir='ltr'><strong>Sancti</strong></span> <span class='ocrx_word' id='word_1_21' title='bbox 894 1556 1050 1585; x_wconf 69' lang='lat' dir='ltr'><strong>Franciscz·</strong></span> 
     </span>
     <span class='ocr_line' id='line_1_5' title="bbox 47 1608 1048 1650; baseline -0.005 -7"><span class='ocrx_word' id='word_1_22' title='bbox 47 1613 218 1646; x_wconf 73' lang='lat' dir='ltr'><strong>Assisinatis</strong></span> <span class='ocrx_word' id='word_1_23' title='bbox 241 1613 426 1650; x_wconf 90' lang='lat' dir='ltr'><strong>paramenta</strong></span> <span class='ocrx_word' id='word_1_24' title='bbox 450 1608 660 1648; x_wconf 77' lang='lat' dir='ltr'><strong>pontificalia,</strong></span> <span class='ocrx_word' id='word_1_25' title='bbox 689 1617 763 1639; x_wconf 89' lang='lat' dir='ltr'><strong>vasa</strong></span> <span class='ocrx_word' id='word_1_26' title='bbox 784 1612 950 1646; x_wconf 86' lang='lat' dir='ltr'><strong>argentea,</strong></span> <span class='ocrx_word' id='word_1_27' title='bbox 975 1613 1048 1646; x_wconf 87' lang='lat' dir='ltr'><strong>etc.,</strong></span> 
     </span>
     <span class='ocr_line' id='line_1_6' title="bbox 47 1661 1050 1707; baseline -0.006 -10"><span class='ocrx_word' id='word_1_28' title='bbox 47 1675 102 1707; x_wconf 85' lang='lat' dir='ltr'><strong>pro</strong></span> <span class='ocrx_word' id='word_1_29' title='bbox 116 1665 227 1696; x_wconf 81' lang='lat' dir='ltr'><strong>eadem</strong></span> <span class='ocrx_word' id='word_1_30' title='bbox 243 1663 385 1700; x_wconf 87' lang='lat' dir='ltr'><strong>ecclesia,</strong></span> <span class='ocrx_word' id='word_1_31' title='bbox 403 1671 458 1702; x_wconf 86' lang='lat' dir='ltr'><strong>per</strong></span> <span class='ocrx_word' id='word_1_32' title='bbox 474 1662 664 1700; x_wconf 85' lang='lat' dir='ltr'><strong>magistrum</strong></span> <span class='ocrx_word' id='word_1_33' title='bbox 681 1662 812 1692; x_wconf 85' lang='lat' dir='ltr'><strong>Petrum</strong></span> <span class='ocrx_word' id='word_1_34' title='bbox 826 1661 864 1692; x_wconf 88' lang='lat' dir='ltr'><strong>de</strong></span> <span class='ocrx_word' id='word_1_35' title='bbox 881 1661 970 1699; x_wconf 86' lang='lat' dir='ltr'><strong>Sora,</strong></span> <span class='ocrx_word' id='word_1_36' title='bbox 988 1662 1050 1692; x_wconf 85' lang='lat' dir='ltr'><strong>cle-</strong></span> 
     </span>
     <span class='ocr_line' id='line_1_7' title="bbox 47 1715 748 1751; baseline -0.009 -1"><span class='ocrx_word' id='word_1_37' title='bbox 47 1719 147 1750; x_wconf 81' lang='lat' dir='ltr'><strong>ricum</strong></span> <span class='ocrx_word' id='word_1_38' title='bbox 163 1723 193 1748; x_wconf 90' lang='lat' dir='ltr'><strong>et</strong></span> <span class='ocrx_word' id='word_1_39' title='bbox 208 1716 401 1747; x_wconf 73' lang='lat' dir='ltr'><strong>familiarem</strong></span> <span class='ocrx_word' id='word_1_40' title='bbox 417 1725 528 1751; x_wconf 84' lang='lat' dir='ltr'><strong>suum,</strong></span> <span class='ocrx_word' id='word_1_41' title='bbox 550 1715 748 1745; x_wconf 79' lang='lat' dir='ltr'><strong>transmittit.</strong></span> 
     </span>
    </p>

    <p class='ocr_par' dir='ltr' id='par_1_5' title="bbox 46 1768 1051 1862">
     <span class='ocr_line' id='line_1_8' title="bbox 87 1768 1051 1810; baseline 0 -11"><span class='ocrx_word' id='word_1_42' title='bbox 87 1783 102 1800; x_wconf 86' lang='lat'>«</span> <span class='ocrx_word' id='word_1_43' title='bbox 118 1770 324 1810; x_wconf 89' lang='lat' dir='ltr'><strong>Suscepimus</strong></span> <span class='ocrx_word' id='word_1_44' title='bbox 340 1778 444 1809; x_wconf 85' lang='lat' dir='ltr'>nuper</span> <span class='ocrx_word' id='word_1_45' title='bbox 465 1768 578 1799; x_wconf 87' lang='lat' dir='ltr'><strong>licet...</strong></span> <span class='ocrx_word' id='word_1_46' title='bbox 600 1784 640 1791; x_wconf 94' lang='lat'>—</span> <span class='ocrx_word' id='word_1_47' title='bbox 662 1768 733 1798; x_wconf 86' lang='lat' dir='ltr'><strong>Dat.</strong></span> <span class='ocrx_word' id='word_1_48' title='bbox 755 1768 922 1804; x_wconf 83' lang='lat' dir='ltr'><strong>Laterani,</strong></span> <span class='ocrx_word' id='word_1_49' title='bbox 945 1778 975 1798; x_wconf 77' lang='lat' dir='ltr'><strong>w</strong></span> <span class='ocrx_word' id='word_1_50' title='bbox 994 1768 1051 1799; x_wconf 87' lang='lat' dir='ltr'><strong>ka-</strong></span> 
     </span>
     <span class='ocr_line' id='line_1_9' title="bbox 46 1821 877 1862; baseline -0.006 -6"><span class='ocrx_word' id='word_1_51' title='bbox 46 1825 156 1856; x_wconf 75' lang='lat' dir='ltr'><strong>lendas</strong></span> <span class='ocrx_word' id='word_1_52' title='bbox 170 1824 292 1860; x_wconf 88' lang='lat' dir='ltr'><strong>martii,</strong></span> <span class='ocrx_word' id='word_1_53' title='bbox 312 1831 398 1854; x_wconf 91' lang='lat' dir='ltr'><strong>anno</strong></span> <span class='ocrx_word' id='word_1_54' title='bbox 415 1823 530 1862; x_wconf 85' lang='lat' dir='ltr'><strong>primo.</strong></span> <span class='ocrx_word' id='word_1_55' title='bbox 553 1834 566 1849; x_wconf 69' lang='lat' dir='ltr'><strong>n</strong></span> <span class='ocrx_word' id='word_1_56' title='bbox 584 1822 733 1860; x_wconf 59' lang='lat' dir='ltr'><strong>(Pomm,</strong></span> <span class='ocrx_word' id='word_1_57' title='bbox 752 1821 877 1861; x_wconf 76' lang='lat'><strong>22605.)</strong></span> 
     </span>
    </p>
   </div>
   <div class='ocr_carea' id='block_1_5' title="bbox 491 1493 974 1526">
    <p class='ocr_par' dir='ltr' id='par_1_6' title="bbox 491 1493 974 1526">
     <span class='ocr_line' id='line_1_10' title="bbox 491 1493 974 1526; baseline 0 -6"><span class='ocrx_word' id='word_1_58' title='bbox 491 1493 608 1526; x_wconf 78' lang='lat' dir='ltr'><strong>Lau-au,</strong></span> <span class='ocrx_word' id='word_1_59' title='bbox 625 1493 658 1520; x_wconf 72' lang='lat'><strong>‘24</strong></span> <span class='ocrx_word' id='word_1_60' title='bbox 674 1501 711 1520; x_wconf 89' lang='lat' dir='ltr'><strong>ou</strong></span> <span class='ocrx_word' id='word_1_61' title='bbox 725 1493 759 1520; x_wconf 73' lang='lat'><strong>25</strong></span> <span class='ocrx_word' id='word_1_62' title='bbox 775 1493 878 1520; x_wconf 78' lang='lat' dir='ltr'><strong>fevrier</strong></span> <span class='ocrx_word' id='word_1_63' title='bbox 896 1493 974 1520; x_wconf 68' lang='lat'><strong>1288.</strong></span> 
     </span>
    </p>
   </div>
   <div class='ocr_carea' id='block_1_6' title="bbox 116 1988 230 2018">
    <p class='ocr_par' dir='ltr' id='par_1_7' title="bbox 116 1988 230 2018">
     <span class='ocr_line' id='line_1_11' title="bbox 116 1988 230 2018; baseline -0.018 0"><span class='ocrx_word' id='word_1_64' title='bbox 116 1988 230 2018; x_wconf 65' lang='lat'><strong>¹2:398</strong></span> 
     </span>
    </p>
   </div>
   <div class='ocr_carea' id='block_1_7' title="bbox 47 2049 1055 2410">
    <p class='ocr_par' dir='ltr' id='par_1_8' title="bbox 47 2049 1053 2294">
     <span class='ocr_line' id='line_1_12' title="bbox 59 2049 1050 2088; baseline -0.001 -8"><span class='ocrx_word' id='word_1_65' title='bbox 59 2082 62 2085; x_wconf 60' lang='grc'>,</span> <span class='ocrx_word' id='word_1_66' title='bbox 87 2072 107 2080; x_wconf 89' lang='grc'><strong>..</strong></span> <span class='ocrx_word' id='word_1_67' title='bbox 129 2051 230 2080; x_wconf 68' lang='lat' dir='ltr'><strong>abbaci</strong></span> <span class='ocrx_word' id='word_1_68' title='bbox 251 2051 430 2080; x_wconf 78' lang='lat' dir='ltr'><strong>‘monasterii</strong></span> <span class='ocrx_word' id='word_1_69' title='bbox 449 2050 555 2079; x_wconf 76' lang='lat' dir='ltr'><strong>Sancti</strong></span> <span class='ocrx_word' id='word_1_70' title='bbox 579 2049 804 2079; x_wconf 79' lang='lat' dir='ltr'><strong>Bartholomaei</strong></span> <span class='ocrx_word' id='word_1_71' title='bbox 825 2049 932 2087; x_wconf 82' lang='lat' dir='ltr'><strong>Campi</strong></span> <span class='ocrx_word' id='word_1_72' title='bbox 950 2050 1050 2088; x_wconf 70' lang='lat' dir='ltr'><strong>Reyis,</strong></span> 
     </span>
     <span class='ocr_line' id='line_1_13' title="bbox 47 2102 1052 2142; baseline -0.002 -8"><span class='ocrx_word' id='word_1_73' title='bbox 47 2104 224 2142; x_wconf 73' lang='lat' dir='ltr'><strong>Euyubinae</strong></span> <span class='ocrx_word' id='word_1_74' title='bbox 246 2104 400 2140; x_wconf 80' lang='lat' dir='ltr'><strong>dioecesis,</strong></span> <span class='ocrx_word' id='word_1_75' title='bbox 418 2102 550 2132; x_wconf 88' lang='lat' dir='ltr'><strong>mandat</strong></span> <span class='ocrx_word' id='word_1_76' title='bbox 567 2106 655 2132; x_wconf 87' lang='lat' dir='ltr'><strong>curet</strong></span> <span class='ocrx_word' id='word_1_77' title='bbox 671 2107 706 2132; x_wconf 91' lang='lat' dir='ltr'><strong>ut</strong></span> <span class='ocrx_word' id='word_1_78' title='bbox 724 2104 884 2133; x_wconf 85' lang='lat' dir='ltr'><strong>sententia</strong></span> <span class='ocrx_word' id='word_1_79' title='bbox 899 2112 917 2132; x_wconf 85' lang='lat' dir='ltr'><strong>a</strong></span> <span class='ocrx_word' id='word_1_80' title='bbox 935 2103 1052 2133; x_wconf 83' lang='lat' dir='ltr'><strong>vicario</strong></span> 
     </span>
     <span class='ocr_line' id='line_1_14' title="bbox 47 2155 1053 2196; baseline -0.001 -10"><span class='ocrx_word' id='word_1_81' title='bbox 47 2156 184 2196; x_wconf 86' lang='lat' dir='ltr'><strong>episcopi</strong></span> <span class='ocrx_word' id='word_1_82' title='bbox 214 2156 378 2196; x_wconf 87' lang='lat' dir='ltr'><strong>Eugubini</strong></span> <span class='ocrx_word' id='word_1_83' title='bbox 404 2164 460 2195; x_wconf 88' lang='lat' dir='ltr'><strong>pro</strong></span> <span class='ocrx_word' id='word_1_84' title='bbox 488 2155 641 2185; x_wconf 81' lang='lat' dir='ltr'><strong>fratribus</strong></span> <span class='ocrx_word' id='word_1_85' title='bbox 667 2155 791 2186; x_wconf 87' lang='lat' dir='ltr'><strong>ordinis</strong></span> <span class='ocrx_word' id='word_1_86' title='bbox 822 2156 987 2186; x_wconf 90' lang='lat' dir='ltr'><strong>minorum</strong></span> <span class='ocrx_word' id='word_1_87' title='bbox 1014 2156 1053 2186; x_wconf 93' lang='lat' dir='ltr'><strong>de</strong></span> 
     </span>
     <span class='ocr_line' id='line_1_15' title="bbox 48 2208 1053 2248; baseline -0.002 -8"><span class='ocrx_word' id='word_1_88' title='bbox 48 2209 193 2248; x_wconf 85' lang='lat' dir='ltr'><strong>Eugubio</strong></span> <span class='ocrx_word' id='word_1_89' title='bbox 218 2215 329 2239; x_wconf 86' lang='lat' dir='ltr'><strong>contra</strong></span> <span class='ocrx_word' id='word_1_90' title='bbox 353 2209 584 2239; x_wconf 87' lang='lat' dir='ltr'><strong>monasterium</strong></span> <span class='ocrx_word' id='word_1_91' title='bbox 603 2208 713 2239; x_wconf 79' lang='lat' dir='ltr'><strong>Sancti</strong></span> <span class='ocrx_word' id='word_1_92' title='bbox 736 2209 821 2239; x_wconf 87' lang='lat' dir='ltr'><strong>Petri</strong></span> <span class='ocrx_word' id='word_1_93' title='bbox 844 2209 1053 2247; x_wconf 83' lang='lat' dir='ltr'><strong>Eugubinum</strong></span> 
     </span>
     <span class='ocr_line' id='line_1_16' title="bbox 47 2262 318 2294; baseline 0 -1"><span class='ocrx_word' id='word_1_94' title='bbox 47 2262 108 2293; x_wconf 84' lang='lat' dir='ltr'><strong>lata</strong></span> <span class='ocrx_word' id='word_1_95' title='bbox 120 2264 318 2294; x_wconf 78' lang='lat' dir='ltr'><strong>observetur.</strong></span> 
     </span>
    </p>

    <p class='ocr_par' dir='ltr' id='par_1_9' title="bbox 49 2315 1055 2410">
     <span class='ocr_line' id='line_1_17' title="bbox 88 2315 1052 2355; baseline -0.001 -8"><span class='ocrx_word' id='word_1_96' title='bbox 88 2327 102 2343; x_wconf 70' lang='grc' dir='ltr'>ι</span> <span class='ocrx_word' id='word_1_97' title='bbox 125 2316 189 2347; x_wconf 89' lang='lat' dir='ltr'><strong>Sua</strong></span> <span class='ocrx_word' id='word_1_98' title='bbox 212 2317 304 2347; x_wconf 89' lang='lat' dir='ltr'><strong>nobis</strong></span> <span class='ocrx_word' id='word_1_99' title='bbox 324 2315 470 2346; x_wconf 86' lang='lat' dir='ltr'><strong>dilecti...</strong></span> <span class='ocrx_word' id='word_1_100' title='bbox 493 2332 533 2338; x_wconf 88' lang='lat'>—</span> <span class='ocrx_word' id='word_1_101' title='bbox 556 2316 627 2345; x_wconf 88' lang='lat' dir='ltr'><strong>Dat.</strong></span> <span class='ocrx_word' id='word_1_102' title='bbox 653 2316 771 2351; x_wconf 83' lang='lat' dir='ltr'><strong>Rome,</strong></span> <span class='ocrx_word' id='word_1_103' title='bbox 795 2316 878 2355; x_wconf 83' lang='lat' dir='ltr'><strong>apud</strong></span> <span class='ocrx_word' id='word_1_104' title='bbox 898 2316 1052 2347; x_wconf 82' lang='lat' dir='ltr'><strong>Sanctum</strong></span> 
     </span>
     <span class='ocr_line' id='line_1_18' title="bbox 49 2368 1055 2410; baseline 0.001 -12"><span class='ocrx_word' id='word_1_105' title='bbox 49 2368 188 2406; x_wconf 87' lang='lat' dir='ltr'><strong>Petrum,</strong></span> <span class='ocrx_word' id='word_1_106' title='bbox 204 2378 235 2398; x_wconf 89' lang='lat' dir='ltr'><strong>1v</strong></span> <span class='ocrx_word' id='word_1_107' title='bbox 253 2377 354 2399; x_wconf 91' lang='lat' dir='ltr'><strong>nonas</strong></span> <span class='ocrx_word' id='word_1_108' title='bbox 370 2370 488 2406; x_wconf 89' lang='lat' dir='ltr'><strong>martii,</strong></span> <span class='ocrx_word' id='word_1_109' title='bbox 504 2378 590 2399; x_wconf 88' lang='lat' dir='ltr'><strong>anno</strong></span> <span class='ocrx_word' id='word_1_110' title='bbox 602 2369 715 2408; x_wconf 88' lang='lat' dir='ltr'><strong>primo.</strong></span> <span class='ocrx_word' id='word_1_111' title='bbox 736 2382 748 2397; x_wconf 70' lang='lat' dir='ltr'><strong><em>n</em></strong></span> <span class='ocrx_word' id='word_1_112' title='bbox 767 2370 915 2407; x_wconf 58' lang='lat' dir='ltr'><strong>(Pomm,</strong></span> <span class='ocrx_word' id='word_1_113' title='bbox 930 2370 1055 2410; x_wconf 71' lang='lat'>22613.)</span> 
     </span>
    </p>
   </div>
   <div class='ocr_carea' id='block_1_8' title="bbox 553 1986 978 2021">
    <p class='ocr_par' dir='ltr' id='par_1_10' title="bbox 553 1986 978 2021">
     <span class='ocr_line' id='line_1_19' title="bbox 553 1986 978 2021; baseline 0.002 -8"><span class='ocrx_word' id='word_1_114' title='bbox 553 1986 758 2021; x_wconf 83' lang='lat' dir='ltr'><strong>Saint-Pierre‚</strong></span> <span class='ocrx_word' id='word_1_115' title='bbox 775 1987 790 2013; x_wconf 88' lang='grc'>4</span> <span class='ocrx_word' id='word_1_116' title='bbox 808 1995 884 2014; x_wconf 81' lang='lat' dir='ltr'><strong>mars</strong></span> <span class='ocrx_word' id='word_1_117' title='bbox 902 1987 978 2014; x_wconf 71' lang='lat'><strong>1288.</strong></span> 
     </span>
    </p>
   </div>
   <div class='ocr_carea' id='block_1_9' title="bbox 118 2534 979 2569">
    <p class='ocr_par' dir='ltr' id='par_1_11' title="bbox 118 2534 979 2569">
     <span class='ocr_line' id='line_1_20' title="bbox 118 2534 979 2569; baseline 0.001 -7"><span class='ocrx_word' id='word_1_118' title='bbox 118 2534 232 2562; x_wconf 64' lang='lat'><strong>&#39;3398</strong></span> <span class='ocrx_word' id='word_1_119' title='bbox 536 2535 748 2569; x_wconf 66' lang='lat' dir='ltr'><strong>Saum-pierre,</strong></span> <span class='ocrx_word' id='word_1_120' title='bbox 767 2537 797 2563; x_wconf 84' lang='lat'><strong>11</strong></span> <span class='ocrx_word' id='word_1_121' title='bbox 815 2536 885 2563; x_wconf 84' lang='lat' dir='ltr'><strong>avril</strong></span> <span class='ocrx_word' id='word_1_122' title='bbox 902 2536 979 2563; x_wconf 64' lang='lat'>1288.</span> 
     </span>
    </p>
   </div>
   <div class='ocr_carea' id='block_1_10' title="bbox 21 2598 1054 2745">
    <p class='ocr_par' dir='ltr' id='par_1_12' title="bbox 21 2598 1054 2745">
     <span class='ocr_line' id='line_1_21' title="bbox 89 2598 1053 2637; baseline 0.005 -13"><span class='ocrx_word' id='word_1_123' title='bbox 89 2616 110 2624; x_wconf 90' lang='lat'><strong>..</strong></span> <span class='ocrx_word' id='word_1_124' title='bbox 134 2598 297 2634; x_wconf 66' lang='lat' dir='ltr'><strong>magistro,</strong></span> <span class='ocrx_word' id='word_1_125' title='bbox 323 2598 534 2635; x_wconf 79' lang='lat' dir='ltr'><strong>definitoribus</strong></span> <span class='ocrx_word' id='word_1_126' title='bbox 560 2603 586 2628; x_wconf 83' lang='lat' dir='ltr'><strong>et</strong></span> <span class='ocrx_word' id='word_1_127' title='bbox 614 2600 749 2636; x_wconf 74' lang='lat' dir='ltr'><strong>capitulo</strong></span> <span class='ocrx_word' id='word_1_128' title='bbox 773 2601 911 2637; x_wconf 62' lang='lat' dir='ltr'><strong>generali</strong></span> <span class='ocrx_word' id='word_1_129' title='bbox 934 2601 1053 2630; x_wconf 74' lang='lat' dir='ltr'><strong>ordinis</strong></span> 
     </span>
     <span class='ocr_line' id='line_1_22' title="bbox 21 2645 792 2688; baseline 0.005 -11"><span class='ocrx_word' id='word_1_130' title='bbox 21 2645 24 2647; x_wconf 76' lang='grc'><strong>’</strong></span> <span class='ocrx_word' id='word_1_131' title='bbox 45 2649 293 2685; x_wconf 77' lang='lat' dir='ltr'><strong>praedicatorum</strong></span> <span class='ocrx_word' id='word_1_132' title='bbox 310 2650 470 2688; x_wconf 79' lang='lat' dir='ltr'><strong>significat</strong></span> <span class='ocrx_word' id='word_1_133' title='bbox 484 2650 673 2682; x_wconf 80' lang='lat' dir='ltr'><strong>electionem</strong></span> <span class='ocrx_word' id='word_1_134' title='bbox 690 2661 792 2681; x_wconf 87' lang='lat' dir='ltr'><strong>suam.</strong></span> 
     </span>
     <span class='ocr_line' id='line_1_23' title="bbox 91 2701 1054 2745; baseline 0.007 -16"><span class='ocrx_word' id='word_1_135' title='bbox 91 2711 105 2727; x_wconf 70' lang='grc' dir='ltr'><strong>ιι</strong></span> <span class='ocrx_word' id='word_1_136' title='bbox 131 2701 326 2740; x_wconf 87' lang='lat' dir='ltr'><strong>Disponente</strong></span> <span class='ocrx_word' id='word_1_137' title='bbox 355 2704 475 2733; x_wconf 89' lang='lat' dir='ltr'><strong>summi</strong></span> <span class='ocrx_word' id='word_1_138' title='bbox 507 2705 627 2742; x_wconf 85' lang='lat' dir='ltr'><strong>regis...</strong></span> <span class='ocrx_word' id='word_1_139' title='bbox 656 2721 695 2727; x_wconf 90' lang='lat'>-</span> <span class='ocrx_word' id='word_1_140' title='bbox 721 2705 790 2736; x_wconf 88' lang='lat' dir='ltr'><strong>Dat.</strong></span> <span class='ocrx_word' id='word_1_141' title='bbox 825 2706 938 2743; x_wconf 86' lang='lat' dir='ltr'><strong>Rome,</strong></span> <span class='ocrx_word' id='word_1_142' title='bbox 971 2706 1054 2745; x_wconf 90' lang='lat' dir='ltr'><strong>apud</strong></span> 
     </span>
    </p>
   </div>
   <div class='ocr_carea' id='block_1_11' title="bbox 0 2751 1052 2848">
    <p class='ocr_par' dir='ltr' id='par_1_13' title="bbox 0 2751 1052 2848">
     <span class='ocr_line' id='line_1_24' title="bbox 0 2751 1052 2798; baseline 0.005 -17"><span class='ocrx_word' id='word_1_143' title='bbox 0 2773 1 2780; x_wconf 39' lang='lat'>1</span> <span class='ocrx_word' id='word_1_144' title='bbox 50 2751 200 2784; x_wconf 86' lang='lat' dir='ltr'><strong>Sanctum</strong></span> <span class='ocrx_word' id='word_1_145' title='bbox 232 2756 386 2793; x_wconf 81' lang='lat' dir='ltr'><strong>Petrum,</strong></span> <span class='ocrx_word' id='word_1_146' title='bbox 423 2766 459 2787; x_wconf 84' lang='lat'><strong>111</strong></span> <span class='ocrx_word' id='word_1_147' title='bbox 493 2757 566 2788; x_wconf 86' lang='lat' dir='ltr'><strong>idus</strong></span> <span class='ocrx_word' id='word_1_148' title='bbox 596 2758 728 2797; x_wconf 76' lang='lat' dir='ltr'><strong>aprilis,</strong></span> <span class='ocrx_word' id='word_1_149' title='bbox 766 2767 851 2789; x_wconf 88' lang='lat' dir='ltr'><strong>anno</strong></span> <span class='ocrx_word' id='word_1_150' title='bbox 887 2760 1000 2798; x_wconf 89' lang='lat' dir='ltr'><strong>primo.</strong></span> <span class='ocrx_word' id='word_1_151' title='bbox 1040 2772 1052 2786; x_wconf 82' lang='lat'>»</span> 
     </span>
     <span class='ocr_line' id='line_1_25' title="bbox 49 2802 340 2848; baseline 0.01 -13"><span class='ocrx_word' id='word_1_152' title='bbox 49 2802 197 2844; x_wconf 57' lang='lat' dir='ltr'><strong>(Pomm,</strong></span> <span class='ocrx_word' id='word_1_153' title='bbox 216 2808 340 2848; x_wconf 71' lang='lat'><strong>22648.)</strong></span> 
     </span>
    </p>
   </div>
   <div class='ocr_carea' id='block_1_12' title="bbox 122 2972 237 3002">
    <p class='ocr_par' dir='ltr' id='par_1_14' title="bbox 122 2972 237 3002">
     <span class='ocr_line' id='line_1_26' title="bbox 122 2972 237 3002; baseline 0.017 -2"><span class='ocrx_word' id='word_1_154' title='bbox 122 2972 237 3002; x_wconf 63' lang='lat'>’34⁰0</span> 
     </span>
    </p>
   </div>
   <div class='ocr_carea' id='block_1_13' title="bbox 95 3035 1055 3071">
    <p class='ocr_par' dir='ltr' id='par_1_15' title="bbox 95 3035 1055 3071">
     <span class='ocr_line' id='line_1_27' title="bbox 95 3035 1055 3071; baseline 0.005 -7"><span class='ocrx_word' id='word_1_155' title='bbox 95 3056 114 3062; x_wconf 95' lang='lat'><strong>..</strong></span> <span class='ocrx_word' id='word_1_156' title='bbox 125 3035 431 3071; x_wconf 75' lang='lat' dir='ltr'><strong>officialiAbrincensz&#39;</strong></span> <span class='ocrx_word' id='word_1_157' title='bbox 440 3040 571 3069; x_wconf 87' lang='lat' dir='ltr'><strong>mandat</strong></span> <span class='ocrx_word' id='word_1_158' title='bbox 582 3045 617 3070; x_wconf 83' lang='lat' dir='ltr'><strong>ut</strong></span> <span class='ocrx_word' id='word_1_159' title='bbox 627 3040 715 3070; x_wconf 88' lang='lat' dir='ltr'><strong>litem</strong></span> <span class='ocrx_word' id='word_1_160' title='bbox 727 3042 810 3070; x_wconf 86' lang='lat' dir='ltr'><strong>inter</strong></span> <span class='ocrx_word' id='word_1_161' title='bbox 822 3041 1055 3071; x_wconf 87' lang='lat' dir='ltr'><strong>monasterium</strong></span> 
     </span>
    </p>
   </div>
   <div class='ocr_carea' id='block_1_14' title="bbox 539 2976 982 3011">
    <p class='ocr_par' dir='ltr' id='par_1_16' title="bbox 539 2976 982 3011">
     <span class='ocr_line' id='line_1_28' title="bbox 539 2976 982 3011; baseline 0.005 -9"><span class='ocrx_word' id='word_1_162' title='bbox 539 2976 751 3011; x_wconf 83' lang='lat' dir='ltr'><strong>Saint-Pierre,</strong></span> <span class='ocrx_word' id='word_1_163' title='bbox 772 2978 800 3004; x_wconf 73' lang='lat'><strong>12</strong></span> <span class='ocrx_word' id='word_1_164' title='bbox 817 2978 885 3004; x_wconf 82' lang='lat' dir='ltr'><strong>avril</strong></span> <span class='ocrx_word' id='word_1_165' title='bbox 906 2978 982 3004; x_wconf 64' lang='lat'>12³8.</span> 
     </span>
    </p>
   </div>
   <div class='ocr_carea' id='block_1_15' title="bbox 1132 1490 2144 1904">
    <p class='ocr_par' dir='ltr' id='par_1_17' title="bbox 1132 1490 2143 1794">
     <span class='ocr_line' id='line_1_29' title="bbox 1132 1490 2143 1530; baseline 0 -8"><span class='ocrx_word' id='word_1_166' title='bbox 1132 1493 1171 1523; x_wconf 86' lang='lat' dir='ltr'><strong>de</strong></span> <span class='ocrx_word' id='word_1_167' title='bbox 1185 1492 1300 1522; x_wconf 82' lang='lat' dir='ltr'><strong>Sancto</strong></span> <span class='ocrx_word' id='word_1_168' title='bbox 1319 1490 1449 1525; x_wconf 85' lang='lat' dir='ltr'><strong>Albino,</strong></span> <span class='ocrx_word' id='word_1_169' title='bbox 1467 1490 1687 1520; x_wconf 86' lang='lat' dir='ltr'><strong>Cisterciensis</strong></span> <span class='ocrx_word' id='word_1_170' title='bbox 1704 1490 1840 1525; x_wconf 76' lang='lat' dir='ltr'><strong>ordiniS,</strong></span> <span class='ocrx_word' id='word_1_171' title='bbox 1860 1500 1896 1520; x_wconf 83' lang='lat' dir='ltr'><strong>ex</strong></span> <span class='ocrx_word' id='word_1_172' title='bbox 1914 1499 1978 1521; x_wconf 90' lang='lat' dir='ltr'><strong>una</strong></span> <span class='ocrx_word' id='word_1_173' title='bbox 1997 1495 2097 1530; x_wconf 83' lang='lat' dir='ltr'><strong>parte,</strong></span> <span class='ocrx_word' id='word_1_174' title='bbox 2111 1495 2143 1522; x_wconf 76' lang='lat' dir='ltr'><strong>et</strong></span> 
     </span>
     <span class='ocr_line' id='line_1_30' title="bbox 1133 1544 2141 1583; baseline 0.001 -8"><span class='ocrx_word' id='word_1_175' title='bbox 1133 1545 1327 1576; x_wconf 82' lang='lat' dir='ltr'><strong>Gaufridum</strong></span> <span class='ocrx_word' id='word_1_176' title='bbox 1343 1545 1382 1575; x_wconf 88' lang='lat' dir='ltr'><strong>de</strong></span> <span class='ocrx_word' id='word_1_177' title='bbox 1398 1545 1528 1583; x_wconf 80' lang='lat' dir='ltr'><strong>Soreya,</strong></span> <span class='ocrx_word' id='word_1_178' title='bbox 1551 1545 1682 1574; x_wconf 85' lang='lat' dir='ltr'><strong>Petrum</strong></span> <span class='ocrx_word' id='word_1_179' title='bbox 1697 1544 1903 1582; x_wconf 87' lang='lat' dir='ltr'><strong>Tornemine,</strong></span> <span class='ocrx_word' id='word_1_180' title='bbox 1928 1544 2141 1576; x_wconf 87' lang='lat' dir='ltr'><strong>Guillelmum</strong></span> 
     </span>
     <span class='ocr_line' id='line_1_31' title="bbox 1133 1597 2139 1637; baseline 0 -8"><span class='ocrx_word' id='word_1_181' title='bbox 1133 1598 1526 1637; x_wconf 80' lang='lat' dir='ltr'><strong>deRupe‚Gaufridumde</strong></span> <span class='ocrx_word' id='word_1_182' title='bbox 1535 1597 2139 1637; x_wconf 81' lang='lat' dir='ltr'><strong>Lo...,milites‚RollandumGaufridi,</strong></span> 
     </span>
     <span class='ocr_line' id='line_1_32' title="bbox 1133 1650 2140 1688; baseline 0.001 -6"><span class='ocrx_word' id='word_1_183' title='bbox 1133 1652 1326 1683; x_wconf 86' lang='lat' dir='ltr'><strong>Gaufridum</strong></span> <span class='ocrx_word' id='word_1_184' title='bbox 1342 1651 1439 1687; x_wconf 77' lang='lat' dir='ltr'><strong>Petri,</strong></span> <span class='ocrx_word' id='word_1_185' title='bbox 1457 1651 1650 1681; x_wconf 85' lang='lat' dir='ltr'><strong>Gaufridum</strong></span> <span class='ocrx_word' id='word_1_186' title='bbox 1667 1651 1709 1680; x_wconf 93' lang='lat' dir='ltr'><strong>Le</strong></span> <span class='ocrx_word' id='word_1_187' title='bbox 1725 1651 1793 1687; x_wconf 78' lang='lat' dir='ltr'><strong>Du,</strong></span> <span class='ocrx_word' id='word_1_188' title='bbox 1811 1650 1920 1688; x_wconf 79' lang='lat' dir='ltr'><strong>laicos,</strong></span> <span class='ocrx_word' id='word_1_189' title='bbox 1935 1652 2140 1683; x_wconf 86' lang='lat' dir='ltr'><strong>Trecorensis</strong></span> 
     </span>
     <span class='ocr_line' id='line_1_33' title="bbox 1134 1704 2143 1744; baseline 0.001 -9"><span class='ocrx_word' id='word_1_190' title='bbox 1134 1710 1164 1736; x_wconf 90' lang='lat' dir='ltr'><strong>et</strong></span> <span class='ocrx_word' id='word_1_191' title='bbox 1181 1705 1364 1735; x_wconf 84' lang='lat' dir='ltr'><strong>Briocensis</strong></span> <span class='ocrx_word' id='word_1_192' title='bbox 1383 1705 1549 1734; x_wconf 87' lang='lat' dir='ltr'><strong>civitatum</strong></span> <span class='ocrx_word' id='word_1_193' title='bbox 1567 1708 1597 1734; x_wconf 89' lang='lat' dir='ltr'><strong>et</strong></span> <span class='ocrx_word' id='word_1_194' title='bbox 1619 1704 1826 1740; x_wconf 85' lang='lat' dir='ltr'><strong>dioecesium,</strong></span> <span class='ocrx_word' id='word_1_195' title='bbox 1852 1714 1888 1734; x_wconf 87' lang='lat' dir='ltr'><strong>ex</strong></span> <span class='ocrx_word' id='word_1_196' title='bbox 1906 1705 2023 1742; x_wconf 85' lang='lat' dir='ltr'><strong>altera,</strong></span> <span class='ocrx_word' id='word_1_197' title='bbox 2047 1714 2143 1744; x_wconf 84' lang='lat' dir='ltr'><strong>super</strong></span> 
     </span>
     <span class='ocr_line' id='line_1_34' title="bbox 1134 1756 2051 1794; baseline 0 -6"><span class='ocrx_word' id='word_1_198' title='bbox 1134 1758 1280 1794; x_wconf 81' lang='lat' dir='ltr'><strong>decimis,</strong></span> <span class='ocrx_word' id='word_1_199' title='bbox 1300 1758 1402 1792; x_wconf 86' lang='lat' dir='ltr'><strong>terris,</strong></span> <span class='ocrx_word' id='word_1_200' title='bbox 1421 1757 1536 1787; x_wconf 85' lang='lat' dir='ltr'><strong>debitis</strong></span> <span class='ocrx_word' id='word_1_201' title='bbox 1553 1761 1583 1786; x_wconf 89' lang='lat' dir='ltr'><strong>et</strong></span> <span class='ocrx_word' id='word_1_202' title='bbox 1600 1756 1672 1787; x_wconf 87' lang='lat' dir='ltr'><strong>aliis</strong></span> <span class='ocrx_word' id='word_1_203' title='bbox 1688 1758 1877 1787; x_wconf 78' lang='lat' dir='ltr'><strong>existentem</strong></span> <span class='ocrx_word' id='word_1_204' title='bbox 1891 1757 2051 1788; x_wconf 84' lang='lat' dir='ltr'><strong>decernat.</strong></span> 
     </span>
    </p>

    <p class='ocr_par' dir='ltr' id='par_1_18' title="bbox 1134 1809 2144 1904">
     <span class='ocr_line' id='line_1_35' title="bbox 1176 1809 2142 1850; baseline 0.003 -12"><span class='ocrx_word' id='word_1_205' title='bbox 1176 1822 1190 1838; x_wconf 71' lang='grc' dir='ltr'><em>α</em></span> <span class='ocrx_word' id='word_1_206' title='bbox 1207 1810 1381 1849; x_wconf 88' lang='lat' dir='ltr'><strong>Conquesti</strong></span> <span class='ocrx_word' id='word_1_207' title='bbox 1398 1813 1472 1840; x_wconf 83' lang='lat' dir='ltr'><strong>sunt</strong></span> <span class='ocrx_word' id='word_1_208' title='bbox 1483 1809 1612 1839; x_wconf 83' lang='lat' dir='ltr'><strong>nobis...</strong></span> <span class='ocrx_word' id='word_1_209' title='bbox 1628 1828 1665 1831; x_wconf 97' lang='lat'><strong>—</strong></span> <span class='ocrx_word' id='word_1_210' title='bbox 1682 1810 1752 1840; x_wconf 87' lang='lat' dir='ltr'><strong>Dat.</strong></span> <span class='ocrx_word' id='word_1_211' title='bbox 1766 1811 1877 1847; x_wconf 86' lang='lat' dir='ltr'><strong>Rome,</strong></span> <span class='ocrx_word' id='word_1_212' title='bbox 1889 1810 1973 1850; x_wconf 88' lang='lat' dir='ltr'><strong>apud</strong></span> <span class='ocrx_word' id='word_1_213' title='bbox 1988 1811 2142 1841; x_wconf 87' lang='lat' dir='ltr'><strong>Sanctum</strong></span> 
     </span>
     <span class='ocr_line' id='line_1_36' title="bbox 1134 1862 2144 1904; baseline 0.001 -11"><span class='ocrx_word' id='word_1_214' title='bbox 1134 1863 1282 1900; x_wconf 89' lang='lat' dir='ltr'><strong>Petrum,</strong></span> <span class='ocrx_word' id='word_1_215' title='bbox 1301 1873 1321 1893; x_wconf 89' lang='lat'><strong>11</strong></span> <span class='ocrx_word' id='word_1_216' title='bbox 1338 1863 1410 1893; x_wconf 85' lang='lat' dir='ltr'><strong>idus</strong></span> <span class='ocrx_word' id='word_1_217' title='bbox 1427 1862 1556 1902; x_wconf 86' lang='lat' dir='ltr'><strong>aprilis,</strong></span> <span class='ocrx_word' id='word_1_218' title='bbox 1574 1872 1661 1894; x_wconf 90' lang='lat' dir='ltr'><strong>anno</strong></span> <span class='ocrx_word' id='word_1_219' title='bbox 1681 1864 1797 1902; x_wconf 89' lang='lat' dir='ltr'><strong>primo.</strong></span> <span class='ocrx_word' id='word_1_220' title='bbox 1818 1876 1831 1890; x_wconf 68' lang='lat' dir='ltr'><strong>r&gt;</strong></span> <span class='ocrx_word' id='word_1_221' title='bbox 1849 1864 2001 1903; x_wconf 58' lang='lat' dir='ltr'><strong>(Pomm,</strong></span> <span class='ocrx_word' id='word_1_222' title='bbox 2019 1863 2144 1904; x_wconf 70' lang='lat'><strong>22649.)</strong></span> 
     </span>
    </p>
   </div>
   <div class='ocr_carea' id='block_1_16' title="bbox 1207 2016 2071 2051">
    <p class='ocr_par' dir='ltr' id='par_1_19' title="bbox 1207 2016 2071 2051">
     <span class='ocr_line' id='line_1_37' title="bbox 1207 2016 2071 2051; baseline 0 -6"><span class='ocrx_word' id='word_1_223' title='bbox 1207 2016 1319 2045; x_wconf 52' lang='lat'><strong>*401</strong></span> <span class='ocrx_word' id='word_1_224' title='bbox 1638 2016 1844 2051; x_wconf 79' lang='lat' dir='ltr'><strong>Saint-Pierre,</strong></span> <span class='ocrx_word' id='word_1_225' title='bbox 1863 2016 1894 2043; x_wconf 74' lang='lat'><strong>12</strong></span> <span class='ocrx_word' id='word_1_226' title='bbox 1909 2017 1979 2043; x_wconf 86' lang='lat' dir='ltr'><strong>avril</strong></span> <span class='ocrx_word' id='word_1_227' title='bbox 1994 2017 2071 2045; x_wconf 71' lang='lat'>1288.</span> 
     </span>
    </p>
   </div>
   <div class='ocr_carea' id='block_1_17' title="bbox 1135 2078 2148 2705">
    <p class='ocr_par' dir='ltr' id='par_1_20' title="bbox 1135 2078 2148 2588">
     <span class='ocr_line' id='line_1_38' title="bbox 1177 2078 2144 2116; baseline 0.001 -7"><span class='ocrx_word' id='word_1_228' title='bbox 1177 2102 1197 2110; x_wconf 88' lang='lat'><strong>..</strong></span> <span class='ocrx_word' id='word_1_229' title='bbox 1209 2079 1338 2116; x_wconf 75' lang='lat' dir='ltr'><strong>officiali</strong></span> <span class='ocrx_word' id='word_1_230' title='bbox 1349 2080 1521 2109; x_wconf 81' lang='lat' dir='ltr'><strong>Trecorensi</strong></span> <span class='ocrx_word' id='word_1_231' title='bbox 1531 2078 1663 2108; x_wconf 88' lang='lat' dir='ltr'><strong>mandat</strong></span> <span class='ocrx_word' id='word_1_232' title='bbox 1674 2082 1707 2108; x_wconf 87' lang='lat' dir='ltr'><strong>ut</strong></span> <span class='ocrx_word' id='word_1_233' title='bbox 1717 2078 1807 2109; x_wconf 86' lang='lat' dir='ltr'><strong>litem</strong></span> <span class='ocrx_word' id='word_1_234' title='bbox 1818 2079 1902 2109; x_wconf 87' lang='lat' dir='ltr'><strong>inter</strong></span> <span class='ocrx_word' id='word_1_235' title='bbox 1912 2080 2144 2110; x_wconf 87' lang='lat' dir='ltr'><strong>monasterium</strong></span> 
     </span>
     <span class='ocr_line' id='line_1_39' title="bbox 1136 2131 2146 2171; baseline 0.004 -11"><span class='ocrx_word' id='word_1_236' title='bbox 1136 2131 1174 2161; x_wconf 89' lang='lat' dir='ltr'><strong>de</strong></span> <span class='ocrx_word' id='word_1_237' title='bbox 1190 2132 1306 2162; x_wconf 85' lang='lat' dir='ltr'><strong>Sancto</strong></span> <span class='ocrx_word' id='word_1_238' title='bbox 1320 2131 1449 2168; x_wconf 86' lang='lat' dir='ltr'><strong>Albino,</strong></span> <span class='ocrx_word' id='word_1_239' title='bbox 1468 2131 1691 2161; x_wconf 84' lang='lat' dir='ltr'><strong>Cisterciensis</strong></span> <span class='ocrx_word' id='word_1_240' title='bbox 1707 2132 1844 2169; x_wconf 82' lang='lat' dir='ltr'><strong>ordinis,</strong></span> <span class='ocrx_word' id='word_1_241' title='bbox 1863 2141 1900 2162; x_wconf 83' lang='lat' dir='ltr'><strong>ex</strong></span> <span class='ocrx_word' id='word_1_242' title='bbox 1918 2141 1983 2162; x_wconf 88' lang='lat' dir='ltr'><strong>una</strong></span> <span class='ocrx_word' id='word_1_243' title='bbox 1998 2137 2097 2171; x_wconf 84' lang='lat' dir='ltr'><strong>parte,</strong></span> <span class='ocrx_word' id='word_1_244' title='bbox 2114 2136 2146 2164; x_wconf 77' lang='lat' dir='ltr'><strong>et</strong></span> 
     </span>
     <span class='ocr_line' id='line_1_40' title="bbox 1135 2185 2143 2223; baseline 0.003 -9"><span class='ocrx_word' id='word_1_245' title='bbox 1135 2185 1366 2215; x_wconf 85' lang='lat' dir='ltr'><strong>monasterium</strong></span> <span class='ocrx_word' id='word_1_246' title='bbox 1395 2185 1508 2214; x_wconf 83' lang='lat' dir='ltr'><strong>Beatae</strong></span> <span class='ocrx_word' id='word_1_247' title='bbox 1531 2185 1652 2215; x_wconf 84' lang='lat' dir='ltr'><strong>Mariae</strong></span> <span class='ocrx_word' id='word_1_248' title='bbox 1675 2185 1713 2215; x_wconf 86' lang='lat' dir='ltr'><strong>de</strong></span> <span class='ocrx_word' id='word_1_249' title='bbox 1737 2185 1826 2216; x_wconf 88' lang='lat' dir='ltr'><strong>Bello</strong></span> <span class='ocrx_word' id='word_1_250' title='bbox 1846 2186 1946 2223; x_wconf 80' lang='lat' dir='ltr'><strong>Loco,</strong></span> <span class='ocrx_word' id='word_1_251' title='bbox 1967 2187 2090 2216; x_wconf 84' lang='lat' dir='ltr'><strong>ordinis</strong></span> <span class='ocrx_word' id='word_1_252' title='bbox 2109 2186 2143 2217; x_wconf 88' lang='lat' dir='ltr'><strong>S.</strong></span> 
     </span>
     <span class='ocr_line' id='line_1_41' title="bbox 1135 2238 2145 2276; baseline 0.002 -9"><span class='ocrx_word' id='word_1_253' title='bbox 1135 2238 1324 2275; x_wconf 84' lang='lat' dir='ltr'><strong>Augustini,</strong></span> <span class='ocrx_word' id='word_1_254' title='bbox 1342 2261 1363 2267; x_wconf 88' lang='lat'><strong>..</strong></span> <span class='ocrx_word' id='word_1_255' title='bbox 1379 2238 1517 2276; x_wconf 87' lang='lat' dir='ltr'><strong>priorem</strong></span> <span class='ocrx_word' id='word_1_256' title='bbox 1534 2238 1638 2268; x_wconf 85' lang='lat' dir='ltr'><strong>Villae</strong></span> <span class='ocrx_word' id='word_1_257' title='bbox 1655 2238 1860 2275; x_wconf 89' lang='lat' dir='ltr'><strong>Monialium,</strong></span> <span class='ocrx_word' id='word_1_258' title='bbox 1876 2240 2006 2269; x_wconf 87' lang='lat' dir='ltr'><strong>Petrum</strong></span> <span class='ocrx_word' id='word_1_259' title='bbox 2022 2240 2145 2270; x_wconf 88' lang='lat' dir='ltr'><strong>dictum</strong></span> 
     </span>
     <span class='ocr_line' id='line_1_42' title="bbox 1137 2291 2144 2327; baseline 0.004 -7"><span class='ocrx_word' id='word_1_260' title='bbox 1137 2291 1292 2327; x_wconf 84' lang='lat' dir='ltr'><strong>Fabrum,</strong></span> <span class='ocrx_word' id='word_1_261' title='bbox 1312 2291 1481 2327; x_wconf 79' lang='lat' dir='ltr'><strong>clericum,</strong></span> <span class='ocrx_word' id='word_1_262' title='bbox 1503 2292 1739 2322; x_wconf 81' lang='lat' dir='ltr'><strong>monasterium</strong></span> <span class='ocrx_word' id='word_1_263' title='bbox 1761 2292 1953 2322; x_wconf 87' lang='lat' dir='ltr'><strong>monialium</strong></span> <span class='ocrx_word' id='word_1_264' title='bbox 1971 2293 2009 2323; x_wconf 88' lang='lat' dir='ltr'><strong>de</strong></span> <span class='ocrx_word' id='word_1_265' title='bbox 2027 2292 2144 2324; x_wconf 84' lang='lat' dir='ltr'><strong>Sancto</strong></span> 
     </span>
     <span class='ocr_line' id='line_1_43' title="bbox 1136 2344 2145 2384; baseline 0.001 -10"><span class='ocrx_word' id='word_1_266' title='bbox 1136 2344 1295 2383; x_wconf 81' lang='lat' dir='ltr'><strong>Sulpicio,</strong></span> <span class='ocrx_word' id='word_1_267' title='bbox 1322 2345 1454 2374; x_wconf 89' lang='lat' dir='ltr'><strong>Petrum</strong></span> <span class='ocrx_word' id='word_1_268' title='bbox 1476 2345 1515 2375; x_wconf 92' lang='lat' dir='ltr'><strong>de</strong></span> <span class='ocrx_word' id='word_1_269' title='bbox 1535 2345 1685 2384; x_wconf 80' lang='lat' dir='ltr'><strong>Guerclip</strong></span> <span class='ocrx_word' id='word_1_270' title='bbox 1704 2350 1735 2375; x_wconf 89' lang='lat' dir='ltr'><strong>et</strong></span> <span class='ocrx_word' id='word_1_271' title='bbox 1754 2345 1946 2376; x_wconf 85' lang='lat' dir='ltr'><strong>Gaufridum</strong></span> <span class='ocrx_word' id='word_1_272' title='bbox 1964 2346 2002 2376; x_wconf 91' lang='lat' dir='ltr'><strong>de</strong></span> <span class='ocrx_word' id='word_1_273' title='bbox 2018 2347 2145 2377; x_wconf 86' lang='lat' dir='ltr'><strong>Monte-</strong></span> 
     </span>
     <span class='ocr_line' id='line_1_44' title="bbox 1135 2397 2147 2437; baseline 0.003 -11"><span class='ocrx_word' id='word_1_274' title='bbox 1135 2398 1225 2434; x_wconf 80' lang='lat' dir='ltr'><strong>forti,</strong></span> <span class='ocrx_word' id='word_1_275' title='bbox 1243 2397 1379 2435; x_wconf 81' lang='lat' dir='ltr'><strong>milites,</strong></span> <span class='ocrx_word' id='word_1_276' title='bbox 1398 2398 1531 2428; x_wconf 88' lang='lat' dir='ltr'><strong>Petrum</strong></span> <span class='ocrx_word' id='word_1_277' title='bbox 1546 2398 1666 2428; x_wconf 84' lang='lat' dir='ltr'><strong>dictum</strong></span> <span class='ocrx_word' id='word_1_278' title='bbox 1687 2399 1860 2429; x_wconf 87' lang='lat' dir='ltr'><strong>Diabolum</strong></span> <span class='ocrx_word' id='word_1_279' title='bbox 1880 2404 1910 2429; x_wconf 85' lang='lat' dir='ltr'><strong>et</strong></span> <span class='ocrx_word' id='word_1_280' title='bbox 1931 2399 2124 2429; x_wconf 82' lang='lat' dir='ltr'><strong>Gaufridum</strong></span> <span class='ocrx_word' id='word_1_281' title='bbox 2140 2424 2147 2437; x_wconf 92' lang='lat'>‚</span> 
     </span>
     <span class='ocr_line' id='line_1_45' title="bbox 1136 2450 2145 2492; baseline 0.003 -13"><span class='ocrx_word' id='word_1_282' title='bbox 1136 2451 1205 2489; x_wconf 86' lang='lat' dir='ltr'><strong>ejus</strong></span> <span class='ocrx_word' id='word_1_283' title='bbox 1221 2451 1367 2487; x_wconf 74' lang='lat' dir='ltr'><strong>fratrem,</strong></span> <span class='ocrx_word' id='word_1_284' title='bbox 1389 2450 1503 2486; x_wconf 83' lang='lat' dir='ltr'><strong>laicos,</strong></span> <span class='ocrx_word' id='word_1_285' title='bbox 1524 2451 1747 2482; x_wconf 88' lang='lat' dir='ltr'><strong>Macloviensis</strong></span> <span class='ocrx_word' id='word_1_286' title='bbox 1763 2457 1794 2482; x_wconf 88' lang='lat' dir='ltr'><strong>et</strong></span> <span class='ocrx_word' id='word_1_287' title='bbox 1814 2452 2017 2492; x_wconf 80' lang='lat' dir='ltr'><strong>Redonensis</strong></span> <span class='ocrx_word' id='word_1_288' title='bbox 2032 2453 2145 2482; x_wconf 82' lang='lat' dir='ltr'><strong>civita·</strong></span> 
     </span>
     <span class='ocr_line' id='line_1_46' title="bbox 1138 2504 2148 2546; baseline 0.003 -13"><span class='ocrx_word' id='word_1_289' title='bbox 1138 2510 1205 2533; x_wconf 83' lang='lat' dir='ltr'><strong>tum</strong></span> <span class='ocrx_word' id='word_1_290' title='bbox 1226 2508 1257 2533; x_wconf 86' lang='lat' dir='ltr'><strong>et</strong></span> <span class='ocrx_word' id='word_1_291' title='bbox 1277 2504 1489 2541; x_wconf 85' lang='lat' dir='ltr'><strong>dioecesium,</strong></span> <span class='ocrx_word' id='word_1_292' title='bbox 1511 2514 1548 2534; x_wconf 85' lang='lat' dir='ltr'><strong>ex</strong></span> <span class='ocrx_word' id='word_1_293' title='bbox 1569 2505 1685 2546; x_wconf 86' lang='lat' dir='ltr'><strong>altera,</strong></span> <span class='ocrx_word' id='word_1_294' title='bbox 1707 2514 1801 2544; x_wconf 91' lang='lat' dir='ltr'><strong>super</strong></span> <span class='ocrx_word' id='word_1_295' title='bbox 1826 2506 1976 2543; x_wconf 83' lang='lat' dir='ltr'><strong>decimis,</strong></span> <span class='ocrx_word' id='word_1_296' title='bbox 2000 2506 2092 2536; x_wconf 83' lang='lat' dir='ltr'><strong>terris</strong></span> <span class='ocrx_word' id='word_1_297' title='bbox 2117 2509 2148 2536; x_wconf 84' lang='lat' dir='ltr'><strong>et</strong></span> 
     </span>
     <span class='ocr_line' id='line_1_47' title="bbox 1136 2557 1594 2588; baseline 0.002 -1"><span class='ocrx_word' id='word_1_298' title='bbox 1136 2557 1209 2587; x_wconf 86' lang='lat' dir='ltr'><strong>aliis</strong></span> <span class='ocrx_word' id='word_1_299' title='bbox 1225 2558 1416 2587; x_wconf 81' lang='lat' dir='ltr'><strong>existentem</strong></span> <span class='ocrx_word' id='word_1_300' title='bbox 1431 2558 1594 2588; x_wconf 87' lang='lat' dir='ltr'><strong>decernat.</strong></span> 
     </span>
    </p>

    <p class='ocr_par' dir='ltr' id='par_1_21' title="bbox 1138 2610 2147 2705">
     <span class='ocr_line' id='line_1_48' title="bbox 1179 2610 2146 2650; baseline 0.003 -11"><span class='ocrx_word' id='word_1_301' title='bbox 1179 2622 1192 2637; x_wconf 76' lang='grc' dir='ltr'>κ</span> <span class='ocrx_word' id='word_1_302' title='bbox 1210 2610 1384 2649; x_wconf 84' lang='lat' dir='ltr'><strong>Conquesti</strong></span> <span class='ocrx_word' id='word_1_303' title='bbox 1398 2615 1472 2640; x_wconf 87' lang='lat' dir='ltr'><strong>sunt</strong></span> <span class='ocrx_word' id='word_1_304' title='bbox 1485 2611 1613 2642; x_wconf 85' lang='lat' dir='ltr'><strong>nobis...</strong></span> <span class='ocrx_word' id='word_1_305' title='bbox 1625 2627 1664 2633; x_wconf 89' lang='lat'>—</span> <span class='ocrx_word' id='word_1_306' title='bbox 1677 2611 1748 2641; x_wconf 89' lang='lat' dir='ltr'><strong>Dat.</strong></span> <span class='ocrx_word' id='word_1_307' title='bbox 1764 2611 1879 2649; x_wconf 84' lang='lat' dir='ltr'><strong>Rome,</strong></span> <span class='ocrx_word' id='word_1_308' title='bbox 1893 2612 1977 2650; x_wconf 89' lang='lat' dir='ltr'><strong>apud</strong></span> <span class='ocrx_word' id='word_1_309' title='bbox 1992 2612 2146 2642; x_wconf 84' lang='lat' dir='ltr'><strong>Sanctum</strong></span> 
     </span>
     <span class='ocr_line' id='line_1_49' title="bbox 1138 2663 2147 2705; baseline 0.001 -12"><span class='ocrx_word' id='word_1_310' title='bbox 1138 2664 1286 2701; x_wconf 80' lang='lat' dir='ltr'><strong>Petrum,</strong></span> <span class='ocrx_word' id='word_1_311' title='bbox 1305 2673 1325 2693; x_wconf 87' lang='lat'><strong>11</strong></span> <span class='ocrx_word' id='word_1_312' title='bbox 1341 2663 1412 2693; x_wconf 89' lang='lat' dir='ltr'><strong>idus</strong></span> <span class='ocrx_word' id='word_1_313' title='bbox 1432 2664 1559 2702; x_wconf 87' lang='lat' dir='ltr'><strong>aprilis,</strong></span> <span class='ocrx_word' id='word_1_314' title='bbox 1579 2673 1665 2694; x_wconf 90' lang='lat' dir='ltr'><strong>anno</strong></span> <span class='ocrx_word' id='word_1_315' title='bbox 1681 2665 1792 2703; x_wconf 90' lang='lat' dir='ltr'><strong>primo.</strong></span> <span class='ocrx_word' id='word_1_316' title='bbox 1813 2677 1826 2691; x_wconf 72' lang='grc' dir='ltr'>ι</span> <span class='ocrx_word' id='word_1_317' title='bbox 1843 2664 2002 2704; x_wconf 51' lang='lat' dir='ltr'><strong>(porra,</strong></span> <span class='ocrx_word' id='word_1_318' title='bbox 2021 2665 2147 2705; x_wconf 76' lang='grc'>22650.)</span> 
     </span>
    </p>
   </div>
   <div class='ocr_carea' id='block_1_18' title="bbox 1212 2815 1328 2843">
    <p class='ocr_par' dir='ltr' id='par_1_22' title="bbox 1212 2815 1328 2843">
     <span class='ocr_line' id='line_1_50' title="bbox 1212 2815 1328 2843; baseline 0 0"><span class='ocrx_word' id='word_1_319' title='bbox 1212 2815 1328 2843; x_wconf 65' lang='lat'><strong>’2402</strong></span> 
     </span>
    </p>
   </div>
   <div class='ocr_carea' id='block_1_19' title="bbox 1138 2880 2149 3078">
    <p class='ocr_par' dir='ltr' id='par_1_23' title="bbox 1138 2880 2149 2971">
     <span class='ocr_line' id='line_1_51' title="bbox 1181 2880 2149 2908; baseline 0.002 -2"><span class='ocrx_word' id='word_1_320' title='bbox 1181 2901 1199 2907; x_wconf 95' lang='lat'><strong>..</strong></span> <span class='ocrx_word' id='word_1_321' title='bbox 1214 2880 1314 2907; x_wconf 77' lang='lat' dir='ltr'><strong>abbati</strong></span> <span class='ocrx_word' id='word_1_322' title='bbox 1327 2883 1353 2906; x_wconf 87' lang='lat' dir='ltr'><strong>et</strong></span> <span class='ocrx_word' id='word_1_323' title='bbox 1368 2881 1528 2907; x_wconf 61' lang='lat' dir='ltr'><strong>conventui</strong></span> <span class='ocrx_word' id='word_1_324' title='bbox 1543 2880 1724 2908; x_wconf 70' lang='lat' dir='ltr'><strong>monasterii</strong></span> <span class='ocrx_word' id='word_1_325' title='bbox 1747 2880 1877 2908; x_wconf 76' lang='lat' dir='ltr'><strong>l&#39;allz&#39;um</strong></span> <span class='ocrx_word' id='word_1_326' title='bbox 1893 2880 2022 2908; x_wconf 65' lang='lat' dir='ltr'><strong>Sarnaii</strong></span> <span class='ocrx_word' id='word_1_327' title='bbox 2037 2887 2149 2908; x_wconf 84' lang='lat' dir='ltr'><strong>omnes</strong></span> 
     </span>
     <span class='ocr_line' id='line_1_52' title="bbox 1138 2931 2027 2971; baseline 0.001 -11"><span class='ocrx_word' id='word_1_328' title='bbox 1138 2931 1310 2969; x_wconf 81' lang='lat' dir='ltr'><strong>libertates,</strong></span> <span class='ocrx_word' id='word_1_329' title='bbox 1327 2931 1552 2961; x_wconf 84' lang='lat' dir='ltr'><strong>immunitates</strong></span> <span class='ocrx_word' id='word_1_330' title='bbox 1569 2936 1599 2962; x_wconf 87' lang='lat' dir='ltr'><strong>et</strong></span> <span class='ocrx_word' id='word_1_331' title='bbox 1613 2933 1831 2971; x_wconf 82' lang='lat' dir='ltr'><strong>exemptiones</strong></span> <span class='ocrx_word' id='word_1_332' title='bbox 1848 2933 2027 2962; x_wconf 82' lang='lat' dir='ltr'><strong>confirmat.</strong></span> 
     </span>
    </p>

    <p class='ocr_par' dir='ltr' id='par_1_24' title="bbox 1138 2984 2148 3078">
     <span class='ocr_line' id='line_1_53' title="bbox 1180 2984 2148 3024; baseline 0 -9"><span class='ocrx_word' id='word_1_333' title='bbox 1180 2997 1193 3011; x_wconf 91' lang='lat'>«</span> <span class='ocrx_word' id='word_1_334' title='bbox 1211 2984 1293 3015; x_wconf 92' lang='lat' dir='ltr'><strong>Cum</strong></span> <span class='ocrx_word' id='word_1_335' title='bbox 1308 2994 1326 3014; x_wconf 87' lang='lat' dir='ltr'><strong>a</strong></span> <span class='ocrx_word' id='word_1_336' title='bbox 1338 2985 1519 3016; x_wconf 74' lang='lat' dir='ltr'><strong>110his...-</strong></span> <span class='ocrx_word' id='word_1_337' title='bbox 1531 2986 1602 3015; x_wconf 89' lang='lat' dir='ltr'><strong>Dat.</strong></span> <span class='ocrx_word' id='word_1_338' title='bbox 1616 2987 1726 3021; x_wconf 78' lang='lat' dir='ltr'><strong>Rome,</strong></span> <span class='ocrx_word' id='word_1_339' title='bbox 1741 2986 1824 3024; x_wconf 86' lang='lat' dir='ltr'><strong>apud</strong></span> <span class='ocrx_word' id='word_1_340' title='bbox 1838 2986 1990 3016; x_wconf 80' lang='lat' dir='ltr'><strong>Sanctum</strong></span> <span class='ocrx_word' id='word_1_341' title='bbox 2004 2986 2148 3023; x_wconf 78' lang='lat' dir='ltr'><strong>Petrum,</strong></span> 
     </span>
     <span class='ocr_line' id='line_1_54' title="bbox 1138 3038 1959 3078; baseline 0 -10"><span class='ocrx_word' id='word_1_342' title='bbox 1138 3038 1245 3068; x_wconf 87' lang='lat' dir='ltr'><strong>idibus</strong></span> <span class='ocrx_word' id='word_1_343' title='bbox 1262 3039 1382 3078; x_wconf 70' lang='lat' dir='ltr'><strong>aprilis,</strong></span> <span class='ocrx_word' id='word_1_344' title='bbox 1401 3047 1487 3069; x_wconf 81' lang='lat' dir='ltr'><strong>anno</strong></span> <span class='ocrx_word' id='word_1_345' title='bbox 1502 3040 1617 3076; x_wconf 89' lang='lat' dir='ltr'><strong>primo.</strong></span> <span class='ocrx_word' id='word_1_346' title='bbox 1635 3051 1647 3065; x_wconf 84' lang='lat'>»</span> <span class='ocrx_word' id='word_1_347' title='bbox 1664 3039 1814 3077; x_wconf 58' lang='lat' dir='ltr'><strong>(Pomm,</strong></span> <span class='ocrx_word' id='word_1_348' title='bbox 1835 3039 1959 3073; x_wconf 73' lang='grc'>22659.)</span> 
     </span>
    </p>
   </div>
   <div class='ocr_carea' id='block_1_20' title="bbox 1635 2816 2075 2850">
    <p class='ocr_par' dir='ltr' id='par_1_25' title="bbox 1635 2816 2075 2850">
     <span class='ocr_line' id='line_1_55' title="bbox 1635 2816 2075 2850; baseline 0.007 -9"><span class='ocrx_word' id='word_1_349' title='bbox 1635 2816 1845 2850; x_wconf 80' lang='lat' dir='ltr'><strong>Saint-Pierre,</strong></span> <span class='ocrx_word' id='word_1_350' title='bbox 1866 2816 1896 2844; x_wconf 84' lang='lat'><strong>13</strong></span> <span class='ocrx_word' id='word_1_351' title='bbox 1911 2817 1980 2843; x_wconf 86' lang='lat' dir='ltr'><strong>avril</strong></span> <span class='ocrx_word' id='word_1_352' title='bbox 2000 2817 2075 2844; x_wconf 61' lang='lat'>1288.</span> 
     </span>
    </p>
   </div>
  </div>
 </body>
</html>
