<?xml version="1.0" encoding="UTF-8"?>
<!DOCTYPE html PUBLIC "-//W3C//DTD XHTML 1.0 Transitional//EN"
    "http://www.w3.org/TR/xhtml1/DTD/xhtml1-transitional.dtd">
<html xmlns="http://www.w3.org/1999/xhtml" xml:lang="en" lang="en">
 <head>
  <title>
</title>
<meta http-equiv="Content-Type" content="text/html;charset=utf-8" />
  <meta name='ocr-system' content='tesseract 3.04.00' />
  <meta name='ocr-capabilities' content='ocr_page ocr_carea ocr_par ocr_line ocrx_word'/>
</head>
<body>
  <div class='ocr_page' id='page_1' title='image "./lesregistresdeni02romeuoft_0358.png"; bbox 0 0 2393 3496; ppageno 0'>
   <div class='ocr_carea' id='block_1_1' title="bbox 231 298 1576 331">
    <p class='ocr_par' dir='ltr' id='par_1_1' title="bbox 231 298 1576 331">
     <span class='ocr_line' id='line_1_1' title="bbox 231 298 1576 331; baseline -0.001 -1"><span class='ocrx_word' id='word_1_1' title='bbox 231 300 304 331; x_wconf 64' lang='lat'>103?</span> <span class='ocrx_word' id='word_1_2' title='bbox 979 298 1214 329; x_wconf 82' lang='lat' dir='ltr'>REGISTRES</span> <span class='ocrx_word' id='word_1_3' title='bbox 1236 299 1291 328; x_wconf 85' lang='lat' dir='ltr'>DE</span> <span class='ocrx_word' id='word_1_4' title='bbox 1313 298 1497 328; x_wconf 78' lang='lat' dir='ltr'>NICOLAS</span> <span class='ocrx_word' id='word_1_5' title='bbox 1519 299 1576 329; x_wconf 94' lang='lat' dir='ltr'>IV.</span> 
     </span>
    </p>
   </div>
   <div class='ocr_carea' id='block_1_2' title="bbox 228 363 1239 562">
    <p class='ocr_par' dir='ltr' id='par_1_2' title="bbox 228 363 1239 456">
     <span class='ocr_line' id='line_1_2' title="bbox 230 363 1239 405; baseline -0.003 -9"><span class='ocrx_word' id='word_1_6' title='bbox 230 366 277 396; x_wconf 89' lang='lat' dir='ltr'>uti</span> <span class='ocrx_word' id='word_1_7' title='bbox 296 367 432 405; x_wconf 89' lang='lat' dir='ltr'>possint,</span> <span class='ocrx_word' id='word_1_8' title='bbox 451 365 625 395; x_wconf 73' lang='lat' dir='ltr'>dnmmodo</span> <span class='ocrx_word' id='word_1_9' title='bbox 646 366 692 395; x_wconf 82' lang='lat' dir='ltr'>eis</span> <span class='ocrx_word' id='word_1_10' title='bbox 712 374 767 404; x_wconf 89' lang='lat' dir='ltr'>per</span> <span class='ocrx_word' id='word_1_11' title='bbox 791 365 1072 404; x_wconf 81' lang='lat' dir='ltr'>praescriptionem</span> <span class='ocrx_word' id='word_1_12' title='bbox 1094 364 1143 394; x_wconf 91' lang='lat' dir='ltr'>vel</span> <span class='ocrx_word' id='word_1_13' title='bbox 1159 363 1239 394; x_wconf 90' lang='lat' dir='ltr'>alias</span> 
     </span>
     <span class='ocr_line' id='line_1_3' title="bbox 228 419 567 456; baseline -0.003 -8"><span class='ocrx_word' id='word_1_14' title='bbox 228 426 293 449; x_wconf 89' lang='lat' dir='ltr'>non</span> <span class='ocrx_word' id='word_1_15' title='bbox 310 419 350 449; x_wconf 84' lang='lat' dir='ltr'>sit</span> <span class='ocrx_word' id='word_1_16' title='bbox 369 419 567 456; x_wconf 85' lang='lat' dir='ltr'>derogatum.</span> 
     </span>
    </p>

    <p class='ocr_par' dir='ltr' id='par_1_3' title="bbox 228 470 1238 562">
     <span class='ocr_line' id='line_1_4' title="bbox 270 470 1238 508; baseline -0.003 -6"><span class='ocrx_word' id='word_1_17' title='bbox 270 484 283 498; x_wconf 74' lang='lat' dir='ltr'>u</span> <span class='ocrx_word' id='word_1_18' title='bbox 301 472 382 502; x_wconf 91' lang='lat' dir='ltr'>Cum</span> <span class='ocrx_word' id='word_1_19' title='bbox 400 472 482 501; x_wconf 86' lang='lat' dir='ltr'>sicut</span> <span class='ocrx_word' id='word_1_20' title='bbox 498 481 572 501; x_wconf 83' lang='lat' dir='ltr'>cx...</span> <span class='ocrx_word' id='word_1_21' title='bbox 590 487 628 492; x_wconf 92' lang='lat'>—</span> <span class='ocrx_word' id='word_1_22' title='bbox 645 471 716 501; x_wconf 84' lang='lat' dir='ltr'>Dat.</span> <span class='ocrx_word' id='word_1_23' title='bbox 735 472 851 508; x_wconf 85' lang='lat' dir='ltr'>Reate,</span> <span class='ocrx_word' id='word_1_24' title='bbox 866 470 974 500; x_wconf 78' lang='lat' dir='ltr'>idibus</span> <span class='ocrx_word' id='word_1_25' title='bbox 989 470 1134 508; x_wconf 71' lang='lat' dir='ltr'>augusti,</span> <span class='ocrx_word' id='word_1_26' title='bbox 1152 478 1238 500; x_wconf 89' lang='lat' dir='ltr'>anno</span> 
     </span>
     <span class='ocr_line' id='line_1_5' title="bbox 228 522 724 562; baseline -0.006 -7"><span class='ocrx_word' id='word_1_27' title='bbox 228 525 378 555; x_wconf 83' lang='lat' dir='ltr'>secundo.</span> <span class='ocrx_word' id='word_1_28' title='bbox 399 536 411 551; x_wconf 74' lang='lat' dir='ltr'>n</span> <span class='ocrx_word' id='word_1_29' title='bbox 432 525 583 562; x_wconf 63' lang='lat' dir='ltr'>(Pom-n„</span> <span class='ocrx_word' id='word_1_30' title='bbox 601 522 724 562; x_wconf 70' lang='grc'>23041.)</span> 
     </span>
    </p>
   </div>
   <div class='ocr_carea' id='block_1_3' title="bbox 299 729 1162 765">
    <p class='ocr_par' dir='ltr' id='par_1_4' title="bbox 299 729 1162 765">
     <span class='ocr_line' id='line_1_6' title="bbox 299 729 1162 765; baseline 0 -9"><span class='ocrx_word' id='word_1_31' title='bbox 299 729 381 758; x_wconf 65' lang='lat'>&#39;251</span> <span class='ocrx_word' id='word_1_32' title='bbox 395 730 414 756; x_wconf 81' lang='grc' dir='ltr'>ι</span> <span class='ocrx_word' id='word_1_33' title='bbox 839 730 934 765; x_wconf 76' lang='lat' dir='ltr'>Rieti,</span> <span class='ocrx_word' id='word_1_34' title='bbox 954 730 984 757; x_wconf 80' lang='lat'>13</span> <span class='ocrx_word' id='word_1_35' title='bbox 999 732 1067 757; x_wconf 73' lang='lat' dir='ltr'>aom</span> <span class='ocrx_word' id='word_1_36' title='bbox 1084 730 1162 758; x_wconf 70' lang='lat'>1289.</span> 
     </span>
    </p>
   </div>
   <div class='ocr_carea' id='block_1_4' title="bbox 224 791 1239 1099">
    <p class='ocr_par' dir='ltr' id='par_1_5' title="bbox 224 791 1239 1099">
     <span class='ocr_line' id='line_1_7' title="bbox 269 791 1237 830; baseline 0.002 -10"><span class='ocrx_word' id='word_1_37' title='bbox 269 793 425 821; x_wconf 78' lang='lat' dir='ltr'>Universis</span> <span class='ocrx_word' id='word_1_38' title='bbox 448 791 563 821; x_wconf 76' lang='lat' dir='ltr'>Christi</span> <span class='ocrx_word' id='word_1_39' title='bbox 584 792 725 829; x_wconf 79' lang='lat' dir='ltr'>fidelibus</span> <span class='ocrx_word' id='word_1_40' title='bbox 753 801 806 830; x_wconf 78' lang='lat' dir='ltr'>per</span> <span class='ocrx_word' id='word_1_41' title='bbox 828 794 1068 829; x_wconf 83' lang='lat' dir='ltr'><em>Narbonensem,</em></span> <span class='ocrx_word' id='word_1_42' title='bbox 1096 794 1237 823; x_wconf 84' lang='lat' dir='ltr'>Tholosa-</span> 
     </span>
     <span class='ocr_line' id='line_1_8' title="bbox 225 845 1238 885; baseline 0.001 -11"><span class='ocrx_word' id='word_1_43' title='bbox 225 854 299 875; x_wconf 80' lang='lat' dir='ltr'>nam</span> <span class='ocrx_word' id='word_1_44' title='bbox 313 851 338 874; x_wconf 84' lang='lat' dir='ltr'>et</span> <span class='ocrx_word' id='word_1_45' title='bbox 354 845 620 875; x_wconf 79' lang='lat' dir='ltr'>Carcassonensem</span> <span class='ocrx_word' id='word_1_46' title='bbox 639 847 782 876; x_wconf 83' lang='lat' dir='ltr'><em>dioeceses</em></span> <span class='ocrx_word' id='word_1_47' title='bbox 799 846 971 876; x_wconf 75' lang='lat' dir='ltr'>constitutis</span> <span class='ocrx_word' id='word_1_48' title='bbox 982 847 1037 885; x_wconf 86' lang='lat' dir='ltr'>qui</span> <span class='ocrx_word' id='word_1_49' title='bbox 1054 846 1196 876; x_wconf 86' lang='lat' dir='ltr'>..abbati</span> <span class='ocrx_word' id='word_1_50' title='bbox 1208 850 1238 876; x_wconf 88' lang='lat' dir='ltr'>et</span> 
     </span>
     <span class='ocr_line' id='line_1_9' title="bbox 225 898 1237 937; baseline 0.001 -9"><span class='ocrx_word' id='word_1_51' title='bbox 225 898 400 929; x_wconf 87' lang='lat' dir='ltr'>conventui</span> <span class='ocrx_word' id='word_1_52' title='bbox 416 899 562 928; x_wconf 85' lang='lat' dir='ltr'>coenobii</span> <span class='ocrx_word' id='word_1_53' title='bbox 578 899 617 928; x_wconf 88' lang='lat' dir='ltr'>de</span> <span class='ocrx_word' id='word_1_54' title='bbox 633 899 744 930; x_wconf 87' lang='lat' dir='ltr'>Monte</span> <span class='ocrx_word' id='word_1_55' title='bbox 759 899 863 936; x_wconf 86' lang='lat' dir='ltr'>Olivo,</span> <span class='ocrx_word' id='word_1_56' title='bbox 875 899 1000 930; x_wconf 86' lang='lat' dir='ltr'>ordinis</span> <span class='ocrx_word' id='word_1_57' title='bbox 1012 899 1044 929; x_wconf 87' lang='lat' dir='ltr'>S.</span> <span class='ocrx_word' id='word_1_58' title='bbox 1059 899 1237 937; x_wconf 79' lang='lat' dir='ltr'>Benedicti,</span> 
     </span>
     <span class='ocr_line' id='line_1_10' title="bbox 224 951 1239 992; baseline 0.002 -12"><span class='ocrx_word' id='word_1_59' title='bbox 224 951 265 981; x_wconf 90' lang='lat' dir='ltr'>ad</span> <span class='ocrx_word' id='word_1_60' title='bbox 292 951 561 982; x_wconf 88' lang='lat' dir='ltr'>reaedificandam</span> <span class='ocrx_word' id='word_1_61' title='bbox 587 952 657 991; x_wconf 83' lang='lat' dir='ltr'>ejus</span> <span class='ocrx_word' id='word_1_62' title='bbox 683 953 850 983; x_wconf 84' lang='lat' dir='ltr'>ecclesiam</span> <span class='ocrx_word' id='word_1_63' title='bbox 879 962 1013 983; x_wconf 86' lang='lat' dir='ltr'>manum</span> <span class='ocrx_word' id='word_1_64' title='bbox 1038 953 1239 992; x_wconf 81' lang='lat' dir='ltr'>porrexerint</span> 
     </span>
     <span class='ocr_line' id='line_1_11' title="bbox 225 1004 1237 1042; baseline 0.003 -9"><span class='ocrx_word' id='word_1_65' title='bbox 225 1004 465 1042; x_wconf 73' lang='lat' dir='ltr'>indulgentiam</span> <span class='ocrx_word' id='word_1_66' title='bbox 482 1010 611 1035; x_wconf 80' lang='lat' dir='ltr'>centum</span> <span class='ocrx_word' id='word_1_67' title='bbox 629 1005 754 1036; x_wconf 87' lang='lat' dir='ltr'>dierum</span> <span class='ocrx_word' id='word_1_68' title='bbox 773 1006 928 1036; x_wconf 87' lang='lat' dir='ltr'>concedit.</span> <span class='ocrx_word' id='word_1_69' title='bbox 947 1007 1017 1036; x_wconf 87' lang='lat' dir='ltr'>Dat.</span> <span class='ocrx_word' id='word_1_70' title='bbox 1041 1007 1154 1041; x_wconf 83' lang='lat' dir='ltr'>Reate,</span> <span class='ocrx_word' id='word_1_71' title='bbox 1172 1006 1237 1036; x_wconf 88' lang='lat' dir='ltr'>idi-</span> 
     </span>
     <span class='ocr_line' id='line_1_12' title="bbox 225 1058 1024 1099; baseline 0.003 -12"><span class='ocrx_word' id='word_1_72' title='bbox 225 1058 285 1088; x_wconf 88' lang='lat' dir='ltr'>bus</span> <span class='ocrx_word' id='word_1_73' title='bbox 300 1058 440 1096; x_wconf 84' lang='lat' dir='ltr'>augusti,</span> <span class='ocrx_word' id='word_1_74' title='bbox 458 1067 544 1088; x_wconf 88' lang='lat' dir='ltr'>anno</span> <span class='ocrx_word' id='word_1_75' title='bbox 562 1059 713 1090; x_wconf 86' lang='lat' dir='ltr'>secundo.</span> <span class='ocrx_word' id='word_1_76' title='bbox 731 1060 882 1097; x_wconf 57' lang='lat' dir='ltr'>(Poma,</span> <span class='ocrx_word' id='word_1_77' title='bbox 900 1059 1024 1099; x_wconf 72' lang='lat'>23043.)</span> 
     </span>
    </p>
   </div>
   <div class='ocr_carea' id='block_1_5' title="bbox 224 1265 1240 1796">
    <p class='ocr_par' dir='ltr' id='par_1_6' title="bbox 224 1265 1240 1796">
     <span class='ocr_line' id='line_1_13' title="bbox 298 1265 419 1295; baseline 0 -3"><span class='ocrx_word' id='word_1_78' title='bbox 298 1265 419 1295; x_wconf 62' lang='lat'><strong>&#39;2512</strong></span> 
     </span>
     <span class='ocr_line' id='line_1_14' title="bbox 268 1328 1238 1365; baseline 0.003 -9"><span class='ocrx_word' id='word_1_79' title='bbox 268 1351 287 1356; x_wconf 89' lang='lat'>..</span> <span class='ocrx_word' id='word_1_80' title='bbox 303 1329 406 1365; x_wconf 78' lang='lat' dir='ltr'>priori</span> <span class='ocrx_word' id='word_1_81' title='bbox 422 1328 528 1357; x_wconf 78' lang='lat' dir='ltr'>Sancti</span> <span class='ocrx_word' id='word_1_82' title='bbox 542 1329 637 1365; x_wconf 70' lang='lat' dir='ltr'>Eliyz&#39;i</span> <span class='ocrx_word' id='word_1_83' title='bbox 655 1329 850 1364; x_wconf 74' lang='lat' dir='ltr'>I&#39;are&#39;sienst&#39;s,</span> <span class='ocrx_word' id='word_1_84' title='bbox 870 1351 889 1357; x_wconf 88' lang='lat'>..</span> <span class='ocrx_word' id='word_1_85' title='bbox 909 1329 1124 1358; x_wconf 75' lang='lat' dir='ltr'>archidiacono</span> <span class='ocrx_word' id='word_1_86' title='bbox 1141 1331 1238 1359; x_wconf 85' lang='lat' dir='ltr'>Bono-</span> 
     </span>
     <span class='ocr_line' id='line_1_15' title="bbox 227 1381 1240 1413; baseline 0.004 -4"><span class='ocrx_word' id='word_1_87' title='bbox 227 1382 342 1410; x_wconf 75' lang='lat' dir='ltr'>niensis</span> <span class='ocrx_word' id='word_1_88' title='bbox 368 1386 394 1410; x_wconf 82' lang='lat' dir='ltr'>et</span> <span class='ocrx_word' id='word_1_89' title='bbox 422 1404 441 1410; x_wconf 87' lang='lat'>..</span> <span class='ocrx_word' id='word_1_90' title='bbox 466 1383 587 1411; x_wconf 77' lang='lat' dir='ltr'>cantori</span> <span class='ocrx_word' id='word_1_91' title='bbox 613 1381 808 1411; x_wconf 77' lang='lat' dir='ltr'>Carnotensz&#39;s</span> <span class='ocrx_word' id='word_1_92' title='bbox 831 1383 1023 1411; x_wconf 70' lang='lat' dir='ltr'>ecclesiarum</span> <span class='ocrx_word' id='word_1_93' title='bbox 1048 1383 1181 1413; x_wconf 85' lang='lat' dir='ltr'>mandat</span> <span class='ocrx_word' id='word_1_94' title='bbox 1206 1388 1240 1413; x_wconf 90' lang='lat' dir='ltr'>ut</span> 
     </span>
     <span class='ocr_line' id='line_1_16' title="bbox 225 1433 1239 1474; baseline 0.003 -11"><span class='ocrx_word' id='word_1_95' title='bbox 225 1433 418 1472; x_wconf 88' lang='lat' dir='ltr'>Gerardum,</span> <span class='ocrx_word' id='word_1_96' title='bbox 430 1434 708 1473; x_wconf 86' lang='lat' dir='ltr'>archiepiscopum</span> <span class='ocrx_word' id='word_1_97' title='bbox 723 1435 964 1473; x_wconf 83' lang='lat' dir='ltr'>Maguntinnm,</span> <span class='ocrx_word' id='word_1_98' title='bbox 980 1436 1036 1474; x_wconf 87' lang='lat' dir='ltr'>qui</span> <span class='ocrx_word' id='word_1_99' title='bbox 1048 1435 1104 1466; x_wconf 86' lang='grc'>326</span> <span class='ocrx_word' id='word_1_100' title='bbox 1119 1445 1239 1466; x_wconf 86' lang='lat' dir='ltr'>marca-</span> 
     </span>
     <span class='ocr_line' id='line_1_17' title="bbox 224 1487 1237 1526; baseline 0.003 -10"><span class='ocrx_word' id='word_1_101' title='bbox 224 1496 297 1516; x_wconf 87' lang='lat' dir='ltr'>rum</span> <span class='ocrx_word' id='word_1_102' title='bbox 309 1487 435 1525; x_wconf 77' lang='lat' dir='ltr'>argenti</span> <span class='ocrx_word' id='word_1_103' title='bbox 447 1496 503 1517; x_wconf 90' lang='lat' dir='ltr'>suo</span> <span class='ocrx_word' id='word_1_104' title='bbox 515 1492 545 1517; x_wconf 88' lang='lat' dir='ltr'>et</span> <span class='ocrx_word' id='word_1_105' title='bbox 557 1487 710 1517; x_wconf 86' lang='lat' dir='ltr'>ecclesiae</span> <span class='ocrx_word' id='word_1_106' title='bbox 723 1488 933 1526; x_wconf 83' lang='lat' dir='ltr'>Maguntinae</span> <span class='ocrx_word' id='word_1_107' title='bbox 946 1490 1076 1519; x_wconf 90' lang='lat' dir='ltr'>nomine</span> <span class='ocrx_word' id='word_1_108' title='bbox 1089 1494 1237 1519; x_wconf 87' lang='lat' dir='ltr'>mutuum</span> 
     </span>
     <span class='ocr_line' id='line_1_18' title="bbox 225 1541 1238 1578; baseline 0.002 -7"><span class='ocrx_word' id='word_1_109' title='bbox 225 1541 399 1578; x_wconf 77' lang='lat' dir='ltr'>contraxit,</span> <span class='ocrx_word' id='word_1_110' title='bbox 426 1545 580 1571; x_wconf 80' lang='lat' dir='ltr'>moneant</span> <span class='ocrx_word' id='word_1_111' title='bbox 608 1546 642 1571; x_wconf 89' lang='lat' dir='ltr'>ut</span> <span class='ocrx_word' id='word_1_112' title='bbox 666 1542 751 1571; x_wconf 85' lang='lat' dir='ltr'>inl&#39;ra</span> <span class='ocrx_word' id='word_1_113' title='bbox 773 1542 852 1572; x_wconf 89' lang='lat' dir='ltr'>duos</span> <span class='ocrx_word' id='word_1_114' title='bbox 879 1551 1005 1572; x_wconf 88' lang='lat' dir='ltr'>menses</span> <span class='ocrx_word' id='word_1_115' title='bbox 1026 1544 1238 1573; x_wconf 85' lang='lat' dir='ltr'>creditoribus</span> 
     </span>
     <span class='ocr_line' id='line_1_19' title="bbox 225 1594 1238 1634; baseline 0.003 -11"><span class='ocrx_word' id='word_1_116' title='bbox 225 1594 412 1631; x_wconf 77' lang='lat' dir='ltr'>satisfaciat,</span> <span class='ocrx_word' id='word_1_117' title='bbox 430 1599 461 1624; x_wconf 86' lang='lat' dir='ltr'>et</span> <span class='ocrx_word' id='word_1_118' title='bbox 479 1604 553 1624; x_wconf 89' lang='lat' dir='ltr'>eum</span> <span class='ocrx_word' id='word_1_119' title='bbox 573 1595 612 1624; x_wconf 88' lang='lat' dir='ltr'>ad</span> <span class='ocrx_word' id='word_1_120' title='bbox 628 1595 660 1624; x_wconf 91' lang='lat' dir='ltr'>id</span> <span class='ocrx_word' id='word_1_121' title='bbox 674 1604 731 1634; x_wconf 86' lang='lat' dir='ltr'>per</span> <span class='ocrx_word' id='word_1_122' title='bbox 748 1596 1092 1627; x_wconf 80' lang='lat' dir='ltr'>excommunicationis</span> <span class='ocrx_word' id='word_1_123' title='bbox 1111 1602 1238 1626; x_wconf 82' lang='lat' dir='ltr'>senten-</span> 
     </span>
     <span class='ocr_line' id='line_1_20' title="bbox 227 1647 528 1686; baseline 0.003 -10"><span class='ocrx_word' id='word_1_124' title='bbox 227 1648 302 1677; x_wconf 87' lang='lat' dir='ltr'>tiam</span> <span class='ocrx_word' id='word_1_125' title='bbox 325 1647 528 1686; x_wconf 88' lang='lat' dir='ltr'>compellant.</span> 
     </span>
     <span class='ocr_line' id='line_1_21' title="bbox 268 1701 1239 1740; baseline 0.005 -11"><span class='ocrx_word' id='word_1_126' title='bbox 268 1713 281 1727; x_wconf 71' lang='grc' dir='ltr'>ιι</span> <span class='ocrx_word' id='word_1_127' title='bbox 300 1701 488 1740; x_wconf 78' lang='lat' dir='ltr'>Exponente</span> <span class='ocrx_word' id='word_1_128' title='bbox 509 1701 633 1740; x_wconf 89' lang='lat' dir='ltr'>pridem</span> <span class='ocrx_word' id='word_1_129' title='bbox 653 1701 784 1732; x_wconf 89' lang='lat' dir='ltr'>nobis...</span> <span class='ocrx_word' id='word_1_130' title='bbox 806 1720 843 1724; x_wconf 97' lang='lat'>—</span> <span class='ocrx_word' id='word_1_131' title='bbox 862 1703 934 1732; x_wconf 86' lang='lat' dir='ltr'>Dat.</span> <span class='ocrx_word' id='word_1_132' title='bbox 952 1703 1068 1740; x_wconf 83' lang='lat' dir='ltr'>Reate,</span> <span class='ocrx_word' id='word_1_133' title='bbox 1088 1714 1121 1733; x_wconf 87' lang='lat'>111</span> <span class='ocrx_word' id='word_1_134' title='bbox 1137 1713 1239 1734; x_wconf 89' lang='lat' dir='ltr'>nonas</span> 
     </span>
     <span class='ocr_line' id='line_1_22' title="bbox 225 1754 1043 1796; baseline 0.004 -13"><span class='ocrx_word' id='word_1_135' title='bbox 225 1754 425 1792; x_wconf 55' lang='lat' dir='ltr'>septembris„</span> <span class='ocrx_word' id='word_1_136' title='bbox 442 1763 529 1784; x_wconf 89' lang='lat' dir='ltr'>anno</span> <span class='ocrx_word' id='word_1_137' title='bbox 544 1755 695 1785; x_wconf 89' lang='lat' dir='ltr'>secundo.</span> <span class='ocrx_word' id='word_1_138' title='bbox 717 1767 731 1782; x_wconf 91' lang='lat'>»</span> <span class='ocrx_word' id='word_1_139' title='bbox 750 1756 898 1793; x_wconf 62' lang='lat' dir='ltr'>(Poma.</span> <span class='ocrx_word' id='word_1_140' title='bbox 919 1756 1043 1796; x_wconf 89' lang='grc'>23067.)</span> 
     </span>
    </p>
   </div>
   <div class='ocr_carea' id='block_1_6' title="bbox 768 1264 1164 1300">
    <p class='ocr_par' dir='ltr' id='par_1_7' title="bbox 768 1264 1164 1300">
     <span class='ocr_line' id='line_1_23' title="bbox 768 1264 1164 1300; baseline 0.005 -9"><span class='ocrx_word' id='word_1_141' title='bbox 768 1264 856 1299; x_wconf 75' lang='lat' dir='ltr'>nien,</span> <span class='ocrx_word' id='word_1_142' title='bbox 874 1265 888 1291; x_wconf 82' lang='lat'><strong>3</strong></span> <span class='ocrx_word' id='word_1_143' title='bbox 904 1266 1069 1300; x_wconf 73' lang='lat' dir='ltr'>septembre</span> <span class='ocrx_word' id='word_1_144' title='bbox 1087 1266 1164 1293; x_wconf 70' lang='lat'>1289.</span> 
     </span>
    </p>
   </div>
   <div class='ocr_carea' id='block_1_7' title="bbox 295 1960 411 1988">
    <p class='ocr_par' dir='ltr' id='par_1_8' title="bbox 295 1960 411 1988">
     <span class='ocr_line' id='line_1_24' title="bbox 295 1960 411 1988; baseline 0 0"><span class='ocrx_word' id='word_1_145' title='bbox 295 1960 411 1988; x_wconf 63' lang='lat'><strong>&#39;2513</strong></span> 
     </span>
    </p>
   </div>
   <div class='ocr_carea' id='block_1_8' title="bbox 221 2024 1238 2221">
    <p class='ocr_par' dir='ltr' id='par_1_9' title="bbox 221 2024 1238 2221">
     <span class='ocr_line' id='line_1_25' title="bbox 265 2024 1237 2064; baseline 0.008 -14"><span class='ocrx_word' id='word_1_146' title='bbox 265 2046 284 2051; x_wconf 92' lang='lat'>..</span> <span class='ocrx_word' id='word_1_147' title='bbox 300 2024 486 2059; x_wconf 69' lang='lat' dir='ltr'>maqistrum</span> <span class='ocrx_word' id='word_1_148' title='bbox 499 2027 526 2053; x_wconf 84' lang='lat' dir='ltr'>et</span> <span class='ocrx_word' id='word_1_149' title='bbox 534 2026 646 2060; x_wconf 84' lang='lat' dir='ltr'>fratres</span> <span class='ocrx_word' id='word_1_150' title='bbox 659 2025 820 2062; x_wconf 79' lang='lat' dir='ltr'>hospitalis</span> <span class='ocrx_word' id='word_1_151' title='bbox 830 2035 1002 2064; x_wconf 79' lang='lat' dir='ltr'>pauperum</span> <span class='ocrx_word' id='word_1_152' title='bbox 1015 2029 1118 2057; x_wconf 86' lang='lat' dir='ltr'>Beatae</span> <span class='ocrx_word' id='word_1_153' title='bbox 1131 2029 1237 2058; x_wconf 82' lang='lat' dir='ltr'>Cathe-</span> 
     </span>
     <span class='ocr_line' id='line_1_26' title="bbox 221 2076 1238 2118; baseline 0.008 -15"><span class='ocrx_word' id='word_1_154' title='bbox 221 2077 310 2104; x_wconf 84' lang='lat' dir='ltr'>rinae</span> <span class='ocrx_word' id='word_1_155' title='bbox 329 2076 513 2106; x_wconf 71' lang='lat' dir='ltr'>Parisiensis</span> <span class='ocrx_word' id='word_1_156' title='bbox 530 2081 559 2106; x_wconf 90' lang='lat' dir='ltr'>et</span> <span class='ocrx_word' id='word_1_157' title='bbox 577 2077 660 2107; x_wconf 89' lang='lat' dir='ltr'>bona</span> <span class='ocrx_word' id='word_1_158' title='bbox 676 2087 789 2108; x_wconf 89' lang='lat' dir='ltr'>eorum</span> <span class='ocrx_word' id='word_1_159' title='bbox 807 2079 867 2109; x_wconf 88' lang='lat' dir='ltr'>snb</span> <span class='ocrx_word' id='word_1_160' title='bbox 882 2089 939 2109; x_wconf 83' lang='lat' dir='ltr'>sua</span> <span class='ocrx_word' id='word_1_161' title='bbox 957 2081 1152 2118; x_wconf 88' lang='lat' dir='ltr'>protectione</span> <span class='ocrx_word' id='word_1_162' title='bbox 1168 2091 1238 2111; x_wconf 90' lang='lat' dir='ltr'>sus-</span> 
     </span>
     <span class='ocr_line' id='line_1_27' title="bbox 221 2128 1235 2172; baseline 0.008 -15"><span class='ocrx_word' id='word_1_163' title='bbox 221 2128 309 2166; x_wconf 86' lang='lat' dir='ltr'>cipit.</span> <span class='ocrx_word' id='word_1_164' title='bbox 336 2129 408 2158; x_wconf 88' lang='lat' dir='ltr'>Dat.</span> <span class='ocrx_word' id='word_1_165' title='bbox 436 2138 467 2159; x_wconf 89' lang='lat' dir='ltr'>1v</span> <span class='ocrx_word' id='word_1_166' title='bbox 488 2130 560 2159; x_wconf 82' lang='lat' dir='ltr'>idus</span> <span class='ocrx_word' id='word_1_167' title='bbox 582 2131 786 2169; x_wconf 82' lang='lat' dir='ltr'>septembris,</span> <span class='ocrx_word' id='word_1_168' title='bbox 806 2141 894 2163; x_wconf 88' lang='lat' dir='ltr'>anno</span> <span class='ocrx_word' id='word_1_169' title='bbox 912 2133 1064 2164; x_wconf 86' lang='lat' dir='ltr'>secundo.</span> <span class='ocrx_word' id='word_1_170' title='bbox 1083 2134 1235 2172; x_wconf 59' lang='lat' dir='ltr'>(Pomm,</span> 
     </span>
     <span class='ocr_line' id='line_1_28' title="bbox 222 2181 345 2221; baseline 0.008 -11"><span class='ocrx_word' id='word_1_171' title='bbox 222 2181 345 2221; x_wconf 82' lang='grc'>23075.)</span> 
     </span>
    </p>
   </div>
   <div class='ocr_carea' id='block_1_9' title="bbox 752 1962 1167 1998">
    <p class='ocr_par' dir='ltr' id='par_1_10' title="bbox 752 1962 1167 1998">
     <span class='ocr_line' id='line_1_29' title="bbox 752 1962 1167 1998; baseline 0.01 -10"><span class='ocrx_word' id='word_1_172' title='bbox 752 1962 839 1996; x_wconf 79' lang='lat' dir='ltr'>Rieti,</span> <span class='ocrx_word' id='word_1_173' title='bbox 860 1963 891 1989; x_wconf 81' lang='lat'>10</span> <span class='ocrx_word' id='word_1_174' title='bbox 907 1964 1071 1998; x_wconf 85' lang='lat' dir='ltr'>septembre</span> <span class='ocrx_word' id='word_1_175' title='bbox 1089 1965 1167 1992; x_wconf 79' lang='grc'>1289.</span> 
     </span>
    </p>
   </div>
   <div class='ocr_carea' id='block_1_10' title="bbox 293 2381 412 2410">
    <p class='ocr_par' dir='ltr' id='par_1_11' title="bbox 293 2381 412 2410">
     <span class='ocr_line' id='line_1_30' title="bbox 293 2381 412 2410; baseline 0 0"><span class='ocrx_word' id='word_1_176' title='bbox 293 2381 412 2410; x_wconf 68' lang='grc' dir='ltr'><strong>’ἵ514</strong></span> 
     </span>
    </p>
   </div>
   <div class='ocr_carea' id='block_1_11' title="bbox 215 2446 1233 2644">
    <p class='ocr_par' dir='ltr' id='par_1_12' title="bbox 215 2446 1233 2644">
     <span class='ocr_line' id='line_1_31' title="bbox 260 2446 1233 2487; baseline 0.005 -13"><span class='ocrx_word' id='word_1_177' title='bbox 260 2467 280 2474; x_wconf 91' lang='grc'>..</span> <span class='ocrx_word' id='word_1_178' title='bbox 293 2446 394 2481; x_wconf 65' lang='lat' dir='ltr'>priori</span> <span class='ocrx_word' id='word_1_179' title='bbox 404 2451 429 2475; x_wconf 86' lang='lat' dir='ltr'>et</span> <span class='ocrx_word' id='word_1_180' title='bbox 440 2447 601 2475; x_wconf 74' lang='lat' dir='ltr'>conventui</span> <span class='ocrx_word' id='word_1_181' title='bbox 615 2448 793 2476; x_wconf 76' lang='lat' dir='ltr'>monasterii</span> <span class='ocrx_word' id='word_1_182' title='bbox 803 2448 931 2477; x_wconf 75' lang='lat' dir='ltr'>Sanctae</span> <span class='ocrx_word' id='word_1_183' title='bbox 942 2449 1056 2478; x_wconf 79' lang='lat' dir='ltr'>Mariae</span> <span class='ocrx_word' id='word_1_184' title='bbox 1067 2455 1154 2479; x_wconf 73' lang='lat' dir='ltr'>ewtra</span> <span class='ocrx_word' id='word_1_185' title='bbox 1163 2459 1233 2487; x_wconf 86' lang='lat' dir='ltr'>por-</span> 
     </span>
     <span class='ocr_line' id='line_1_32' title="bbox 218 2498 1230 2541; baseline 0.005 -13"><span class='ocrx_word' id='word_1_186' title='bbox 218 2503 281 2528; x_wconf 83' lang='lat' dir='ltr'>tam</span> <span class='ocrx_word' id='word_1_187' title='bbox 293 2498 399 2527; x_wconf 78' lang='lat' dir='ltr'>Sancti</span> <span class='ocrx_word' id='word_1_188' title='bbox 413 2499 549 2528; x_wconf 78' lang='lat' dir='ltr'>Andreae</span> <span class='ocrx_word' id='word_1_189' title='bbox 563 2499 704 2529; x_wconf 69' lang='lat' dir='ltr'>Civitatis</span> <span class='ocrx_word' id='word_1_190' title='bbox 716 2500 848 2537; x_wconf 70' lang='lat' dir='ltr'>Castellt&#39;,</span> <span class='ocrx_word' id='word_1_191' title='bbox 868 2502 988 2531; x_wconf 70' lang='lat' dir='ltr'>ordinis</span> <span class='ocrx_word' id='word_1_192' title='bbox 1004 2502 1034 2531; x_wconf 91' lang='lat' dir='ltr'>S.</span> <span class='ocrx_word' id='word_1_193' title='bbox 1052 2502 1230 2541; x_wconf 73' lang='lat' dir='ltr'>Auyustmi,</span> 
     </span>
     <span class='ocr_line' id='line_1_33' title="bbox 217 2551 1232 2590; baseline 0.006 -10"><span class='ocrx_word' id='word_1_194' title='bbox 217 2551 365 2589; x_wconf 80' lang='lat' dir='ltr'>indulget</span> <span class='ocrx_word' id='word_1_195' title='bbox 391 2556 425 2581; x_wconf 85' lang='lat' dir='ltr'>nt</span> <span class='ocrx_word' id='word_1_196' title='bbox 450 2556 591 2590; x_wconf 90' lang='lat' dir='ltr'>tempore</span> <span class='ocrx_word' id='word_1_197' title='bbox 616 2553 776 2590; x_wconf 82' lang='lat' dir='ltr'>generalis</span> <span class='ocrx_word' id='word_1_198' title='bbox 804 2554 966 2584; x_wconf 82' lang='lat' dir='ltr'>interdicti</span> <span class='ocrx_word' id='word_1_199' title='bbox 992 2555 1104 2585; x_wconf 90' lang='lat' dir='ltr'>divina</span> <span class='ocrx_word' id='word_1_200' title='bbox 1127 2556 1232 2586; x_wconf 85' lang='lat' dir='ltr'>officia</span> 
     </span>
     <span class='ocr_line' id='line_1_34' title="bbox 215 2604 831 2644; baseline 0.002 -10"><span class='ocrx_word' id='word_1_201' title='bbox 215 2604 377 2634; x_wconf 88' lang='lat' dir='ltr'>celebrare</span> <span class='ocrx_word' id='word_1_202' title='bbox 391 2605 522 2643; x_wconf 84' lang='lat' dir='ltr'>possint.</span> <span class='ocrx_word' id='word_1_203' title='bbox 539 2605 691 2644; x_wconf 57' lang='lat' dir='ltr'>(Poma,</span> <span class='ocrx_word' id='word_1_204' title='bbox 710 2606 831 2644; x_wconf 76' lang='grc'>23076.)</span> 
     </span>
    </p>
   </div>
   <div class='ocr_carea' id='block_1_12' title="bbox 744 2384 1160 2420">
    <p class='ocr_par' dir='ltr' id='par_1_13' title="bbox 744 2384 1160 2420">
     <span class='ocr_line' id='line_1_35' title="bbox 744 2384 1160 2420; baseline 0.01 -9"><span class='ocrx_word' id='word_1_205' title='bbox 744 2384 831 2419; x_wconf 86' lang='lat' dir='ltr'>Ricti,</span> <span class='ocrx_word' id='word_1_206' title='bbox 852 2386 880 2411; x_wconf 88' lang='grc'>11</span> <span class='ocrx_word' id='word_1_207' title='bbox 899 2386 1063 2420; x_wconf 79' lang='lat' dir='ltr'>septembre</span> <span class='ocrx_word' id='word_1_208' title='bbox 1082 2387 1160 2415; x_wconf 76' lang='lat'>1289.</span> 
     </span>
    </p>
   </div>
   <div class='ocr_carea' id='block_1_13' title="bbox 287 2804 404 2832">
    <p class='ocr_par' dir='ltr' id='par_1_14' title="bbox 287 2804 404 2832">
     <span class='ocr_line' id='line_1_36' title="bbox 287 2804 404 2832; baseline -0.009 0"><span class='ocrx_word' id='word_1_209' title='bbox 287 2804 404 2832; x_wconf 65' lang='lat'><strong>’2515</strong></span> 
     </span>
    </p>
   </div>
   <div class='ocr_carea' id='block_1_14' title="bbox 214 2866 1226 3011">
    <p class='ocr_par' dir='ltr' id='par_1_15' title="bbox 214 2866 1226 3011">
     <span class='ocr_line' id='line_1_37' title="bbox 254 2866 1226 2907; baseline 0.005 -12"><span class='ocrx_word' id='word_1_210' title='bbox 254 2867 431 2896; x_wconf 69' lang='lat' dir='ltr'>monasterii</span> <span class='ocrx_word' id='word_1_211' title='bbox 449 2866 619 2896; x_wconf 78' lang='lat' dir='ltr'>Crassensz&#39;s</span> <span class='ocrx_word' id='word_1_212' title='bbox 633 2866 857 2898; x_wconf 85' lang='lat' dir='ltr'>immunitates</span> <span class='ocrx_word' id='word_1_213' title='bbox 874 2873 904 2898; x_wconf 88' lang='lat' dir='ltr'>et</span> <span class='ocrx_word' id='word_1_214' title='bbox 922 2868 1092 2907; x_wconf 84' lang='lat' dir='ltr'>privilegia</span> <span class='ocrx_word' id='word_1_215' title='bbox 1107 2870 1226 2900; x_wconf 82' lang='lat' dir='ltr'>confir-</span> 
     </span>
     <span class='ocr_line' id='line_1_38' title="bbox 214 2919 1226 2962; baseline 0.006 -14"><span class='ocrx_word' id='word_1_216' title='bbox 214 2924 290 2949; x_wconf 85' lang='lat' dir='ltr'>mat.</span> <span class='ocrx_word' id='word_1_217' title='bbox 311 2919 382 2949; x_wconf 88' lang='lat' dir='ltr'>Dat.</span> <span class='ocrx_word' id='word_1_218' title='bbox 408 2928 424 2948; x_wconf 78' lang='lat' dir='ltr'><strong>x</strong></span> <span class='ocrx_word' id='word_1_219' title='bbox 447 2919 602 2950; x_wconf 85' lang='lat' dir='ltr'>kalendas</span> <span class='ocrx_word' id='word_1_220' title='bbox 623 2919 772 2958; x_wconf 86' lang='lat' dir='ltr'>octobris,</span> <span class='ocrx_word' id='word_1_221' title='bbox 794 2929 880 2951; x_wconf 87' lang='lat' dir='ltr'>anno</span> <span class='ocrx_word' id='word_1_222' title='bbox 898 2922 1050 2952; x_wconf 89' lang='lat' dir='ltr'>secundo.</span> <span class='ocrx_word' id='word_1_223' title='bbox 1073 2922 1226 2962; x_wconf 52' lang='lat' dir='ltr'>(Poma,</span> 
     </span>
     <span class='ocr_line' id='line_1_39' title="bbox 214 2971 338 3011; baseline 0 -9"><span class='ocrx_word' id='word_1_224' title='bbox 214 2971 338 3011; x_wconf 85' lang='grc'>23087.)</span> 
     </span>
    </p>
   </div>
   <div class='ocr_carea' id='block_1_15' title="bbox 744 2804 1155 2841">
    <p class='ocr_par' dir='ltr' id='par_1_16' title="bbox 744 2804 1155 2841">
     <span class='ocr_line' id='line_1_40' title="bbox 744 2804 1155 2841; baseline 0.01 -11"><span class='ocrx_word' id='word_1_225' title='bbox 744 2804 829 2840; x_wconf 74' lang='lat' dir='ltr'>ttieti,</span> <span class='ocrx_word' id='word_1_226' title='bbox 846 2806 879 2832; x_wconf 61' lang='lat'>‘22&#39;</span> <span class='ocrx_word' id='word_1_227' title='bbox 896 2807 1059 2841; x_wconf 82' lang='lat' dir='ltr'>septembre</span> <span class='ocrx_word' id='word_1_228' title='bbox 1079 2807 1155 2835; x_wconf 75' lang='lat'>1289.</span> 
     </span>
    </p>
   </div>
   <div class='ocr_carea' id='block_1_16' title="bbox 1394 363 2258 400">
    <p class='ocr_par' dir='ltr' id='par_1_17' title="bbox 1394 363 2258 400">
     <span class='ocr_line' id='line_1_41' title="bbox 1394 363 2258 400; baseline 0.005 -10"><span class='ocrx_word' id='word_1_229' title='bbox 1394 364 1509 393; x_wconf 52' lang='lat'>25¹6</span> <span class='ocrx_word' id='word_1_230' title='bbox 1845 364 1933 398; x_wconf 67' lang='lat' dir='ltr'>Rieu,</span> <span class='ocrx_word' id='word_1_231' title='bbox 1951 363 1984 392; x_wconf 90' lang='grc'>30</span> <span class='ocrx_word' id='word_1_232' title='bbox 2000 365 2164 400; x_wconf 80' lang='lat' dir='ltr'>septembre</span> <span class='ocrx_word' id='word_1_233' title='bbox 2180 366 2258 394; x_wconf 80' lang='grc'>1289.</span> 
     </span>
    </p>
   </div>
   <div class='ocr_carea' id='block_1_17' title="bbox 1319 427 2327 733">
    <p class='ocr_par' dir='ltr' id='par_1_18' title="bbox 1319 427 2327 624">
     <span class='ocr_line' id='line_1_42' title="bbox 1360 427 2326 465; baseline 0.006 -10"><span class='ocrx_word' id='word_1_234' title='bbox 1360 427 1520 464; x_wconf 69' lang='grc' dir='ltr'><em>Ειίωαηίο,</em></span> <span class='ocrx_word' id='word_1_235' title='bbox 1537 428 1604 464; x_wconf 73' lang='lat' dir='ltr'>reyi</span> <span class='ocrx_word' id='word_1_236' title='bbox 1621 427 1760 465; x_wconf 76' lang='lat' dir='ltr'>Anyliae,</span> <span class='ocrx_word' id='word_1_237' title='bbox 1779 427 1906 457; x_wconf 83' lang='lat' dir='ltr'>nuntiat</span> <span class='ocrx_word' id='word_1_238' title='bbox 1921 436 1954 457; x_wconf 90' lang='lat' dir='ltr'>se</span> <span class='ocrx_word' id='word_1_239' title='bbox 1969 427 2009 456; x_wconf 90' lang='lat' dir='ltr'>ad</span> <span class='ocrx_word' id='word_1_240' title='bbox 2024 436 2098 458; x_wconf 87' lang='lat' dir='ltr'>eum</span> <span class='ocrx_word' id='word_1_241' title='bbox 2118 428 2326 462; x_wconf 85' lang='lat' dir='ltr'>Biscarallum</span> 
     </span>
     <span class='ocr_line' id='line_1_43' title="bbox 1320 478 2327 522; baseline 0.006 -14"><span class='ocrx_word' id='word_1_242' title='bbox 1320 478 1359 509; x_wconf 92' lang='lat' dir='ltr'>de</span> <span class='ocrx_word' id='word_1_243' title='bbox 1375 479 1518 517; x_wconf 77' lang='lat' dir='ltr'>Gisulfo,</span> <span class='ocrx_word' id='word_1_244' title='bbox 1537 480 1641 510; x_wconf 85' lang='lat' dir='ltr'>civem</span> <span class='ocrx_word' id='word_1_245' title='bbox 1658 479 1878 517; x_wconf 86' lang='lat' dir='ltr'>Januensem,</span> <span class='ocrx_word' id='word_1_246' title='bbox 1899 480 2053 513; x_wconf 84' lang='lat' dir='ltr'>nuntium</span> <span class='ocrx_word' id='word_1_247' title='bbox 2073 482 2228 519; x_wconf 81' lang='lat' dir='ltr'>Argonis,</span> <span class='ocrx_word' id='word_1_248' title='bbox 2247 484 2327 522; x_wconf 82' lang='lat' dir='ltr'>regis</span> 
     </span>
     <span class='ocr_line' id='line_1_44' title="bbox 1320 532 2327 574; baseline 0.005 -12"><span class='ocrx_word' id='word_1_249' title='bbox 1320 532 1539 570; x_wconf 84' lang='lat' dir='ltr'>Tartarorum,</span> <span class='ocrx_word' id='word_1_250' title='bbox 1552 533 1691 571; x_wconf 82' lang='lat' dir='ltr'>mittere,</span> <span class='ocrx_word' id='word_1_251' title='bbox 1706 533 1763 572; x_wconf 86' lang='lat' dir='ltr'>qui</span> <span class='ocrx_word' id='word_1_252' title='bbox 1778 542 1852 563; x_wconf 90' lang='lat' dir='ltr'>cum</span> <span class='ocrx_word' id='word_1_253' title='bbox 1869 542 1905 563; x_wconf 91' lang='lat' dir='ltr'>eo</span> <span class='ocrx_word' id='word_1_254' title='bbox 1919 543 1957 564; x_wconf 85' lang='lat' dir='ltr'>ex</span> <span class='ocrx_word' id='word_1_255' title='bbox 1973 539 2061 572; x_wconf 84' lang='lat' dir='ltr'>parte</span> <span class='ocrx_word' id='word_1_256' title='bbox 2076 534 2178 573; x_wconf 88' lang='lat' dir='ltr'>ipsius</span> <span class='ocrx_word' id='word_1_257' title='bbox 2190 536 2327 574; x_wconf 77' lang='lat' dir='ltr'>Argonis</span> 
     </span>
     <span class='ocr_line' id='line_1_45' title="bbox 1319 585 1922 624; baseline 0.002 -9"><span class='ocrx_word' id='word_1_258' title='bbox 1319 585 1358 616; x_wconf 89' lang='lat' dir='ltr'>de</span> <span class='ocrx_word' id='word_1_259' title='bbox 1375 586 1503 624; x_wconf 78' lang='lat' dir='ltr'>negotio</span> <span class='ocrx_word' id='word_1_260' title='bbox 1518 586 1635 616; x_wconf 83' lang='lat' dir='ltr'>Terrae</span> <span class='ocrx_word' id='word_1_261' title='bbox 1651 586 1786 616; x_wconf 82' lang='lat' dir='ltr'>Sanctae</span> <span class='ocrx_word' id='word_1_262' title='bbox 1803 590 1922 617; x_wconf 84' lang='lat' dir='ltr'>tractet.</span> 
     </span>
    </p>

    <p class='ocr_par' dir='ltr' id='par_1_19' title="bbox 1319 639 2327 733">
     <span class='ocr_line' id='line_1_46' title="bbox 1361 639 2327 678; baseline 0.006 -11"><span class='ocrx_word' id='word_1_263' title='bbox 1361 651 1374 667; x_wconf 67' lang='grc' dir='ltr'><em>α</em></span> <span class='ocrx_word' id='word_1_264' title='bbox 1398 639 1509 678; x_wconf 86' lang='lat' dir='ltr'>Nuper</span> <span class='ocrx_word' id='word_1_265' title='bbox 1527 640 1566 669; x_wconf 91' lang='lat' dir='ltr'>ad</span> <span class='ocrx_word' id='word_1_266' title='bbox 1584 640 1819 678; x_wconf 87' lang='lat' dir='ltr'>presentiam...</span> <span class='ocrx_word' id='word_1_267' title='bbox 1842 657 1881 661; x_wconf 97' lang='lat'><strong>—</strong></span> <span class='ocrx_word' id='word_1_268' title='bbox 1904 640 1977 671; x_wconf 87' lang='lat' dir='ltr'>Dat.</span> <span class='ocrx_word' id='word_1_269' title='bbox 1999 641 2115 676; x_wconf 88' lang='lat' dir='ltr'>Reate,</span> <span class='ocrx_word' id='word_1_270' title='bbox 2139 650 2159 671; x_wconf 87' lang='lat'>11</span> <span class='ocrx_word' id='word_1_271' title='bbox 2178 640 2327 674; x_wconf 74' lang='lat' dir='ltr'>kalendas</span> 
     </span>
     <span class='ocr_line' id='line_1_47' title="bbox 1319 692 2084 733; baseline 0.003 -11"><span class='ocrx_word' id='word_1_272' title='bbox 1319 692 1465 729; x_wconf 84' lang='lat' dir='ltr'>octobris,</span> <span class='ocrx_word' id='word_1_273' title='bbox 1484 701 1570 723; x_wconf 88' lang='lat' dir='ltr'>anno</span> <span class='ocrx_word' id='word_1_274' title='bbox 1586 692 1738 724; x_wconf 87' lang='lat' dir='ltr'>secundo.</span> <span class='ocrx_word' id='word_1_275' title='bbox 1758 705 1771 719; x_wconf 71' lang='lat'>1»</span> <span class='ocrx_word' id='word_1_276' title='bbox 1788 693 1942 732; x_wconf 56' lang='lat' dir='ltr'>(Poma,</span> <span class='ocrx_word' id='word_1_277' title='bbox 1961 693 2084 733; x_wconf 80' lang='grc'>23096.)</span> 
     </span>
    </p>
   </div>
   <div class='ocr_carea' id='block_1_18' title="bbox 1393 886 2259 921">
    <p class='ocr_par' dir='ltr' id='par_1_20' title="bbox 1393 886 2259 921">
     <span class='ocr_line' id='line_1_48' title="bbox 1393 886 2259 921; baseline 0.003 -8"><span class='ocrx_word' id='word_1_278' title='bbox 1393 886 1476 914; x_wconf 65' lang='lat'>&#39;251</span> <span class='ocrx_word' id='word_1_279' title='bbox 1486 886 1510 915; x_wconf 63' lang='lat'>¹2</span> <span class='ocrx_word' id='word_1_280' title='bbox 1911 887 1998 921; x_wconf 81' lang='lat' dir='ltr'>Rieti,</span> <span class='ocrx_word' id='word_1_281' title='bbox 2016 887 2032 914; x_wconf 82' lang='lat'><strong>6</strong></span> <span class='ocrx_word' id='word_1_282' title='bbox 2047 887 2164 914; x_wconf 83' lang='lat' dir='ltr'>octobre</span> <span class='ocrx_word' id='word_1_283' title='bbox 2181 887 2259 916; x_wconf 81' lang='grc'>1289.</span> 
     </span>
    </p>
   </div>
   <div class='ocr_carea' id='block_1_19' title="bbox 1319 950 2328 1202">
    <p class='ocr_par' dir='ltr' id='par_1_21' title="bbox 1319 950 2328 1086">
     <span class='ocr_line' id='line_1_49' title="bbox 1360 950 2328 983; baseline 0.004 -5"><span class='ocrx_word' id='word_1_284' title='bbox 1360 950 1493 979; x_wconf 78' lang='lat' dir='ltr'>Rectores</span> <span class='ocrx_word' id='word_1_285' title='bbox 1515 950 1711 979; x_wconf 72' lang='lat' dir='ltr'>ecclesiarum</span> <span class='ocrx_word' id='word_1_286' title='bbox 1735 951 1872 980; x_wconf 69' lang='lat' dir='ltr'>civitatis</span> <span class='ocrx_word' id='word_1_287' title='bbox 1892 956 1918 980; x_wconf 83' lang='lat' dir='ltr'>et</span> <span class='ocrx_word' id='word_1_288' title='bbox 1939 951 2080 980; x_wconf 77' lang='lat' dir='ltr'>dioecesis</span> <span class='ocrx_word' id='word_1_289' title='bbox 2100 951 2328 983; x_wconf 68' lang='lat' dir='ltr'>Cenomanensis</span> 
     </span>
     <span class='ocr_line' id='line_1_50' title="bbox 1319 1003 2328 1042; baseline 0.005 -10"><span class='ocrx_word' id='word_1_290' title='bbox 1319 1008 1410 1041; x_wconf 85' lang='lat' dir='ltr'>rogat</span> <span class='ocrx_word' id='word_1_291' title='bbox 1434 1007 1466 1032; x_wconf 88' lang='lat' dir='ltr'>ut</span> <span class='ocrx_word' id='word_1_292' title='bbox 1489 1003 1601 1033; x_wconf 79' lang='lat' dir='ltr'>fratres</span> <span class='ocrx_word' id='word_1_293' title='bbox 1625 1003 1858 1042; x_wconf 85' lang='lat' dir='ltr'>praedicatores</span> <span class='ocrx_word' id='word_1_294' title='bbox 1883 1005 2142 1035; x_wconf 81' lang='lat' dir='ltr'>Cenomanenses</span> <span class='ocrx_word' id='word_1_295' title='bbox 2163 1004 2328 1038; x_wconf 78' lang='lat' dir='ltr'>molestare</span> 
     </span>
     <span class='ocr_line' id='line_1_51' title="bbox 1320 1061 1455 1086; baseline -0.007 0"><span class='ocrx_word' id='word_1_296' title='bbox 1320 1061 1455 1086; x_wconf 86' lang='lat' dir='ltr'>cessent.</span> 
     </span>
    </p>

    <p class='ocr_par' dir='ltr' id='par_1_22' title="bbox 1321 1109 2328 1202">
     <span class='ocr_line' id='line_1_52' title="bbox 1363 1109 2328 1149; baseline 0.005 -11"><span class='ocrx_word' id='word_1_297' title='bbox 1363 1121 1375 1135; x_wconf 84' lang='lat'>«</span> <span class='ocrx_word' id='word_1_298' title='bbox 1394 1109 1429 1139; x_wconf 79' lang='lat' dir='ltr'>Si</span> <span class='ocrx_word' id='word_1_299' title='bbox 1444 1109 1483 1139; x_wconf 90' lang='lat' dir='ltr'>ad</span> <span class='ocrx_word' id='word_1_300' title='bbox 1500 1109 1633 1140; x_wconf 87' lang='lat' dir='ltr'>illum...</span> <span class='ocrx_word' id='word_1_301' title='bbox 1650 1127 1689 1132; x_wconf 90' lang='lat'>-</span> <span class='ocrx_word' id='word_1_302' title='bbox 1705 1110 1775 1140; x_wconf 88' lang='lat' dir='ltr'>Dat.</span> <span class='ocrx_word' id='word_1_303' title='bbox 1795 1111 1905 1148; x_wconf 88' lang='lat' dir='ltr'>Reate,</span> <span class='ocrx_word' id='word_1_304' title='bbox 1923 1121 1944 1141; x_wconf 89' lang='lat'>11</span> <span class='ocrx_word' id='word_1_305' title='bbox 1964 1120 2066 1141; x_wconf 83' lang='lat' dir='ltr'>nonas</span> <span class='ocrx_word' id='word_1_306' title='bbox 2080 1111 2229 1149; x_wconf 87' lang='lat' dir='ltr'>octobris,</span> <span class='ocrx_word' id='word_1_307' title='bbox 2244 1120 2328 1144; x_wconf 88' lang='lat' dir='ltr'>anuo</span> 
     </span>
     <span class='ocr_line' id='line_1_53' title="bbox 1321 1162 1815 1202; baseline 0.004 -10"><span class='ocrx_word' id='word_1_308' title='bbox 1321 1162 1472 1193; x_wconf 89' lang='lat' dir='ltr'>secundo.</span> <span class='ocrx_word' id='word_1_309' title='bbox 1493 1175 1505 1189; x_wconf 72' lang='lat' dir='ltr'>n</span> <span class='ocrx_word' id='word_1_310' title='bbox 1523 1163 1675 1202; x_wconf 56' lang='lat' dir='ltr'>(porra,</span> <span class='ocrx_word' id='word_1_311' title='bbox 1694 1163 1815 1201; x_wconf 83' lang='grc'>23098.)</span> 
     </span>
    </p>
   </div>
   <div class='ocr_carea' id='block_1_20' title="bbox 1392 1356 1512 1384">
    <p class='ocr_par' dir='ltr' id='par_1_23' title="bbox 1392 1356 1512 1384">
     <span class='ocr_line' id='line_1_54' title="bbox 1392 1356 1512 1384; baseline 0 0"><span class='ocrx_word' id='word_1_312' title='bbox 1392 1356 1512 1384; x_wconf 58' lang='grc' dir='ltr'>ἵ518</span> 
     </span>
    </p>
   </div>
   <div class='ocr_carea' id='block_1_21' title="bbox 1318 1420 2339 1779">
    <p class='ocr_par' dir='ltr' id='par_1_24' title="bbox 1320 1420 2339 1618">
     <span class='ocr_line' id='line_1_55' title="bbox 1359 1420 2329 1459; baseline 0.003 -11"><span class='ocrx_word' id='word_1_313' title='bbox 1359 1420 1526 1454; x_wconf 75' lang='lat' dir='ltr'>Edwardo,</span> <span class='ocrx_word' id='word_1_314' title='bbox 1558 1422 1625 1457; x_wconf 62' lang='lat' dir='ltr'>reae?</span> <span class='ocrx_word' id='word_1_315' title='bbox 1657 1421 1801 1458; x_wconf 72' lang='lat' dir='ltr'>Anytiae,</span> <span class='ocrx_word' id='word_1_316' title='bbox 1833 1420 1997 1459; x_wconf 83' lang='lat' dir='ltr'>significat</span> <span class='ocrx_word' id='word_1_317' title='bbox 2026 1429 2159 1451; x_wconf 86' lang='lat' dir='ltr'>censum</span> <span class='ocrx_word' id='word_1_318' title='bbox 2183 1428 2329 1452; x_wconf 86' lang='lat' dir='ltr'>annuum</span> 
     </span>
     <span class='ocr_line' id='line_1_56' title="bbox 1321 1472 2328 1513; baseline 0.005 -12"><span class='ocrx_word' id='word_1_319' title='bbox 1321 1472 1410 1506; x_wconf 87' lang='grc'>1,000</span> <span class='ocrx_word' id='word_1_320' title='bbox 1435 1482 1614 1502; x_wconf 83' lang='lat' dir='ltr'>marcarum</span> <span class='ocrx_word' id='word_1_321' title='bbox 1638 1473 1869 1512; x_wconf 83' lang='lat' dir='ltr'>sterlingorum</span> <span class='ocrx_word' id='word_1_322' title='bbox 1888 1483 1944 1513; x_wconf 91' lang='lat' dir='ltr'>pro</span> <span class='ocrx_word' id='word_1_323' title='bbox 1962 1483 2014 1504; x_wconf 82' lang='lat' dir='ltr'>sex</span> <span class='ocrx_word' id='word_1_324' title='bbox 2035 1474 2130 1504; x_wconf 87' lang='lat' dir='ltr'>annis</span> <span class='ocrx_word' id='word_1_325' title='bbox 2150 1474 2328 1506; x_wconf 74' lang='lat' dir='ltr'>terminatis</span> 
     </span>
     <span class='ocr_line' id='line_1_57' title="bbox 1320 1526 2339 1567; baseline 0.003 -12"><span class='ocrx_word' id='word_1_326' title='bbox 1320 1526 1354 1555; x_wconf 90' lang='lat' dir='ltr'>in</span> <span class='ocrx_word' id='word_1_327' title='bbox 1369 1526 1448 1556; x_wconf 77' lang='lat' dir='ltr'>sesto</span> <span class='ocrx_word' id='word_1_328' title='bbox 1462 1526 1544 1556; x_wconf 88' lang='lat' dir='ltr'>beati</span> <span class='ocrx_word' id='word_1_329' title='bbox 1562 1527 1730 1557; x_wconf 85' lang='lat' dir='ltr'>Michaelis</span> <span class='ocrx_word' id='word_1_330' title='bbox 1743 1528 1888 1566; x_wconf 79' lang='lat' dir='ltr'>proximo</span> <span class='ocrx_word' id='word_1_331' title='bbox 1904 1528 2072 1567; x_wconf 85' lang='lat' dir='ltr'>praeterito</span> <span class='ocrx_word' id='word_1_332' title='bbox 2087 1536 2232 1558; x_wconf 85' lang='lat' dir='ltr'>camerae</span> <span class='ocrx_word' id='word_1_333' title='bbox 2243 1535 2339 1567; x_wconf 58' lang='lat' dir='ltr'>aposv</span> 
     </span>
     <span class='ocr_line' id='line_1_58' title="bbox 1320 1578 1741 1618; baseline 0.005 -10"><span class='ocrx_word' id='word_1_334' title='bbox 1320 1578 1433 1609; x_wconf 88' lang='lat' dir='ltr'>tolicae</span> <span class='ocrx_word' id='word_1_335' title='bbox 1448 1579 1646 1618; x_wconf 84' lang='lat' dir='ltr'>persolutum</span> <span class='ocrx_word' id='word_1_336' title='bbox 1662 1589 1741 1610; x_wconf 85' lang='lat' dir='ltr'>esse.</span> 
     </span>
    </p>

    <p class='ocr_par' dir='ltr' id='par_1_25' title="bbox 1318 1633 2339 1779">
     <span class='ocr_line' id='line_1_59' title="bbox 1361 1633 2339 1674; baseline 0.003 -12"><span class='ocrx_word' id='word_1_337' title='bbox 1361 1645 1373 1658; x_wconf 71' lang='lat' dir='ltr'>a</span> <span class='ocrx_word' id='word_1_338' title='bbox 1401 1633 1512 1671; x_wconf 86' lang='lat' dir='ltr'>Nuper</span> <span class='ocrx_word' id='word_1_339' title='bbox 1532 1633 1639 1663; x_wconf 86' lang='lat' dir='ltr'>dilecti</span> <span class='ocrx_word' id='word_1_340' title='bbox 1662 1633 1761 1663; x_wconf 89' lang='lat' dir='ltr'>filii...</span> <span class='ocrx_word' id='word_1_341' title='bbox 1783 1651 1821 1655; x_wconf 97' lang='lat'><strong>—</strong></span> <span class='ocrx_word' id='word_1_342' title='bbox 1844 1634 1914 1664; x_wconf 86' lang='lat' dir='ltr'>Dat.</span> <span class='ocrx_word' id='word_1_343' title='bbox 1937 1634 2056 1672; x_wconf 86' lang='lat' dir='ltr'>Rome,</span> <span class='ocrx_word' id='word_1_344' title='bbox 2076 1634 2158 1674; x_wconf 92' lang='lat' dir='ltr'>apud</span> <span class='ocrx_word' id='word_1_345' title='bbox 2181 1633 2339 1674; x_wconf 56' lang='lat' dir='ltr'>Sanctam&lt;</span> 
     </span>
     <span class='ocr_line' id='line_1_60' title="bbox 1320 1677 2338 1725; baseline 0.002 -11"><span class='ocrx_word' id='word_1_346' title='bbox 1320 1686 1456 1715; x_wconf 83' lang='lat' dir='ltr'>Mariam</span> <span class='ocrx_word' id='word_1_347' title='bbox 1476 1686 1642 1724; x_wconf 60' lang='lat' dir='ltr'>Mami-em,</span> <span class='ocrx_word' id='word_1_348' title='bbox 1663 1696 1685 1716; x_wconf 87' lang='lat'>11</span> <span class='ocrx_word' id='word_1_349' title='bbox 1705 1695 1808 1717; x_wconf 89' lang='lat' dir='ltr'>nonas</span> <span class='ocrx_word' id='word_1_350' title='bbox 1823 1688 2024 1725; x_wconf 83' lang='lat' dir='ltr'>novembris,</span> <span class='ocrx_word' id='word_1_351' title='bbox 2042 1696 2129 1718; x_wconf 86' lang='lat' dir='ltr'>anno</span> <span class='ocrx_word' id='word_1_352' title='bbox 2145 1687 2293 1720; x_wconf 86' lang='lat' dir='ltr'>secundo.</span> <span class='ocrx_word' id='word_1_353' title='bbox 2311 1677 2338 1716; x_wconf 69' lang='grc' dir='ltr'>ι’</span> 
     </span>
     <span class='ocr_line' id='line_1_61' title="bbox 1318 1737 1615 1779; baseline 0 -11"><span class='ocrx_word' id='word_1_354' title='bbox 1318 1737 1472 1778; x_wconf 72' lang='lat' dir='ltr'>(Porrn.,</span> <span class='ocrx_word' id='word_1_355' title='bbox 1490 1738 1615 1779; x_wconf 72' lang='grc'>23102.)</span> 
     </span>
    </p>
   </div>
   <div class='ocr_carea' id='block_1_22' title="bbox 1599 1356 2258 1392">
    <p class='ocr_par' dir='ltr' id='par_1_26' title="bbox 1599 1356 2258 1392">
     <span class='ocr_line' id='line_1_62' title="bbox 1599 1356 2258 1392; baseline 0.003 -10"><span class='ocrx_word' id='word_1_356' title='bbox 1599 1356 1960 1392; x_wconf 82' lang='lat' dir='ltr'>Sainte-Marie-Majeure,</span> <span class='ocrx_word' id='word_1_357' title='bbox 1977 1358 1992 1384; x_wconf 79' lang='lat'>4</span> <span class='ocrx_word' id='word_1_358' title='bbox 2009 1357 2164 1384; x_wconf 87' lang='lat' dir='ltr'>novembre</span> <span class='ocrx_word' id='word_1_359' title='bbox 2180 1356 2258 1385; x_wconf 84' lang='grc'>1289.</span> 
     </span>
    </p>
   </div>
   <div class='ocr_carea' id='block_1_23' title="bbox 1391 1933 1506 1962">
    <p class='ocr_par' dir='ltr' id='par_1_27' title="bbox 1391 1933 1506 1962">
     <span class='ocr_line' id='line_1_63' title="bbox 1391 1933 1506 1962; baseline 0 -1"><span class='ocrx_word' id='word_1_360' title='bbox 1391 1933 1506 1962; x_wconf 63' lang='grc' dir='ltr'>’ἵὸΙθ</span> 
     </span>
    </p>
   </div>
   <div class='ocr_carea' id='block_1_24' title="bbox 1316 1994 2392 2251">
    <p class='ocr_par' dir='ltr' id='par_1_28' title="bbox 1316 1994 2392 2251">
     <span class='ocr_line' id='line_1_64' title="bbox 1361 1994 2392 2034; baseline 0.006 -11"><span class='ocrx_word' id='word_1_361' title='bbox 1361 2017 1380 2023; x_wconf 95' lang='grc'>..</span> <span class='ocrx_word' id='word_1_362' title='bbox 1396 1996 1496 2024; x_wconf 68' lang='lat' dir='ltr'>abbati</span> <span class='ocrx_word' id='word_1_363' title='bbox 1512 1998 1691 2025; x_wconf 75' lang='lat' dir='ltr'>monasterii</span> <span class='ocrx_word' id='word_1_364' title='bbox 1706 1997 1863 2026; x_wconf 78' lang='lat' dir='ltr'>Scotorum</span> <span class='ocrx_word' id='word_1_365' title='bbox 1875 1998 2084 2034; x_wconf 75' lang='lat' dir='ltr'>Erfordiensis</span> <span class='ocrx_word' id='word_1_366' title='bbox 2099 1997 2230 2028; x_wconf 85' lang='lat' dir='ltr'>mandat</span> <span class='ocrx_word' id='word_1_367' title='bbox 2244 2001 2278 2028; x_wconf 81' lang='lat' dir='ltr'>ut</span> <span class='ocrx_word' id='word_1_368' title='bbox 2291 2000 2342 2029; x_wconf 55' lang='lat' dir='ltr'>ea:-</span> <span class='ocrx_word' id='word_1_369' title='bbox 2388 1994 2392 2006; x_wconf 84' lang='lat'><em>&#39;</em></span> 
     </span>
     <span class='ocr_line' id='line_1_65' title="bbox 1319 2049 2341 2088; baseline 0.004 -10"><span class='ocrx_word' id='word_1_370' title='bbox 1319 2058 1400 2088; x_wconf 83' lang='lat' dir='ltr'>quae</span> <span class='ocrx_word' id='word_1_371' title='bbox 1419 2049 1457 2078; x_wconf 86' lang='lat' dir='ltr'>de</span> <span class='ocrx_word' id='word_1_372' title='bbox 1472 2049 1565 2079; x_wconf 87' lang='lat' dir='ltr'>bonis</span> <span class='ocrx_word' id='word_1_373' title='bbox 1581 2050 1727 2080; x_wconf 85' lang='lat' dir='ltr'>coenobii</span> <span class='ocrx_word' id='word_1_374' title='bbox 1743 2051 1782 2080; x_wconf 89' lang='lat' dir='ltr'>de</span> <span class='ocrx_word' id='word_1_375' title='bbox 1798 2050 1932 2081; x_wconf 89' lang='lat' dir='ltr'>Camera</span> <span class='ocrx_word' id='word_1_376' title='bbox 1949 2052 2083 2082; x_wconf 83' lang='lat' dir='ltr'>Sanctae</span> <span class='ocrx_word' id='word_1_377' title='bbox 2101 2051 2240 2088; x_wconf 87' lang='lat' dir='ltr'>Mariae,</span> <span class='ocrx_word' id='word_1_378' title='bbox 2257 2050 2341 2082; x_wconf 79' lang='lat' dir='ltr'>Cis-.</span> 
     </span>
     <span class='ocr_line' id='line_1_66' title="bbox 1319 2103 2340 2143; baseline 0.005 -12"><span class='ocrx_word' id='word_1_379' title='bbox 1319 2103 1485 2132; x_wconf 83' lang='lat' dir='ltr'>terciensis</span> <span class='ocrx_word' id='word_1_380' title='bbox 1496 2104 1630 2139; x_wconf 88' lang='lat' dir='ltr'>ordinis,</span> <span class='ocrx_word' id='word_1_381' title='bbox 1647 2105 1933 2143; x_wconf 85' lang='lat' dir='ltr'>Magdeburgensis</span> <span class='ocrx_word' id='word_1_382' title='bbox 1947 2105 2111 2142; x_wconf 87' lang='lat' dir='ltr'>dioecesis,</span> <span class='ocrx_word' id='word_1_383' title='bbox 2124 2105 2238 2136; x_wconf 86' lang='lat' dir='ltr'>illicite</span> <span class='ocrx_word' id='word_1_384' title='bbox 2249 2103 2340 2136; x_wconf 82' lang='lat' dir='ltr'>alie-¹</span> 
     </span>
     <span class='ocr_line' id='line_1_67' title="bbox 1318 2147 2349 2197; baseline 0.004 -12"><span class='ocrx_word' id='word_1_385' title='bbox 1318 2161 1392 2185; x_wconf 81' lang='lat' dir='ltr'>nata</span> <span class='ocrx_word' id='word_1_386' title='bbox 1414 2156 1462 2186; x_wconf 78' lang='lat' dir='ltr'>vel</span> <span class='ocrx_word' id='word_1_387' title='bbox 1486 2157 1636 2187; x_wconf 85' lang='lat' dir='ltr'>distracta</span> <span class='ocrx_word' id='word_1_388' title='bbox 1651 2158 1813 2188; x_wconf 87' lang='lat' dir='ltr'>invenerit</span> <span class='ocrx_word' id='word_1_389' title='bbox 1829 2158 1868 2188; x_wconf 86' lang='lat' dir='ltr'>ad</span> <span class='ocrx_word' id='word_1_390' title='bbox 1882 2159 1936 2197; x_wconf 87' lang='lat' dir='ltr'>jus</span> <span class='ocrx_word' id='word_1_391' title='bbox 1954 2161 1984 2188; x_wconf 90' lang='lat' dir='ltr'>et</span> <span class='ocrx_word' id='word_1_392' title='bbox 2000 2158 2226 2197; x_wconf 85' lang='lat' dir='ltr'>proprietatem</span> <span class='ocrx_word' id='word_1_393' title='bbox 2243 2147 2349 2197; x_wconf 61' lang='lat' dir='ltr'>ejus-25</span> 
     </span>
     <span class='ocr_line' id='line_1_68' title="bbox 1316 2209 2057 2251; baseline 0.003 -13"><span class='ocrx_word' id='word_1_394' title='bbox 1316 2209 1389 2239; x_wconf 90' lang='lat' dir='ltr'>dem</span> <span class='ocrx_word' id='word_1_395' title='bbox 1406 2209 1594 2240; x_wconf 84' lang='lat' dir='ltr'>monasterii</span> <span class='ocrx_word' id='word_1_396' title='bbox 1610 2215 1746 2240; x_wconf 89' lang='lat' dir='ltr'>revocet.</span> <span class='ocrx_word' id='word_1_397' title='bbox 1765 2210 1915 2250; x_wconf 53' lang='lat' dir='ltr'>(Poma,</span> <span class='ocrx_word' id='word_1_398' title='bbox 1934 2211 2057 2251; x_wconf 76' lang='lat'>23104.)</span> 
     </span>
    </p>
   </div>
   <div class='ocr_carea' id='block_1_25' title="bbox 1591 1933 2256 1970">
    <p class='ocr_par' dir='ltr' id='par_1_29' title="bbox 1591 1933 2256 1970">
     <span class='ocr_line' id='line_1_69' title="bbox 1591 1933 2256 1970; baseline 0.005 -10"><span class='ocrx_word' id='word_1_399' title='bbox 1591 1933 1954 1970; x_wconf 75' lang='lat' dir='ltr'>Sainte-Marie—MaJeure,</span> <span class='ocrx_word' id='word_1_400' title='bbox 1974 1936 1989 1962; x_wconf 86' lang='lat'><strong>4</strong></span> <span class='ocrx_word' id='word_1_401' title='bbox 2005 1935 2160 1963; x_wconf 84' lang='lat' dir='ltr'>novembre</span> <span class='ocrx_word' id='word_1_402' title='bbox 2178 1935 2256 1964; x_wconf 76' lang='lat'>1289.</span> 
     </span>
    </p>
   </div>
   <div class='ocr_carea' id='block_1_26' title="bbox 1388 2403 1504 2432">
    <p class='ocr_par' dir='ltr' id='par_1_30' title="bbox 1388 2403 1504 2432">
     <span class='ocr_line' id='line_1_70' title="bbox 1388 2403 1504 2432; baseline 0 -1"><span class='ocrx_word' id='word_1_403' title='bbox 1388 2403 1504 2432; x_wconf 68' lang='lat'><strong>&#39;2520</strong></span> 
     </span>
    </p>
   </div>
   <div class='ocr_carea' id='block_1_27' title="bbox 1313 2467 2390 2668">
    <p class='ocr_par' dir='ltr' id='par_1_31' title="bbox 1313 2467 2390 2668">
     <span class='ocr_line' id='line_1_71' title="bbox 1358 2467 2389 2513; baseline 0.002 -18"><span class='ocrx_word' id='word_1_404' title='bbox 1358 2488 1378 2495; x_wconf 92' lang='lat'>..</span> <span class='ocrx_word' id='word_1_405' title='bbox 1393 2468 1563 2505; x_wconf 75' lang='lat' dir='ltr'>praeposito</span> <span class='ocrx_word' id='word_1_406' title='bbox 1577 2467 1682 2498; x_wconf 78' lang='lat' dir='ltr'>Sancti</span> <span class='ocrx_word' id='word_1_407' title='bbox 1698 2468 1841 2498; x_wconf 71' lang='lat' dir='ltr'>Mauritii</span> <span class='ocrx_word' id='word_1_408' title='bbox 1856 2474 1882 2498; x_wconf 88' lang='lat' dir='ltr'>et</span> <span class='ocrx_word' id='word_1_409' title='bbox 1900 2490 1921 2498; x_wconf 91' lang='lat'>..</span> <span class='ocrx_word' id='word_1_410' title='bbox 1941 2469 2052 2498; x_wconf 83' lang='lat' dir='ltr'>decano</span> <span class='ocrx_word' id='word_1_411' title='bbox 2071 2474 2097 2499; x_wconf 81' lang='lat' dir='ltr'>et</span> <span class='ocrx_word' id='word_1_412' title='bbox 2112 2491 2132 2500; x_wconf 93' lang='lat'>..</span> <span class='ocrx_word' id='word_1_413' title='bbox 2150 2469 2347 2513; x_wconf 37' lang='lat' dir='ltr'>scholastico]</span> <span class='ocrx_word' id='word_1_414' title='bbox 2388 2494 2389 2497; x_wconf 73' lang='grc'>,</span> 
     </span>
     <span class='ocr_line' id='line_1_72' title="bbox 1314 2520 2322 2553; baseline 0.003 -4"><span class='ocrx_word' id='word_1_415' title='bbox 1314 2521 1348 2550; x_wconf 59' lang='grc' dir='ltr'>1ίη</span> <span class='ocrx_word' id='word_1_416' title='bbox 1361 2520 1457 2549; x_wconf 77' lang='lat' dir='ltr'>Aclcen</span> <span class='ocrx_word' id='word_1_417' title='bbox 1474 2521 1605 2550; x_wconf 84' lang='lat' dir='ltr'>mandat</span> <span class='ocrx_word' id='word_1_418' title='bbox 1623 2526 1657 2550; x_wconf 85' lang='lat' dir='ltr'>ut</span> <span class='ocrx_word' id='word_1_419' title='bbox 1674 2522 1924 2552; x_wconf 86' lang='lat' dir='ltr'>controversiam</span> <span class='ocrx_word' id='word_1_420' title='bbox 1942 2522 2027 2552; x_wconf 88' lang='lat' dir='ltr'>inter</span> <span class='ocrx_word' id='word_1_421' title='bbox 2045 2521 2200 2553; x_wconf 78' lang='lat' dir='ltr'>moniales</span> <span class='ocrx_word' id='word_1_422' title='bbox 2217 2521 2322 2553; x_wconf 84' lang='lat' dir='ltr'>Sancti-</span> 
     </span>
     <span class='ocr_line' id='line_1_73' title="bbox 1313 2573 2390 2613; baseline 0.004 -11"><span class='ocrx_word' id='word_1_423' title='bbox 1313 2573 1442 2611; x_wconf 82' lang='lat' dir='ltr'>Georgii</span> <span class='ocrx_word' id='word_1_424' title='bbox 1459 2573 1544 2613; x_wconf 86' lang='lat' dir='ltr'>apud</span> <span class='ocrx_word' id='word_1_425' title='bbox 1557 2574 1672 2611; x_wconf 88' lang='lat' dir='ltr'>Hallis,</span> <span class='ocrx_word' id='word_1_426' title='bbox 1691 2574 1912 2606; x_wconf 67' lang='lat' dir='ltr'>(lister-niensis</span> <span class='ocrx_word' id='word_1_427' title='bbox 1927 2575 2063 2611; x_wconf 83' lang='lat' dir='ltr'>ordinis,</span> <span class='ocrx_word' id='word_1_428' title='bbox 2080 2579 2110 2606; x_wconf 88' lang='lat' dir='ltr'>et</span> <span class='ocrx_word' id='word_1_429' title='bbox 2127 2575 2342 2613; x_wconf 58' lang='lat' dir='ltr'>Wernerum„</span> <span class='ocrx_word' id='word_1_430' title='bbox 2388 2573 2390 2591; x_wconf 78' lang='lat'><strong>²</strong></span> 
     </span>
     <span class='ocr_line' id='line_1_74' title="bbox 1313 2626 2390 2668; baseline 0.004 -13"><span class='ocrx_word' id='word_1_431' title='bbox 1313 2626 1351 2656; x_wconf 86' lang='lat' dir='ltr'>de</span> <span class='ocrx_word' id='word_1_432' title='bbox 1371 2627 1601 2658; x_wconf 81' lang='lat' dir='ltr'>Hadmersleve</span> <span class='ocrx_word' id='word_1_433' title='bbox 1618 2632 1794 2659; x_wconf 81' lang='lat' dir='ltr'>vertentem</span> <span class='ocrx_word' id='word_1_434' title='bbox 1816 2629 2004 2668; x_wconf 86' lang='lat' dir='ltr'>disceptent.</span> <span class='ocrx_word' id='word_1_435' title='bbox 2027 2628 2181 2668; x_wconf 58' lang='lat' dir='ltr'>(Pomm,</span> <span class='ocrx_word' id='word_1_436' title='bbox 2201 2627 2346 2667; x_wconf 67' lang='grc'>23105.)*4</span> <span class='ocrx_word' id='word_1_437' title='bbox 2388 2633 2390 2639; x_wconf 88' lang='grc'><em>·</em></span> 
     </span>
    </p>
   </div>
   <div class='ocr_carea' id='block_1_28' title="bbox 1596 2403 2254 2439">
    <p class='ocr_par' dir='ltr' id='par_1_32' title="bbox 1596 2403 2254 2439">
     <span class='ocr_line' id='line_1_75' title="bbox 1596 2403 2254 2439; baseline 0.006 -10"><span class='ocrx_word' id='word_1_438' title='bbox 1596 2403 1959 2439; x_wconf 78' lang='lat' dir='ltr'>Salute-Marie-Majeure,</span> <span class='ocrx_word' id='word_1_439' title='bbox 1975 2405 1988 2431; x_wconf 84' lang='lat'><strong>4</strong></span> <span class='ocrx_word' id='word_1_440' title='bbox 2005 2405 2160 2432; x_wconf 86' lang='lat' dir='ltr'>novembre</span> <span class='ocrx_word' id='word_1_441' title='bbox 2177 2405 2254 2433; x_wconf 85' lang='grc'>1289.</span> 
     </span>
    </p>
   </div>
   <div class='ocr_carea' id='block_1_29' title="bbox 1351 2814 2316 2915">
    <p class='ocr_par' dir='ltr' id='par_1_33' title="bbox 1351 2814 2316 2915">
     <span class='ocr_line' id='line_1_76' title="bbox 1384 2814 1494 2842; baseline 0.009 -1"><span class='ocrx_word' id='word_1_442' title='bbox 1384 2814 1494 2842; x_wconf 57' lang='grc' dir='ltr'>τὸπι</span> 
     </span>
     <span class='ocr_line' id='line_1_77' title="bbox 1351 2875 2316 2915; baseline 0.002 -12"><span class='ocrx_word' id='word_1_443' title='bbox 1351 2876 1528 2905; x_wconf 77' lang='lat' dir='ltr'>Monasterii</span> <span class='ocrx_word' id='word_1_444' title='bbox 1552 2877 1777 2915; x_wconf 80' lang='lat' dir='ltr'>Dabranensis,</span> <span class='ocrx_word' id='word_1_445' title='bbox 1802 2878 2007 2908; x_wconf 74' lang='lat' dir='ltr'>cisterciensis</span> <span class='ocrx_word' id='word_1_446' title='bbox 2033 2879 2170 2915; x_wconf 79' lang='lat' dir='ltr'>ordinis,</span> <span class='ocrx_word' id='word_1_447' title='bbox 2194 2875 2316 2907; x_wconf 79' lang='lat' dir='ltr'>szeri-</span> 
     </span>
    </p>
   </div>
   <div class='ocr_carea' id='block_1_30' title="bbox 1309 2930 2316 3020">
    <p class='ocr_par' dir='ltr' id='par_1_34' title="bbox 1309 2930 2316 3020">
     <span class='ocr_line' id='line_1_78' title="bbox 1309 2930 2316 2971; baseline 0.001 -14"><span class='ocrx_word' id='word_1_448' title='bbox 1309 2930 1412 2958; x_wconf 74' lang='lat' dir='ltr'>nensis</span> <span class='ocrx_word' id='word_1_449' title='bbox 1434 2930 1588 2968; x_wconf 79' lang='lat' dir='ltr'>dioecesis,</span> <span class='ocrx_word' id='word_1_450' title='bbox 1614 2932 1842 2969; x_wconf 85' lang='lat' dir='ltr'>protectionem</span> <span class='ocrx_word' id='word_1_451' title='bbox 1872 2931 2005 2970; x_wconf 88' lang='lat' dir='ltr'>suscipit</span> <span class='ocrx_word' id='word_1_452' title='bbox 2029 2932 2162 2971; x_wconf 84' lang='lat' dir='ltr'>ejusque</span> <span class='ocrx_word' id='word_1_453' title='bbox 2183 2930 2266 2961; x_wconf 85' lang='lat' dir='ltr'>bona</span> <span class='ocrx_word' id='word_1_454' title='bbox 2286 2930 2316 2959; x_wconf 78' lang='lat' dir='ltr'>et</span> 
     </span>
     <span class='ocr_line' id='line_1_79' title="bbox 1309 2981 1672 3020; baseline 0.008 -10"><span class='ocrx_word' id='word_1_455' title='bbox 1309 2981 1478 3020; x_wconf 81' lang='lat' dir='ltr'>privilegia</span> <span class='ocrx_word' id='word_1_456' title='bbox 1494 2984 1672 3014; x_wconf 85' lang='lat' dir='ltr'>confirmat.</span> 
     </span>
    </p>
   </div>
   <div class='ocr_carea' id='block_1_31' title="bbox 1587 2814 2249 2852">
    <p class='ocr_par' dir='ltr' id='par_1_35' title="bbox 1587 2814 2249 2852">
     <span class='ocr_line' id='line_1_80' title="bbox 1587 2814 2249 2852; baseline 0.002 -11"><span class='ocrx_word' id='word_1_457' title='bbox 1587 2814 1948 2852; x_wconf 78' lang='lat' dir='ltr'>Sainte-Marie-MaJ&#39;em-e,</span> <span class='ocrx_word' id='word_1_458' title='bbox 1966 2817 1981 2843; x_wconf 91' lang='lat'>5</span> <span class='ocrx_word' id='word_1_459' title='bbox 1999 2816 2155 2843; x_wconf 80' lang='lat' dir='ltr'>novembre</span> <span class='ocrx_word' id='word_1_460' title='bbox 2171 2814 2249 2843; x_wconf 80' lang='lat'>1289.</span> 
     </span>
    </p>
   </div>
   <div class='ocr_carea' id='block_1_32' title="bbox 2362 209 2393 3496">
    <p class='ocr_par' dir='ltr' id='par_1_36' title="bbox 2362 209 2393 3496">
     <span class='ocr_line' id='line_1_81' title="bbox 2362 209 2393 3496; baseline 0 0"><span class='ocrx_word' id='word_1_461' title='bbox 2362 209 2393 3496; x_wconf 95' lang='lat' dir='ltr'> </span> 
     </span>
    </p>
   </div>
  </div>
 </body>
</html>
