2393 3496
18 1451 29 1530 ῑ,

22 1543 31 1618 l

19 1672 28 1787 ἐ

20 1811 27 1869 t

18 2047 25 2081 ,,
20 1989 26 2006 -
8 1874 30 1977 4004:-

987 253 1242 302 QUATRIEME
1263 252 1422 293 Amris.
2194 264 2251 295 723

227 333 348 364 5188

193 396 326 424 Facultas
341 395 507 423 conferendi
526 395 665 423 beneficia
680 395 889 423 ecclesiastiea.
906 394 991 428 (Rea.
1007 394 1051 425 46,
1063 401 1088 420 c.
1100 393 1163 425 241.

157 446 178 473 f.
194 445 228 473 49
244 448 294 476 νο.)

742 332 875 366 Orvieto,
890 332 924 360 '23
940 332 995 358 mai
1014 330 1091 358 1291.

198 547 314 578 Eidem.
341 559 355 573 «
381 546 567 577 Devotionis
594 550 646 577 tue
673 547 803 586 probata
882 546 1088 576 Fraternitati
1113 550 1166 576 tue

159 599 345 632 conferendi
365 608 421 639 per
439 605 467 630 te
486 600 535 630 vel
557 609 612 640 per
632 599 734 631 alium
751 605 806 631 aut
822 600 902 631 alios
919 600 1063 639 personis
1085 598 1164 638 ydo-

158 654 230 685 neis
254 653 401 690 scientia,
425 654 569 684 moribus
593 658 624 684 et
645 658 727 684 etate
754 653 931 693 prebendas
955 658 986 683 et
1011 652 1166 683 beneficia

159 705 373 738 ecclesiastiea
385 730 392 743 ,
426 706 523 737 etiam
552 707 579 737 si
608 707 782 746 dignitates
811 711 841 737 et
869 710 1056 746 personatus
1083 706 1165 736 exis-

159 763 228 790 tant
248 764 278 790 et
293 768 404 790 curam
427 760 566 790 habeant
585 761 787 796 animarum,
804 769 866 800 que
884 769 938 800 per
959 760 1080 790 obitum
1109 769 1164 790 seu

157 812 409 851 resignationem
443 822 497 843 sex
528 813 718 844 clericorum
748 817 876 843 tuorum
908 814 970 843 tuis
1003 813 1165 852 obsequiis

157 864 380 896 insistentium
396 874 520 902 vacare,
538 865 586 896 vel
602 875 657 904 per
669 874 904 905 quemcumque
919 865 1018 896 alium
1033 865 1165 896 modum

157 916 258 948 dictos
275 916 406 948 clericos
425 918 581 948 beneficia
599 927 656 949 sua
671 917 833 948 dimittere
848 918 926 948 forte
941 918 1121 956 contigerit,
1137 923 1167 948 et

158 969 299 1001 faciendi
312 979 464 1010 personas
480 972 564 1010 ipsas
581 971 621 1001 ad
639 971 816 1010 prebendas
833 976 863 1001 et
880 971 1034 1001 beneficia
1051 971 1166 1009 hujus-

158 1023 268 1062 modi,
285 1024 383 1054 etiam
401 1023 428 1054 si
448 1024 483 1054 in
502 1024 738 1055 cathedralibus
760 1024 811 1054 vel
832 1024 1007 1062 collegiatis
1026 1023 1167 1054 ecclesiis

158 1076 289 1114 suerint,
306 1077 341 1107 in
358 1078 528 1108 canonicos
543 1082 574 1108 et
588 1078 622 1107 in
637 1078 752 1108 fratres
766 1078 863 1117 recipi
881 1082 912 1107 et
925 1077 965 1107 ad
981 1081 1167 1116 personatus

160 1133 191 1160 et
205 1129 378 1169 dignitates
394 1130 521 1161 easdem
540 1135 633 1170 prout
649 1134 698 1162 est
716 1130 816 1162 moris
831 1130 958 1160 admitti
1027 1129 1167 1160 auctori-

161 1187 223 1214 tate
237 1184 436 1223 presentium
449 1178 655 1215 concedimus
667 1183 888 1215 facultatem...
902 1183 973 1214 Dat.
986 1188 1019 1214 ut
1031 1193 1136 1223 supra.
1153 1196 1166 1210 r>

231 1363 352 1392 5189
753 1363 880 1395 Orvieto,
897 1363 930 1391 ‘23
947 1365 1002 1391 mai
1020 1363 1096 1392 ¹291.

198 1423 332 1452 Faenius
343 1424 468 1452 habendi
481 1425 569 1452 altare
585 1426 726 1461 portatile.
743 1425 826 1459 (Rso.
844 1426 892 1458 46,
910 1434 936 1454 c.
951 1426 1014 1457 (ΞΗ,
1032 1427 1051 1453 f.
1067 1426 1100 1454 49
1116 1431 1166 1458 νο.)

201 1527 316 1558 Eidem.

201 1591 216 1608 ι
233 1580 420 1611 Devotionis
435 1585 488 1611 tue
503 1581 688 1620 precibus..
704 1597 745 1604 —
763 1581 835 1612 Dat.
854 1586 889 1613 ut
906 1591 1012 1621 supra.
1032 1594 1047 1609 »

197 1815 332 1844 Facultas
346 1816 508 1844 celebrandi
527 1817 661 1849 missam,
678 1813 813 1852 quotiens
834 1826 954 1844 necesse
970 1818 1069 1852 fuerit,
1086 1822 1169 1845 ante-

159 1873 246 1901 quam
261 1865 410 1893 illucescat
424 1865 498 1893 dies.
514 1865 597 1900 (Rau.
615 1865 658 1898 46,
677 1874 702 1894 c.
719 1866 792 1897 241²,
809 1867 827 1894 f.
845 1867 878 1894 49
894 1868 946 1898 vo.)

753 1753 880 1786 Orvieto,
898 1755 932 1782 ‘23
948 1756 1004 1782 mai
1022 1755 1097 1783 ¹291.

200 1981 315 2012 Eidem.

201 2046 216 2062 ι
231 2034 441 2074 Exigentibus
457 2039 509 2065 tue
524 2035 740 2066 devotionis...
758 2034 797 2057 -’-
814 2035 884 2065 Dat.
907 2040 939 2065 ut
955 2044 1058 2074 supra.
1080 2048 1093 2062 »

230 2217 346 2246 5191
677 2217 808 2249 Orvieto,
826 2218 858 2246 ’23
875 2220 929 2245 mai
951 2218 1025 2245 1291.
1079 2205 1081 2208 .

197 2278 331 2306 Facultas
345 2279 507 2306 celebrandi
524 2279 630 2311 divina,
647 2280 740 2307 solitis
757 2281 979 2310 conditionibus.
993 2282 1020 2307 in
1037 2281 1107 2308 locis
1123 2290 1167 2308 ec-

161 2327 325 2355 clesiastico
341 2328 493 2355 interdicto
508 2328 680 2363 suppositis.
699 2328 781 2360 (am.
800 2329 843 2358 46,
860 2337 884 2355 c.
901 2329 963 2359 242,
982 2329 999 2355 i.
1018 2330 1051 2356 49
1067 2332 1117 2362 νο.)

201 2429 318 2459 Eidem.

204 2497 217 2509 ι
237 2483 365 2513 Inducti
379 2483 570 2513 sinceritatis
587 2488 677 2514 tue...
693 2499 733 2506 —
752 2484 823 2513 Dat.
845 2489 877 2514 ut
895 2493 999 2523 supra.
1024 2497 1036 2510 v

232 2669 350 2699 5¹92
752 2669 879 2702 Orvieto,
896 2670 930 2696 ‘23
947 2670 1002 2696 mai
1022 2670 1094 2697 1⁴:91.

198 2729 330 2758 [vacuitas
344 2729 530 2765 dispensandi
550 2737 637 2765 super
647 2730 760 2757 defectu
771 2730 891 2758 ordinis.
905 2731 984 2762 (lieo,
998 2732 1041 2765 46,
1053 2740 1078 2758 c.
1091 2732 1166 2766 2⁴22,

161 2780 182 2808 f.
198 2780 232 2808 49
247 2782 300 2813 νο.)

202 2883 305 2913 Eidem
330 2881 478 2920 indulget
496 2886 529 2910 nt
551 2889 602 2910 sex
626 2880 732 2910 clerici
752 2882 821 2920 ejus
837 2881 998 2921 obsequiis
1015 2882 1168 2912 insisten-

165 2940 227 2973 tes,
244 2935 322 2966 dum
338 2935 404 2966 sint
422 2934 456 2964 in
474 2934 571 2965 sacris
592 2934 761 2964 ordinibus
778 2934 958 2970 constituti,
980 2935 1011 2964 in
1035 2935 1168 2974 presby-

1249 332 1331 359 teros
1355 329 1440 359 infra
1459 337 1598 366 annum,
1624 328 1718 359 etiam
1736 328 1762 358 si
1783 337 1893 359 eorum
1914 328 2068 359 beneficia
2087 329 2119 359 id
2142 330 2251 369 requi-

1248 387 1334 417 rant,
1352 383 1533 421 promoveri
1551 391 1616 413 non
1636 386 1814 412 teneantur.

1290 446 1304 461 n
1321 434 1459 465 Grandis
1474 435 1606 466 affectus
1623 443 1756 474 quem...
1774 451 1813 456 —
1832 434 1902 464 Dat.
1922 438 2073 473 utsupra.
2093 447 2107 460 n

1319 593 1439 623 5193

1285 654 1416 682 Facultas
1425 654 1612 690 dispensandi
1623 664 1710 691 super
1722 656 1881 691 pluralitate
1892 656 2106 683 beneficiorum.
2115 655 2198 689 (Rea.
2207 656 2250 687 46,

1249 711 1273 730 c.
1292 704 1354 737 ²243,
1371 704 1390 730 f.
1405 703 1439 730 50
1454 706 1501 735 r0.)

1832 592 1964 626 Orviem,
1981 592 2014 619 ‘23
2031 592 2085 619 mai
2105 592 2180 620 1²:91.

1291 805 1391 834 Eldem
1418 804 1599 834 facultatem
1625 805 1769 835 concedit
1792 805 1999 844 dispensandi
2023 814 2095 836 cum
2117 811 2252 845 quatuor

1248 857 1534 896 archipresbyteris
1557 858 1591 887 in
1611 858 1813 888 Narbonensi
1830 858 1977 896 eeclesia,
2001 860 2091 897 cnjus
2112 859 2254 889 redditus

1251 910 1366 941 modici
1387 910 1468 947 sint,
1496 915 1530 940 ut
1551 911 1686 949 quisque
1709 919 1835 946 eorum,
1859 919 1923 941 una
1941 920 2012 941 curn
2034 912 2251 950 presbyteratu

1250 972 1326 999 suo,
1355 972 1456 993 unum
1486 963 1573 993 aliud
1603 963 1795 994 heneficium
1829 964 2079 994 ecclesiasticum
2111 965 2253 995 obtinere

1251 1016 1362 1046 valeat.

1293 1083 1305 1097 ι
1323 1071 1413 1101 Utin
1431 1070 1670 1101 subditorum...
1688 1088 1727 1093 —
1744 1072 1815 1101 Dat.
1835 1075 1990 1109 utsupra.
2013 1084 2026 1098 ι»

1321 1216 1439 1245 5194

1288 1278 1420 1305 Facultas
1435 1278 1600 1305 absolvendi
1617 1287 1632 1304 a
1648 1278 1796 1305 canonicis
1809 1279 1970 1305 sententiis.
1992 1278 2073 1306 tRsu.
2091 1278 2134 1310 46,
2152 1286 2177 1305 c.
2191 1278 2252 1311 1744,

1251 1328 1270 1354 f.
1289 1328 1322 1355 50
1337 1329 1385 1360 μ’.)

1837 1216 1970 1246 Orvieto,
1988 1215 2020 1242 23
2034 1217 2088 1242 mai
2109 1216 2183 1243 1291.

1294 1430 1392 1459 Eidem
1410 1428 1591 1459 facultatem
1609 1428 1754 1458 concedit
1771 1427 1978 1466 dispensandi
1996 1436 2068 1457 cnm
2087 1427 2211 1458 clericis
2225 1432 2254 1458 et

1252 1483 1344 1512 laicis
1359 1491 1434 1512 suae
1449 1481 1602 1511 dioecesis
1617 1482 1672 1520 qui
1686 1489 1741 1520 pro
1758 1481 1896 1511 violenta
1910 1490 2065 1511 manuum
2083 1481 2254 1520 injectione

1252 1534 1285 1563 in
1304 1542 1455 1573 personas
1466 1533 1692 1564 ecclesiasticas
1705 1533 2047 1563 excommunicationis
2063 1533 2254 1562 senteutiam

1252 1587 1461 1623 incurrerint,
1482 1592 1512 1617 et
1526 1586 1736 1625 dispensandi
1757 1595 1831 1616 eum
1851 1586 1898 1616 eis
1918 1586 1973 1625 qui
1996 1587 2041 1615 sic
2060 1586 2168 1624 ligati,
2193 1586 2254 1615 im-

1252 1641 1416 1671 miscendo
1434 1649 1466 1670 se
1482 1640 1617 1677 divinis,
1635 1639 1886 1678 irregularitates
1901 1639 2126 1670 contraxerint.

1294 1708 1308 1722 «
1326 1695 1393 1724 Tua
1410 1694 1500 1725 nobis
1517 1693 1732 1723 fraternitas...
1744 1710 1785 1715 —
1799 1693 1867 1723 Dat.
1882 1693 1965 1732 apud
1980 1692 2251 1728 Urbemveterem,

1252 1758 1270 1778 x
1285 1747 1553 1786 kalendasjuuii,
1571 1755 1656 1778 auno
1674 1751 1798 1785 quarto.
1816 1759 1828 1772 »

1835 1891 1967 1923 Orvieto,
1984 1890 2017 1916 ‘23
2034 1890 2086 1916 mai
2108 1890 2182 1915 1291.

1321 1894 1439 1923 5195

1286 1956 1420 1983 Facultas
1441 1954 1606 1982 conserendi
1632 1955 1723 1980 tribus
1746 1953 1877 1988 personis
1898 1953 2097 1979 tabellionatus
2117 1951 2256 1979 officium.

1251 2005 1334 2038 (lh-zo.
1351 2005 1394 2035 46,
1411 2013 1436 2030 e.
1453 2004 1519 2034 ⁶345,
1537 2003 1555 2028 s.
1574 2004 1671 2034 501-0.)

1292 2106 1429 2145 [Eidem]

1292 2171 1305 2186 ι
1330 2158 1479 2188 Volentes
1498 2161 1582 2186 tuam
1603 2156 1798 2186 honorare...
1816 2171 1856 2177 —
1876 2155 1944 2184 Dat.
1969 2154 2052 2193 apud
2076 2154 2251 2184 Urbcmve-

1252 2217 1363 2245 terem,
1383 2221 1399 2241 x
1415 2210 1566 2240 kalendas
1581 2209 1685 2248 junii,
1706 2217 1792 2239 anno
1808 2213 1930 2247 quarto.
1952 2219 1965 2234 n

1835 2352 1962 2382 (nx-icto.
1978 2352 2012 2378 ‘23
2029 2352 2083 2378 mai
2104 2352 2179 2378 ¹291.

1320 2355 1440 2385 5196

1286 2418 1411 2444 Licentia
1432 2416 1631 2443 reconciliandi
1648 2415 1787 2441 ecclesias
1805 2418 1831 2440 et
1852 2415 2023 2441 coemeteria
2039 2413 2190 2448 sanguinis
2210 2413 2250 2438 vel

1250 2466 1369 2493 seminis
1383 2465 1522 2491 effusione
1538 2464 1649 2490 violata.
1670 2463 1751 2497 attog.
1770 2461 1813 2492 46,
1830 2470 1855 2488 e.
1872 2462 1932 2493 246,
1951 2462 1970 2488 s.
1987 2462 2020 2489 50
2037 2463 2084 2493 μ’.)

1291 2569 1405 2598 Eidem.

1293 2634 1305 2648 α
1328 2621 1534 2659 Exigentibus
1551 2625 1602 2649 tue
1618 2619 1831 2662 devotionis...
1849 2633 1889 2640 —
1907 2617 1976 2646 Dat.
1998 2620 2031 2645 ut
2050 2623 2153 2653 supra.
2177 2627 2189 2638 r»

1839 2760 1964 2790 tii-vieto,
1983 2759 2014 2785 ’Ζῖ
2031 2759 2085 2784 mai
2106 2757 2180 2783 ¹⁵:¹³1.

1321 2767 1439 2796 5197

1289 2829 1477 2864 indulgentia.
1495 2827 1577 2862 (neo.
1596 2827 1639 2857 46.
1655 2835 1679 2852 c.
1699 2825 1757 2855 2³47,
1777 2824 1795 2850 f.
1814 2824 1847 2850 23¹.)
1863 2828 1907 2849 w*

1293 2932 1404 2962 Eidem.
1423 2928 1661 2968 Indulgentiam
1681 2927 1815 2956 duarum
1840 2922 2114 2963 quadragenarum
2138 2925 2250 2948 couce-
