2393 3496
250 334 307 363 996

322 399 440 427 '2289

285 462 432 497 Apochae.
451 461 522 493 (1³01.
540 461 572 487 50
590 462 640 491 νο.)

765 396 891 429 Orvieio,
910 397 923 422 4
941 396 1095 422 novembre
1114 395 1189 421 120⁰.

290 558 409 586 Dileclis
425 556 500 592 filiis
516 578 534 584 ..
551 555 700 592 potestati,
716 555 842 583 consilio
855 559 880 582 et
899 555 1056 583 communi
1068 555 1162 583 castri
1180 554 1260 591 Ripe-

249 611 413 645 1⁷·arisone's‚
431 610 573 638 Fir-mane
592 609 727 638 diocesis.
748 619 761 634 α
781 607 907 636 Exibita
924 607 1014 637 nobis
1031 611 1133 637 vestra
1153 606 1261 645 petitio

248 662 432 692 continebat
451 660 534 699 qnod
552 659 642 697 olim,
660 660 826 690 communi
846 664 950 690 vestro
966 669 1020 699 per
1042 659 1259 690 venerabilem

248 716 377 745 fratrem
397 719 541 743 nostrum
564 714 613 750 B.,
632 714 815 752 episcopum
833 713 1088 752 Tripolitanum,
1111 718 1185 743 tunc
1204 713 1260 743 ab·

247 770 351 799 batem
380 767 566 798 monasterii
597 767 716 797 Montis
738 768 869 806 Maioris
892 772 922 797 et
949 767 1092 797 Marchie
1117 767 1260 797 Anconi-

249 827 320 852 tane
344 825 509 856 rectorem,
538 820 588 851 vel
608 820 778 851 officialem
800 830 912 856 suum,
939 825 1064 859 propter
1092 829 1204 858 graves
1231 825 1262 850 et

247 884 394 906 enormes
416 883 562 904 excessus
586 875 773 905 commissos
792 883 810 904 a
830 874 919 904 vobis
942 874 975 904 in
997 874 1153 913 captione,
1174 883 1261 904 com·

247 928 393 958 bustione
413 932 443 957 et
457 927 675 957 destructione
692 931 868 958 castrorum
891 927 1061 966 Borepadii
1083 931 1112 957 et
1129 927 1260 957 Mercati

246 982 354 1012 Sancti
383 980 570 1018 Benedicti,
593 981 626 1010 in
652 980 866 1020 quadraginta
893 980 1025 1011 milibus
1052 980 1259 1011 marcharum

245 1035 383 1074 argenti,
412 1038 442 1064 et
468 1033 637 1064 nonnullis
666 1033 739 1064 aliis
767 1033 958 1073 specialibus
987 1038 1018 1064 et
1042 1033 1260 1072 singularibus

245 1088 436 1119 hominibus
457 1092 539 1117 terre
557 1091 669 1124 vestre,
690 1092 817 1126 propter
832 1091 933 1118 certos
951 1092 981 1117 et
995 1087 1137 1118 diversos
1154 1096 1260 1117 exces-

245 1151 300 1172 sus
318 1142 506 1172 commissos
521 1141 560 1170 ab
579 1141 634 1177 eis,
652 1150 708 1179 per
727 1145 864 1170 rectores
881 1140 1024 1179 ejusdem
1043 1140 1187 1171 marchie
1202 1140 1259 1179 qui

245 1196 376 1226 fuerunt
400 1203 456 1233 pro
480 1198 621 1232 tempore
643 1193 693 1223 vel
715 1192 868 1223 officiales
894 1202 1004 1223 eorum
1027 1194 1060 1223 in
1086 1192 1259 1233 quamplu-

244 1249 334 1279 ribus
361 1252 390 1278 et
417 1248 553 1277 diversis
576 1247 786 1286 pecuniarum
812 1248 948 1276 summis
972 1255 1104 1277 romane
1126 1246 1258 1277 ecclesie

243 1302 498 1340 condempnatis,
519 1310 573 1331 vos
593 1306 733 1340 tempore
750 1300 851 1331 felicis
869 1300 1100 1331 recordationis
1120 1300 1257 1331 Houorii

242 1365 322 1394 pape
350 1354 449 1391 111111,
478 1354 710 1393 predecessoris
742 1354 862 1389 nostri,
892 1359 1041 1384 currente
1068 1358 1145 1384 tunc
1171 1362 1257 1384 anno

244 1408 376 1438 Domini
388 1417 603 1445 M.cc.1.xxxV1,
618 1408 669 1438 die
682 1408 778 1447 jovis,
795 1407 936 1437 secundo
952 1407 1072 1438 mensis
1086 1407 1176 1443 maii,
1190 1416 1257 1437 cer-

243 1467 311 1493 tum
328 1462 501 1501 syndicum
518 1466 548 1491 et
563 1465 814 1500 procuratorem,
832 1460 980 1491 videlicet
996 1461 1154 1491 Thomam
1167 1461 1256 1499 Ray-

243 1515 333 1546 naldi
351 1516 390 1545 de
407 1519 509 1545 castro
526 1519 643 1550 vestro,
661 1514 701 1544 ad
719 1514 991 1553 componendum,
1012 1513 1256 1552 transigendum

244 1574 273 1600 et
288 1569 515 1609 paciscendum
531 1578 605 1598 cum
619 1577 745 1599 camera
761 1567 845 1598 sedis
858 1567 1026 1606 apostolice
1040 1576 1136 1606 super
1146 1566 1255 1606 hujus-

242 1622 330 1653 modi
347 1621 704 1661 condempnationibus‚
721 1621 780 1651 sub
790 1625 875 1651 certa
888 1621 1001 1656 forma,
1013 1620 1215 1651 concorditer
1227 1623 1257 1649 et

242 1676 388 1715 legitime
415 1675 604 1711 ordinastis,
633 1679 727 1714 prout
752 1675 785 1704 in
811 1675 1026 1705 instrumento
1050 1674 1177 1714 publico
1202 1683 1257 1713 per

242 1739 378 1760 manum
402 1729 549 1768 magistri
578 1728 764 1759 Deutalleve
789 1728 927 1758 Gentilis
950 1728 989 1759 de
1011 1733 1113 1758 castro
1137 1732 1253 1765 vestro,

244 1784 377 1820 notarii,
396 1792 491 1822 super
505 1782 566 1813 hoc
581 1783 724 1813 confecto
744 1782 871 1822 plenius
891 1783 1085 1812 continetur.
1109 1782 1255 1822 Cumque

243 1837 445 1877 postmodum
463 1836 567 1866 dictus
581 1836 735 1875 syndicus
748 1836 786 1865 ad
803 1836 911 1866 sedem
927 1835 1130 1875 apostolicam
1147 1844 1255 1866 acces-

243 1891 346 1927 sisset,
360 1900 433 1920 curn
450 1890 570 1929 prefata
585 1898 712 1919 camera
726 1898 821 1928 super
836 1889 928 1919 dictis
944 1889 1255 1928 condepnationibus

241 1945 281 1975 ad
298 1943 393 1975 talem
410 1943 673 1982 compositionem
690 1942 838 1979 devenit,
856 1942 977 1973 scilicet
995 1943 1080 1982 quod
1102 1951 1158 1982 pro
1176 1942 1255 1981 ipsis

241 2006 343 2036 usque
355 1996 395 2026 ad
411 2005 571 2026 summam
586 2001 707 2035 septem
724 1995 851 2025 milium
869 1996 1023 2026 librarum
1042 2001 1253 2026 ravennatum

241 2050 326 2080 infra
346 2055 447 2080 certos
470 2049 626 2079 terminos
647 2049 752 2079 eidem
772 2058 899 2079 camere
922 2048 1097 2085 solveritis,
1118 2049 1202 2079 sicut
1220 2049 1253 2078 in

241 2104 458 2133 instrumento
478 2102 554 2132 inde
575 2102 657 2132 facto
679 2112 733 2141 per
750 2111 884 2132 manum
913 2103 1059 2141 magistri
1083 2103 1195 2133 Jacobi
1216 2102 1254 2132 de

242 2156 403 2192 viterbio,
425 2156 543 2186 notarii
565 2156 664 2195 ipsius
682 2164 823 2192 camere,
842 2155 1023 2195 specialiter
1039 2156 1180 2187 noscitur
1197 2165 1252 2196 ap-

240 2219 364 2250 parere.
382 2210 488 2247 Quare
504 2218 560 2248 pro
581 2213 668 2248 parte
686 2213 790 2240 vestra
807 2209 867 2239 suit
886 2209 979 2240 nobis
994 2209 1165 2240 humiliter
1178 2219 1253 2249 sup-

241 2263 395 2303 plicatum
409 2267 454 2299 ut,
467 2272 540 2293 cum
552 2262 590 2292 de
604 2262 790 2301 hujusmodi
807 2263 984 2301 quantitate
993 2267 1114 2302 septem
1125 2262 1253 2293 milium

240 2317 397 2347 librarum
420 2317 460 2347 sit
480 2317 564 2347 dicte
584 2325 710 2347 camere
730 2316 872 2355 plenarie
893 2317 1109 2354 satisfactum,
1131 2317 1253 2347 dictum

240 2377 413 2401 commune
433 2374 575 2400 vestrum
597 2379 632 2399 ac
655 2370 782 2400 eosdem
805 2369 953 2400 homines
972 2369 1125 2409 speciales
1142 2379 1160 2400 a
1179 2379 1250 2409 pre-

239 2425 314 2455 satis
340 2424 521 2454 excessibus
551 2428 581 2453 et
609 2423 922 2462 condepuatmnilms
947 2432 1058 2454 eorum
1085 2424 1252 2454 occasione

240 2478 331 2508 factis
349 2487 402 2517 per
418 2482 554 2507 rectores
570 2477 714 2507 marchie
729 2486 783 2507 seu
798 2477 949 2507 officiales
967 2485 1077 2507 eorum
1096 2486 1197 2516 usque
1213 2478 1252 2507 ad

240 2532 398 2571 prefatum
412 2531 497 2560 diem
511 2531 594 2569 jovis
609 2539 684 2569 quo,
704 2534 737 2559 ut
752 2530 960 2569 premittitur,
980 2530 1082 2561 dictus
1098 2531 1253 2570 syndicus

241 2584 343 2615 extitit
356 2583 548 2613 constitutus
560 2583 725 2613 absolvere
737 2583 774 2613 de
788 2583 987 2622 benignitate
998 2583 1172 2623 apostolica
1186 2583 1254 2621 dig-

240 2647 403 2667 naremur.
422 2637 488 2667 Nos
502 2637 612 2674 igitur,
631 2636 773 2666 volentes
789 2646 883 2675 agere
898 2637 1063 2667 vobiscum
1080 2637 1253 2675 benignius

240 2693 274 2721 in
294 2691 352 2721 hac
369 2695 466 2729 parte,
484 2690 596 2719 vestris
613 2690 898 2728 supplicationibus
916 2690 1077 2727 inclinati,
1095 2691 1253 2729 composi-

240 2746 361 2776 tionem
387 2744 573 2783 hujusmodi
596 2744 686 2781 juxta
710 2748 852 2774 tenorem
876 2744 1085 2774 instrumenti
1106 2744 1180 2774 sacti
1200 2754 1253 2783 per

240 2807 374 2828 manum
388 2797 492 2836 ipsius
507 2797 651 2835 magistri
665 2797 776 2827 Jacobi
792 2802 891 2827 ratam
906 2801 936 2827 et
949 2802 1071 2835 gratam
1086 2797 1187 2827 haben
1195 2802 1251 2834 tes,

240 2862 295 2882 vos
314 2857 344 2882 et
364 2860 536 2882 commune
557 2856 697 2881 vestrum
721 2861 757 2880 ac
778 2851 904 2881 eosdem
927 2851 1079 2890 speciales
1103 2851 1252 2882 homiues

241 2912 322 2937 terre
339 2910 441 2935 vestre
457 2915 474 2934 a
492 2905 620 2943 prefatis
637 2906 819 2935 excessibus
838 2910 867 2935 et
885 2905 1250 2944 condempuationibus,

239 2960 390 2999 quatinus
408 2968 463 2988 nos
481 2964 510 2988 et
527 2958 692 2987 ecclesiam
711 2968 875 2988 romanam
894 2959 1096 2997 contingunt,
1114 2959 1252 2989 auctori-

243 3020 301 3042 tate
319 3012 514 3051 presentium
531 3011 725 3041 absolvimus
744 3017 773 3041 et
790 3013 988 3050 quitamus...
1011 3013 1079 3041 Dat.
1098 3018 1156 3041 etc.
1178 3025 1189 3038 υ

1002 328 1236 359 ttEuls'rRES
1259 328 1313 357 DE
1337 328 1522 358 NICOLAS
1546 329 1602 359 lv.

1419 394 1538 424 '229⁰

1382 455 1498 482 Rectori
1515 456 1660 483 Marcbiae
1676 457 1876 484 Anconitanae
1893 457 2006 485 mandat
2022 461 2051 484 ut
2066 461 2192 485 castrum
2206 459 2239 486 de
2255 459 2348 490 Belve·

1860 395 1987 426 Orvieto.
2006 396 2019 422 4
2037 396 2190 423 novembre
2206 397 2282 425 1290.

1345 503 1426 535 dere,
1444 504 1478 530 ab
1503 505 1669 531 hominibus
1687 506 1773 532 castri
1794 505 1828 531 de
1844 505 1984 532 Fabi-iano
2007 510 2220 539 constructum.
2238 509 2348 542 penitus
2378 525 2379 531 κ

1344 552 1419 579 dirui
1435 553 1529 579 faciat.
1547 552 1619 587 (Fol.
1637 554 1665 580 51
1686 556 1732 582 r0.)

1386 654 1507 693 [Dilecto
1528 656 1594 692 filio
1619 656 1717 685 nobili
1736 657 1804 685 vlro
1826 657 1952 695 Ayapito
1981 656 2014 684 de
2040 655 2199 695 Colup]na,
2223 657 2348 689 Marcht‘e

1343 707 1536 738 Anconnane
1550 710 1675 738 vicario.
1751 747 1754 750 ἢ

1386 773 1400 787 α
1472 778 1510 783 --
1528 761 1597 791 Dat.
1618 766 1677 791 ete.
1700 774 1712 787 ¹²

1417 920 1528 948 ’223¹

1380 983 1477 1010 Judici
1509 982 1692 1010 Urbevetano
1724 983 1885 1009 facultatem
1916 982 2049 1010 concedit
2077 983 2162 1009 dandi
2193 987 2348 1012 curatorem

1344 1033 1432 1059 Nerio
1452 1036 1480 1059 et
1503 1032 1598 1066 Cioni,
1621 1032 1702 1062 filiis,
1721 1036 1749 1058 et
1773 1032 1931 1063 Geminae,
1952 1032 2026 1058 filiae
2041 1032 2186 1066 quondam
2206 1031 2303 1060 Cionis
2316 1033 2348 1060 tle

1343 1081 1456 1110 Pereta.
1473 1081 1544 1115 (Fol.
1562 1082 1592 1108 51
1611 1083 1659 1115 ro.)

1857 920 1983 952 Orvieto,
2001 921 2016 946 5
2032 921 2186 947 novembre
2205 921 2281 949 ¹290.

1383 1186 1493 1214 Dilecto
1520 1185 1585 1222 filio
1611 1185 1775 1222 Pereyrino
1806 1185 1841 1213 de
1867 1184 2032 1220 Sulmone,
2057 1184 2159 1221 judici
2185 1185 2348 1215 communis

1346 1240 1535 1269 Urbevecani.

1384 1305 1398 1320 α
1419 1293 1545 1323 Exibita
1567 1292 1660 1323 nobis
1686 1292 1914 1323 dilectorum...
1934 1308 1973 1314 —-
1994 1291 2055 1322 Dat
2070 1291 2153 1331 apud
2173 1291 2346 1323 Urbemve·

1342 1350 1453 1383 terem,
1465 1346 1573 1376 idibus
1585 1346 1780 1382 novembris,
1796 1346 2000 1385 pontificatus
2010 1346 2110 1376 nostri
2119 1353 2205 1376 anno
2216 1345 2315 1376 tertio.
2330 1357 2343 1374 ι

1414 1513 1668 1542 'azaz-'7293
1856 1512 1983 1544 Orvieto,
2000 1512 2015 1539 5
2032 1511 2185 1538 novembre
2202 1510 2279 1540 1290.

1376 1575 1540 1602 Infradictis
1555 1576 1805 1611 archipresbytero
1822 1579 1850 1601 et
1866 1576 1953 1611 priori
1969 1573 2084 1601 mandat
2097 1577 2127 1601 ut
2138 1574 2306 1610 episcopum
2319 1577 2346 1602 ct
2382 1594 2384 1601 ,

1340 1625 1449 1652 clerum
1461 1625 1586 1652 civitatis
1601 1629 1629 1652 et
1645 1625 1788 1652 dioecesis
1800 1624 2043 1659 Balneoregensis
2054 1621 2268 1658 compellantad
2279 1630 2346 1650 con·
2383 1635 2384 1639 =

1340 1674 1524 1700 tribuendum
1541 1682 1607 1700 cum
1626 1674 1741 1700 clericis
1756 1673 1791 1700 de
1807 1673 2033 1700 Montessascone
2049 1672 2078 1699 in
2099 1671 2345 1707 procurationibus

1339 1723 1508 1749 cursoribus
1523 1727 1551 1750 et
1567 1723 1677 1750 nuntiis
1692 1723 1867 1758 apostolicae
1883 1721 1961 1749 sedis
1977 1721 2093 1748 debitis.
2110 1720 2182 1754 (Fol.
2199 1720 2229 1748 51
2248 1721 2295 1754 ro.)

1379 1825 1498 1855 Dileclis
1508 1826 1585 1863 filiis
1599 1848 1619 1854 ..
1635 1825 1895 1863 archipresbytero
1909 1824 2039 1862 majoris
2049 1829 2076 1854 et
2090 1846 2108 1853 ..
2126 1824 2228 1862 priori
2241 1822 2343 1854 Sancte
2384 1840 2385 1849 κ

1338 1879 1433 1908 Maria
1450 1880 1527 1908 Nove
1549 1880 1766 1909 Viccrbiensum
1781 1879 1988 1908 ecclesiarum.

1381 1945 1393 1959 α
1412 1932 1463 1962 Ad
1478 1932 1678 1962 audientiam
1695 1936 1875 1963 nostram...
1893 1949 1931 1954 —-
1947 1932 2017 1961 Dat.
2036 1935 2070 1961 ut
2085 1939 2191 1970 supra.
2213 1941 2227 1958 »

1378 1987 1417 2016 In
1434 1995 1462 2016 e.
1480 1995 1524 2016 m.
1548 2009 1568 2016 ..
1587 1986 1702 2016 rectori
1718 1986 1751 2016 in
1771 1985 1994 2025 spiritualibus
2009 1984 2204 2024 Campaniae
2223 1983 2342 2014 Mariti·

1338 2049 1489 2079 maeque,
1510 2049 1567 2079 pro
1586 2039 1712 2070 clericis
1732 2039 1940 2069 ecclesiarum
1960 2043 2136 2069 castrorum
2157 2035 2344 2068 Frusinonis

1338 2098 1369 2124 et
1387 2094 1555 2132 Ceperani,
1576 2092 1759 2123 Verulanae
1778 2092 1945 2123 dioecesis.
1965 2092 2036 2122 Dat.
2055 2096 2090 2122 ut
2107 2100 2215 2130 supra.

1411 2261 1530 2289 '⁷284
1833 2259 1961 2291 Orvieto,
1980 2259 2011 2286 17
2030 2258 2185 2286 novembre
2196 2257 2275 2286 1290.

1374 2323 1416 2350 De
1438 2325 1570 2359 captione
1592 2328 1621 2350 et
1639 2323 1806 2350 detentione
1832 2322 1972 2358 Stephani
1999 2322 2034 2348 de
2061 2321 2204 2357 Cotupna,
2228 2320 2344 2348 rectoris
2384 2348 2385 2355 ἵ

1338 2373 1533 2401 Romaniolae.
1552 2372 1623 2406 (Fol.
1640 2373 1669 2400 51
1690 2374 1737 2405 νῦ.)

1378 2477 1486 2506 Dilecto
1501 2476 1563 2514 filio
1576 2475 1668 2506 nobili
1682 2477 1748 2506 viro
1764 2476 1903 2514 Ayapito,
1921 2475 2038 2505 vicario
2051 2475 2151 2505 dilecti
2165 2474 2225 2512 filii
2240 2472 2344 2503 nobilis
2384 2471 2385 2483 ¹

1336 2531 1399 2560 viri
1413 2531 1566 2560 Iohannis
1583 2530 1617 2560 de
1633 2530 1781 2568 Colupna,
1801 2529 1933 2559 Marchie
1948 2529 2138 2558 Anconitane
2154 2529 2290 2558 rectoris.
2306 2524 2343 2556 Ei

1337 2584 1469 2613 mandat
1481 2589 1513 2613 ut
1525 2593 1621 2622 quam
1633 2584 1694 2614 cito
1707 2582 1887 2613 convocatis
1897 2581 2150 2618 marchionibus,
2164 2580 2341 2618 comitibus,

1337 2637 1518 2673 nobilibus,
1536 2637 1697 2667 militibus
1715 2641 1746 2667 et
1761 2636 1836 2667 aliis
1852 2635 2040 2666 hominibus
2057 2635 2221 2665 Marchiae
2239 2635 2344 2665 Anco-

1337 2692 1478 2725 nitanae.
1496 2700 1571 2720 cum
1590 2690 1636 2720 eis
1654 2689 1879 2720 Romaniolam
1895 2689 2098 2727 ingrediatur
2115 2688 2155 2718 ad
2171 2697 2240 2719 eam
2259 2686 2342 2728 paci·

1337 2745 1496 2775 ficandam
1513 2748 1543 2774 et
1558 2743 1763 2774 liberandum
1780 2743 1980 2782 Stephanum
2004 2742 2043 2772 de
2059 2741 2220 2781 Colupna,
2246 2743 2342 2772 recto·

1337 2807 1404 2828 rem
1423 2797 1645 2834 Romaniolae,
1666 2789 1892 2835 familiamque
1911 2800 1940 2826 et
1963 2795 2189 2834 stipendiarios
2206 2795 2286 2834 eJus‚
2304 2791 2342 2824 ab

1338 2851 1507 2881 Eustachio
1526 2854 1556 2880 et
1576 2850 1753 2886 Laniberto,
1774 2849 1849 2879 filiis
1872 2849 2033 2879 Gnidonis
2049 2848 2088 2878 de
2109 2847 2257 2885 Polenta,
2282 2846 2339 2877 na-

1336 2913 1462 2934 vennae
1487 2908 1643 2934 nocturno
1661 2907 1801 2942 tempore
1818 2903 1993 2941 captivatos
2015 2906 2045 2932 et
2064 2901 2171 2932 adhuc
2190 2901 2339 2932 detentos.

1379 2970 1392 2984 «ι
1425 2959 1506 2988 Rem
1533 2966 1661 2996 gravem
1690 2961 1757 2986 et...
1786 2973 1824 2978 —
1852 2956 1922 2986 Dat.
1956 2955 2039 2995 apud
2064 2955 2339 2991 Urbemveterem‚
2384 2983 2385 2986 ,

1337 3021 1375 3042 xv
1391 3011 1544 3041 kalendas
1562 3011 1749 3047 decembris,
1770 3010 1974 3050 pontificatus
1990 3009 2091 3040 nostri
2108 3017 2194 3040 anno
2209 3008 2307 3039 tertio.
2324 3018 2338 3035 ι
2384 3001 2385 3007 ’

2372 3337 2385 3496 —A-——
2382 3260 2384 3318 -„„
