2393 3496
772 335 957 366 LETTRES
980 334 1069 364 NON
1092 324 1424 365 ENREGISTRnEs.
2077 335 2151 366 1013

65 417 100 439 ex
127 406 224 437 altera
248 403 364 443 quibus
380 412 413 433 se
433 403 583 441 attinent,
605 403 848 433 matrimonium
871 401 1062 432 contrahere

65 459 190 500 possint.

105 523 119 539 ι
137 510 201 541 Etsi
215 508 397 548 conjunctio
413 508 563 548 copule...
579 526 618 531 —
633 509 705 539 Dat.
726 509 843 543 Rome,
861 509 945 547 apud
962 508 1065 538 Sanc-

67 569 127 597 tam
140 563 273 594 Mariam
290 562 455 600 Majorem,
470 571 539 592 vnn
551 561 705 592 kalendas
720 561 842 601 aprilis,
862 561 1064 600 pontificatus

67 616 162 649 nostri
176 623 262 646 auno
279 615 382 645 tertio.
402 626 416 641 »

135 786 246 817 '2321
620 785 746 817 Orvieto,
764 787 792 813 tt
807 787 902 821 juillet
920 786 995 814 1‘290.

102 849 174 884 Regi
197 848 332 875 Franciae
353 848 540 875 Aniciensem
560 848 729 883 episcopum
751 849 942 875 commendat.
965 849 1065 881 (Anca.

69 897 151 932 Nun,
164 896 193 929 J,
209 896 270 928 699,
287 896 343 930 79.)

107 999 270 1030 Carissimo
282 999 315 1027 in
333 998 451 1027 Christo
465 998 529 1035 filio
545 998 703 1036 Phylippo,
721 999 786 1036 reyz'
797 999 924 1028 Francie
941 999 1066 1028 illustri.

69 1052 107 1084 Ei
126 1051 305 1082 Guidonem
331 1051 370 1080 de
390 1050 575 1085 Novavilla,
600 1050 678 1081 olim
701 1050 903 1089 capellanum
921 1060 1016 1089 papae
1033 1059 1070 1081 ac

68 1105 244 1137 litterarum
268 1104 514 1143 apostolicarum
538 1104 802 1134 contradictorem
825 1108 855 1134 et
876 1104 1066 1139 auditorem,

68 1167 152 1190 nunc
167 1158 348 1196 episcopum
366 1157 585 1192 Aniciensem‚
603 1157 815 1194 commendat,
828 1166 965 1196 eumque
981 1161 1070 1195 rogat

68 1216 102 1243 nt
117 1223 130 1240 ι
147 1211 278 1247 litteras,
298 1211 465 1250 privilegia
483 1216 513 1241 et
528 1215 648 1241 arresta
664 1212 696 1240 in
714 1211 803 1241 curia
819 1212 907 1249 regia
925 1211 1070 1250 expedita

69 1264 162 1296 electo
185 1269 215 1295 et
236 1264 367 1294 ecclesie
386 1264 618 1294 Aniciensibus
640 1264 804 1303 predictis,
829 1274 901 1294 cum
924 1265 1069 1302 assigna-

68 1318 154 1350 tione
176 1326 212 1348 ac
236 1317 439 1348 restitutione
461 1315 600 1348 aliorum
623 1326 755 1348 suorum
777 1317 912 1356 jurium,
939 1330 952 1344 n
976 1317 1071 1347 faciat

69 1370 235 1403 observari.

108 1435 122 1452 ι
139 1424 236 1454 Decet
251 1432 308 1453 nos
323 1423 408 1453 fili...
426 1439 465 1444 —
481 1423 552 1453 Dat.
570 1423 655 1462 apud
668 1423 946 1460 Urbemveterem,
963 1433 983 1452 v
999 1423 1071 1453 idus

69 1476 152 1518 julii,
168 1477 369 1516 pontificatus
383 1477 483 1507 nostri
499 1485 584 1506 anno
603 1477 704 1506 tertio.
724 1489 737 1503 n

139 1657 254 1686 '2372

107 1718 148 1746 De
163 1718 246 1745 bonis
262 1719 427 1745 monasterii
443 1719 542 1745 Sancti
560 1718 690 1754 Olonysii
714 1719 739 1745 in
766 1718 884 1745 Francia
901 1727 1075 1754 recuperan-

74 1767 126 1795 dis.
142 1767 241 1802 (Anca.
257 1766 340 1801 Nun,
358 1767 390 1798 L,
407 1767 468 1799 276,
487 1767 542 1800 37.)

622 1657 748 1691 orviem,
767 1657 799 1684 ‘23
812 1657 907 1691 juillet
926 1657 1002 1684 1290.

113 1870 219 1900 Dilecto
235 1870 301 1907 filio
319 1891 340 1898 ..
357 1871 526 1899 succentori
538 1870 653 1899 ecclesie
669 1870 773 1899 Sancti
788 1871 910 1900 Juvliani
926 1871 960 1900 de
974 1871 1074 1907 Saltu,

74 1922 250 1954 senonensis
267 1924 400 1953 diocesis
426 1936 440 1950 ιι
466 1923 663 1954 Dilectorntn
689 1924 830 1954 filiorum
857 1947 877 1954 ..
904 1925 1027 1955 abbatis
1048 1930 1078 1955 et

75 1980 248 2008 conventus
261 1978 448 2008 monasterii
459 1976 568 2007 Sancti
585 1977 723 2007 Dionisii
736 1977 771 2007 in
791 1978 936 2015 Francia,
953 1979 1077 2009 ordinis

74 2029 106 2061 S.
135 2030 309 2066 Benedicti,
344 2030 538 2060 Parisiensis
564 2030 717 2067 diocesis,
743 2031 889 2069 precibus
915 2031 1074 2068 inclinati,

73 2083 267 2122 presentium
290 2083 348 2113 tibi
366 2084 551 2114 auctoritate
571 2083 764 2113 mandamus
784 2084 936 2123 quatinus
959 2094 995 2115 ea
1015 2094 1078 2124 que

74 2135 112 2166 de
127 2135 217 2166 bonis
234 2136 336 2175 ipsius
353 2136 541 2167 monasterii
559 2136 700 2167 alienata
717 2137 882 2167 inveneris
900 2137 1011 2168 illicite
1027 2138 1077 2169 vel

75 2187 219 2219 distracta
233 2189 273 2219 ad
291 2190 344 2228 Jus
359 2192 389 2219 et
404 2189 631 2228 proprietatem
647 2189 792 2227 ejusdem
807 2191 993 2220 monasterii
1010 2196 1076 2221 stu-

75 2240 146 2272 deas
164 2241 307 2280 legitime
331 2251 490 2273 revocare.
513 2242 807 2273 Contradictores...
832 2243 979 2274 Testes...
1004 2245 1075 2275 Dat.

75 2294 155 2333 apud
176 2295 456 2332 Urbemveterem‚
482 2304 501 2325 x
524 2295 679 2325 kalendas
703 2296 851 2334 augusti,
875 2297 1077 2335 pontificatus

76 2348 173 2378 nostri
190 2356 274 2378 anno
291 2349 395 2378 tertio.
415 2360 428 2375 ι

146 2527 261 2556 ’,313
651 2526 776 2559 Orvieto,
795 2527 827 2554 ‘23
844 2529 911 2555 aont
929 2528 1007 2556 1290.

111 2587 154 2615 Ne
182 2590 388 2616 monasterium
413 2590 512 2617 Sancti
539 2589 672 2625 Dionysii
695 2590 725 2616 in
750 2589 870 2617 Francia
898 2590 1079 2618 molestetur.

22 2645 26 2647 ’
79 2635 177 2670 (Anca.
192 2637 274 2670 Nn„
291 2637 324 2669 L,
340 2638 401 2670 276,
419 2638 474 2671 45.)

117 2739 224 2770 Dilecto
235 2740 301 2776 silio
315 2761 336 2769 ..
349 2741 451 2770 abbati
466 2741 646 2770 monasterii
656 2740 761 2770 Sancti
775 2741 917 2770 Germani
931 2741 964 2770 de
979 2742 1082 2771 Pratis

80 2790 259 2822 Parisiensis
283 2792 413 2822 mandat
439 2796 474 2822 ut
498 2801 561 2822 non
593 2793 752 2831 permittat
777 2793 923 2823 abbatem
951 2798 982 2823 et
1009 2802 1082 2824 con-

81 2848 209 2875 ventum
221 2845 408 2875 monasterii
425 2844 534 2875 Sancti
549 2845 702 2883 Dionysii
715 2845 748 2874 in
764 2845 898 2875 Francia
913 2851 1022 2876 contra
1036 2846 1084 2876 in-

83 2896 169 2928 dulta
183 2898 426 2936 privilegiorum
449 2898 534 2928 sedis
549 2898 737 2937 apostolicae
755 2899 896 2929 indebite
908 2899 1081 2929 molestari.

122 2961 136 2978 ι
156 2950 236 2987 Quia
257 2951 380 2982 mundo
397 2952 534 2990 posito...
557 2968 596 2973 —
614 2951 687 2981 Dat.
706 2952 790 2990 apud
809 2952 1084 2990 Urbemveterem,

83 3011 103 3032 x
115 3001 267 3034 kalendas
283 3004 481 3042 septembris,
496 3004 699 3043 pontificatus
719 3005 822 3035 nostri
837 3014 924 3036 anno
946 3005 1048 3036 tertio.
1069 3017 1082 3033 ι

1219 401 1335 429 ’73Ὶ4
1690 401 1817 435 Orvieto‚
1836 402 1867 428 10
1882 402 1986 429 fevrier
2003 402 2080 430 1291.

1181 470 1365 497 Confirmatio
1380 471 1522 505 generalis
1538 471 1754 506 privilegiorum
1769 471 1935 498 monasterii
1947 471 1981 497 de
1998 471 2151 504 Farvakes,

1146 519 1351 546 Noviomensis
1365 519 1518 547 dioecesis.
1534 520 1635 553 (Aaou.
1653 519 1736 554 Nn„
1754 520 1785 554 L,
1802 520 1868 550 276.
1887 520 1942 553 50.)

1188 635 1307 664 Dilectis
1330 637 1362 664 in
1385 635 1503 665 Christo
1521 636 1645 672 filiabus
1668 658 1687 665 ..
1711 637 1856 665 abbatisse
1871 642 1897 666 et
1912 638 2074 666 conventui
2088 645 2154 666 mo-

1148 689 1276 716 nasterii
1301 688 1335 717 de
1358 689 1528 723 Far-vates,
1558 688 1766 718 Cistercz'ensis
1791 690 1921 725 ordinis,
1949 691 2156 720 Noviomensis

1149 740 1282 769 diocesis.

1190 805 1203 820 α
1221 793 1309 823 Solet
1321 803 1465 824 annuere
1483 794 1611 824 sedes...
1629 813 1667 818 —
1684 796 1756 825 Dat.
1775 795 1859 834 apud
1876 796 2154 833 Urbemveterem‚

1149 855 1196 875 1111
1211 846 1284 876 idus
1300 847 1462 883 februarii,
1483 848 1685 886 pontificatus
1703 848 1804 878 nostri
1821 857 1907 879 anno
1927 850 2027 879 tertio.
2047 861 2061 876 n

1223 1056 1338 1085 *2375
1741 1057 1869 1093 Orvieto,
1886 1059 1901 1086 6
1915 1067 1992 1086 mars
2009 1059 2087 1087 1291.

1186 1124 1298 1159 Regem
1312 1124 1446 1152 Franciae
1458 1129 1539 1160 rogat
1550 1127 1714 1160 permittere
1725 1129 1757 1153 ut
1767 1126 1922 1162 Rogerius,
1936 1136 2034 1155 comes
2048 1128 2160 1156 Fuxen·

1151 1174 1203 1207 sis,
1220 1174 1254 1200 ad
1270 1174 1378 1208 regiam
1394 1174 1502 1201 curiam
1518 1175 1622 1209 veniat,
1639 1176 1688 1202 ubi
1703 1176 1898 1204 innocentiam
1914 1185 1996 1204 suam
2017 1177 2159 1206 ostendat.

1153 1223 1257 1258 (Asca.
1274 1222 1359 1256 Nn„
1375 1222 1404 1250 J.
1420 1223 1483 1255 700.
1501 1223 1556 1256 86).

1194 1338 1356 1367 Carissimo
1381 1340 1415 1367 in
1436 1338 1554 1367 Christo
1569 1339 1635 1375 filio
1654 1345 1756 1369 nostro
1781 1339 1931 1378 Philippo,
1951 1343 2018 1379 τεῳ·
2037 1342 2164 1371 Francie

1153 1392 1282 1420 illustri.
1300 1403 1313 1417 α
1331 1391 1442 1430 Nuper
1454 1391 1493 1420 ad
1507 1396 1652 1422 nostrum
1665 1394 1808 1431 pervenit
1824 1393 1971 1423 auditum
1982 1394 2067 1433 quod
2082 1403 2164 1425 non-

1154 1443 1237 1473 nulli
1262 1443 1432 1482 maliloqui
1458 1449 1568 1474 contra
1591 1445 1744 1475 dilectum
1766 1446 1873 1476 filium
1901 1447 2041 1477 nobilem
2058 1447 2164 1477 virum

1155 1496 1342 1534 Rogerium,
1366 1497 1515 1527 comitem
1541 1498 1722 1528 Fuxensem
1748 1503 1778 1528 et
1799 1500 2020 1529 vicecomitem
2041 1499 2163 1530 Castri-

1155 1549 1244 1585 boni,
1263 1550 1424 1579 subditum
1439 1555 1468 1580 et
1484 1551 1611 1580 fidelem
1622 1556 1723 1587 tuum,
1736 1551 1864 1590 linguas
1878 1553 2036 1583 mendacii
2045 1561 2162 1583 acuen-

1158 1607 1215 1638 tes,
1228 1612 1302 1632 eum
1313 1603 1397 1642 apud
1407 1603 1632 1634 excellentiam
1642 1605 1765 1643 regiam
1778 1605 1866 1635 falsis
1877 1606 2162 1636 adinventionibus

1156 1655 1351 1693 detulerunt,
1370 1660 1494 1695 propter
1509 1657 1592 1696 quod
1607 1662 1692 1687 tuam
1705 1658 1767 1688 sibi
1783 1658 2017 1697 quodammodo
2031 1659 2162 1690 benivo-

1155 1708 1287 1738 lentiam
1306 1710 1503 1747 subtraxisti,
1516 1715 1556 1746 et,
1567 1710 1652 1747 licet,
1664 1711 1747 1740 sicut
1758 1712 1948 1750 accepimus,
1960 1712 2165 1742 securitatem

1158 1763 1284 1802 petierit
1297 1763 1335 1792 ad
1356 1768 1441 1793 tuam
1460 1764 1655 1802 presentiam
1673 1765 1834 1801 veniendi,
1853 1769 1887 1795 ut
1902 1774 1994 1795 suam
2013 1774 2119 1796 coram
2135 1769 2166 1796 te

1157 1817 1377 1847 innocentiam
1403 1821 1580 1853 excusaret,
1602 1817 1693 1847 illam
1718 1818 1863 1848 nondum
1883 1819 1983 1857 potuit
2007 1819 2164 1856 obtinere,

1158 1875 1284 1908 propter
1300 1870 1385 1909 quod
1410 1875 1556 1901 nostrum
1572 1872 1633 1901 sibi
1648 1871 1687 1901 ad
1708 1872 1767 1902 hoc
1792 1872 1951 1902 auxilium
1971 1872 2164 1911 imploravit.

1159 1923 1240 1953 Cum
1258 1927 1364 1953 autem
1381 1924 1491 1954 deceat
1508 1924 1782 1962 magnificentiam
1795 1929 1882 1955 tuam
1892 1925 1985 1955 illum
1997 1926 2081 1956 circa
2095 1925 2167 1956 sub—

1158 1976 1240 2006 ditos
1255 1981 1324 2006 tuos
1340 1976 1471 2006 modum
1489 1982 1599 2007 tenere
1616 1982 1650 2007 ut
1663 1978 1817 2008 libentius
1834 1987 1942 2017 parcas
1958 1987 2055 2017 quam
2070 1979 2167 2009 ferias

1159 2034 1190 2060 et
1210 2029 1282 2069 plus
1299 2035 1327 2060 te
1342 2030 1407 2060 illis
1426 2031 1596 2069 pacificum
1613 2032 1764 2062 exhibeas
1780 2041 1876 2071 quam
1891 2041 2050 2069 severum,
2068 2032 2168 2063 excel-

1160 2083 1294 2112 lentiam
1319 2085 1440 2121 regiam
1459 2093 1611 2122 rogamus
1630 2090 1660 2114 et
1675 2085 1845 2115 hortamur
1861 2087 1980 2115 attente
1995 2086 2165 2124 quatinus,

1159 2136 1327 2166 attendens
1355 2137 1439 2175 quod
1464 2141 1626 2176 tamquam
1658 2138 1729 2176 pius
1755 2142 1785 2168 et
1813 2139 1993 2169 misericors
2018 2139 2168 2178 princeps

1157 2189 1292 2226 gratiam
1310 2189 1573 2219 mansuetudinis
1597 2194 1626 2220 et
1644 2190 1853 2228 benignitatis
1870 2191 1951 2230 apud
1973 2191 2117 2230 singulos
2138 2195 2169 2222 et

1156 2242 1306 2280 precipue
1318 2242 1459 2272 subditos
1474 2247 1542 2272 tuos
1556 2252 1702 2273 exercere
1717 2244 1847 2280 teneris,
1862 2244 2001 2274 eundem
2016 2245 2168 2275 comitem

1157 2293 1196 2323 ad
1210 2303 1299 2323 suam
1313 2295 1532 2324 innocentiam
1544 2295 1788 2333 ostendendam,
1803 2297 1842 2327 ob
1854 2297 2066 2327 reverentiam
2078 2306 2168 2337 apos-

1159 2346 1251 2376 tolice
1268 2347 1353 2377 sedis
1371 2352 1399 2377 et
1412 2352 1563 2385 nostram,
1577 2358 1727 2379 securum
1744 2350 1864 2387 venire,
1884 2351 2004 2380 morari
2019 2355 2050 2381 et
2064 2351 2170 2382 redire

1159 2401 1334 2439 permittas,
1364 2409 1537 2440 secumque
1560 2411 1635 2440 agas
1658 2403 1709 2441 pie
1730 2412 1765 2433 ac
1784 2403 2032 2434 misericorditer
2052 2405 2086 2434 in
2110 2404 2170 2435 hac

1159 2458 1257 2492 parte,
1274 2454 1318 2483 ita
1334 2454 1418 2493 quod
1435 2454 1539 2484 Deum
1555 2455 1671 2485 exinde
1687 2456 1841 2486 merearis
1858 2456 1977 2487 habere
1993 2457 2170 2496 propitium

1160 2512 1190 2536 et
1201 2515 1257 2536 nos
1271 2507 1548 2545 magnificentiam
1562 2512 1649 2538 tuam
1665 2509 1780 2540 merito
1794 2510 1986 2540 comendare
1997 2511 2168 2550 possimus.

1161 2560 1231 2590 Dat.
1250 2560 1333 2599 apud
1352 2561 1632 2599 Urbemveterem,
1655 2571 1676 2592 11
1700 2570 1802 2592 nonas
1825 2563 1950 2599 martii,
1967 2563 2170 2602 pontificatus

1162 2613 1262 2642 nostri
1279 2621 1365 2643 anno
1381 2617 1505 2652 quarto.
1524 2625 1538 2639 n

1236 2822 1352 2850 '23²6
1721 2824 1849 2860 Orvieto,
1867 2825 1897 2852 31
1912 2825 2004 2860 juillet
2023 2826 2098 2854 1291.

1201 2889 1385 2924 Dispensatio
1402 2891 1584 2917 matrimonii.
1602 2891 1702 2923 (Anca.
1722 2892 1804 2925 Vna,
1822 2894 1893 2920 Ball.
1906 2903 1978 2928 qen..
1991 2898 2011 2923 t.
2028 2894 2051 2930 1,
2068 2903 2099 2922 n⁴²
2113 2895 2170 2930 24.)

1206 3005 1314 3034 Dilecto
1325 3005 1389 3042 filio
1405 3006 1502 3035 nobiti
1518 3007 1585 3035 viro
1596 3007 1750 3043 Eduardo,
1762 3009 1918 3037 carissimi
1935 3011 1967 3038 in
1977 3009 2095 3039 Christo
2109 3011 2170 3048 ficti
