<?xml version="1.0" encoding="UTF-8"?>
<!DOCTYPE html PUBLIC "-//W3C//DTD XHTML 1.0 Transitional//EN"
    "http://www.w3.org/TR/xhtml1/DTD/xhtml1-transitional.dtd">
<html xmlns="http://www.w3.org/1999/xhtml" xml:lang="en" lang="en">
 <head>
  <title>
</title>
<meta http-equiv="Content-Type" content="text/html;charset=utf-8" />
  <meta name='ocr-system' content='tesseract 3.04.00' />
  <meta name='ocr-capabilities' content='ocr_page ocr_carea ocr_par ocr_line ocrx_word'/>
</head>
<body>
  <div class='ocr_page' id='page_1' title='image "./lesregistresdeni02romeuoft_0025.png"; bbox 0 0 2393 3496; ppageno 0'>
   <div class='ocr_carea' id='block_1_1' title="bbox 987 240 2255 289">
    <p class='ocr_par' dir='ltr' id='par_1_1' title="bbox 987 240 2255 289">
     <span class='ocr_line' id='line_1_1' title="bbox 987 240 2255 289; baseline -0.016 -6"><span class='ocrx_word' id='word_1_1' title='bbox 987 241 1242 289; x_wconf 72' lang='lat' dir='ltr'><strong>QUATRIEME</strong></span> <span class='ocrx_word' id='word_1_2' title='bbox 1264 240 1420 280; x_wconf 64' lang='grc' dir='ltr'>ΑΝΝΕΕ.</span> <span class='ocrx_word' id='word_1_3' title='bbox 2198 254 2255 283; x_wconf 67' lang='grc'>699</span> 
     </span>
    </p>
   </div>
   <div class='ocr_carea' id='block_1_2' title="bbox 222 319 1092 352">
    <p class='ocr_par' dir='ltr' id='par_1_2' title="bbox 222 319 1092 352">
     <span class='ocr_line' id='line_1_2' title="bbox 222 319 1092 352; baseline -0.009 0"><span class='ocrx_word' id='word_1_4' title='bbox 222 323 343 352; x_wconf 69' lang='lat'>498⁰</span> <span class='ocrx_word' id='word_1_5' title='bbox 735 321 862 351; x_wconf 77' lang='lat' dir='ltr'>Orvieto‚</span> <span class='ocrx_word' id='word_1_6' title='bbox 877 321 911 347; x_wconf 75' lang='lat'>‘26</span> <span class='ocrx_word' id='word_1_7' title='bbox 926 320 995 346; x_wconf 82' lang='lat' dir='ltr'>avril</span> <span class='ocrx_word' id='word_1_8' title='bbox 1017 319 1092 346; x_wconf 68' lang='lat'>¹⁵:9¹.</span> 
     </span>
    </p>
   </div>
   <div class='ocr_carea' id='block_1_3' title="bbox 153 381 1164 567">
    <p class='ocr_par' dir='ltr' id='par_1_3' title="bbox 153 381 1164 567">
     <span class='ocr_line' id='line_1_3' title="bbox 188 381 1164 420; baseline -0.005 -8"><span class='ocrx_word' id='word_1_9' title='bbox 188 385 288 413; x_wconf 85' lang='lat' dir='ltr'><strong>Eidem</strong></span> <span class='ocrx_word' id='word_1_10' title='bbox 310 385 440 420; x_wconf 84' lang='lat' dir='ltr'>indulget</span> <span class='ocrx_word' id='word_1_11' title='bbox 456 390 486 411; x_wconf 87' lang='lat' dir='ltr'>ut.</span> <span class='ocrx_word' id='word_1_12' title='bbox 508 385 597 411; x_wconf 86' lang='lat' dir='ltr'>libros</span> <span class='ocrx_word' id='word_1_13' title='bbox 613 385 659 411; x_wconf 89' lang='lat' dir='ltr'>sui</span> <span class='ocrx_word' id='word_1_14' title='bbox 674 384 784 410; x_wconf 87' lang='lat' dir='ltr'>ordinis</span> <span class='ocrx_word' id='word_1_15' title='bbox 806 391 881 418; x_wconf 86' lang='lat' dir='ltr'>quos</span> <span class='ocrx_word' id='word_1_16' title='bbox 903 383 988 409; x_wconf 87' lang='lat' dir='ltr'>habet</span> <span class='ocrx_word' id='word_1_17' title='bbox 1007 391 1022 408; x_wconf 84' lang='lat' dir='ltr'>a</span> <span class='ocrx_word' id='word_1_18' title='bbox 1040 381 1086 408; x_wconf 84' lang='lat' dir='ltr'>die</span> <span class='ocrx_word' id='word_1_19' title='bbox 1107 389 1164 415; x_wconf 88' lang='lat' dir='ltr'>quo</span> 
     </span>
     <span class='ocr_line' id='line_1_4' title="bbox 153 429 1164 467; baseline -0.007 -5"><span class='ocrx_word' id='word_1_20' title='bbox 153 435 293 462; x_wconf 78' lang='lat' dir='ltr'>ecclesiae</span> <span class='ocrx_word' id='word_1_21' title='bbox 323 434 519 460; x_wconf 81' lang='lat' dir='ltr'>Landavensis</span> <span class='ocrx_word' id='word_1_22' title='bbox 543 434 671 467; x_wconf 78' lang='lat' dir='ltr'>regimen</span> <span class='ocrx_word' id='word_1_23' title='bbox 697 433 812 459; x_wconf 82' lang='lat' dir='ltr'>duxerit</span> <span class='ocrx_word' id='word_1_24' title='bbox 835 431 1043 459; x_wconf 78' lang='lat' dir='ltr'>assumendum</span> <span class='ocrx_word' id='word_1_25' title='bbox 1071 429 1164 464; x_wconf 82' lang='lat' dir='ltr'>quoad</span> 
     </span>
     <span class='ocr_line' id='line_1_5' title="bbox 153 478 1164 515; baseline -0.006 -5"><span class='ocrx_word' id='word_1_26' title='bbox 153 484 258 510; x_wconf 77' lang='lat' dir='ltr'>vixerit</span> <span class='ocrx_word' id='word_1_27' title='bbox 284 483 360 510; x_wconf 82' lang='lat' dir='ltr'>licite</span> <span class='ocrx_word' id='word_1_28' title='bbox 386 483 510 510; x_wconf 82' lang='lat' dir='ltr'>retinere</span> <span class='ocrx_word' id='word_1_29' title='bbox 533 483 642 515; x_wconf 80' lang='lat' dir='ltr'>valeat;</span> <span class='ocrx_word' id='word_1_30' title='bbox 663 482 701 509; x_wconf 83' lang='lat' dir='ltr'>ita</span> <span class='ocrx_word' id='word_1_31' title='bbox 724 486 818 508; x_wconf 85' lang='lat' dir='ltr'>tamen</span> <span class='ocrx_word' id='word_1_32' title='bbox 840 486 884 511; x_wconf 84' lang='lat' dir='ltr'>ut,</span> <span class='ocrx_word' id='word_1_33' title='bbox 906 482 969 515; x_wconf 89' lang='lat' dir='ltr'>ipso</span> <span class='ocrx_word' id='word_1_34' title='bbox 991 478 1164 511; x_wconf 80' lang='lat' dir='ltr'>decedente,</span> 
     </span>
     <span class='ocr_line' id='line_1_6' title="bbox 153 525 1164 567; baseline -0.006 -8"><span class='ocrx_word' id='word_1_35' title='bbox 153 533 239 560; x_wconf 81' lang='lat' dir='ltr'>iidem</span> <span class='ocrx_word' id='word_1_36' title='bbox 252 532 314 559; x_wconf 87' lang='lat' dir='ltr'>libri</span> <span class='ocrx_word' id='word_1_37' title='bbox 325 532 360 558; x_wconf 82' lang='lat' dir='ltr'>ad</span> <span class='ocrx_word' id='word_1_38' title='bbox 375 531 533 567; x_wconf 76' lang='lat' dir='ltr'>praefatum</span> <span class='ocrx_word' id='word_1_39' title='bbox 547 531 677 558; x_wconf 82' lang='lat' dir='ltr'>ordinem</span> <span class='ocrx_word' id='word_1_40' title='bbox 694 534 882 558; x_wconf 81' lang='lat' dir='ltr'>revertantur.</span> <span class='ocrx_word' id='word_1_41' title='bbox 895 528 978 562; x_wconf 64' lang='lat' dir='ltr'>(Rau.</span> <span class='ocrx_word' id='word_1_42' title='bbox 993 528 1034 561; x_wconf 73' lang='lat'>⁴6,</span> <span class='ocrx_word' id='word_1_43' title='bbox 1049 536 1074 554; x_wconf 89' lang='lat' dir='ltr'>c.</span> <span class='ocrx_word' id='word_1_44' title='bbox 1091 525 1164 561; x_wconf 77' lang='lat'>171⁸,</span> 
     </span>
    </p>
   </div>
   <div class='ocr_carea' id='block_1_4' title="bbox 153 583 290 614">
    <p class='ocr_par' dir='ltr' id='par_1_4' title="bbox 153 583 290 614">
     <span class='ocr_line' id='line_1_7' title="bbox 153 583 290 614; baseline -0.015 -3"><span class='ocrx_word' id='word_1_45' title='bbox 153 584 174 611; x_wconf 78' lang='lat' dir='ltr'>l.</span> <span class='ocrx_word' id='word_1_46' title='bbox 193 583 227 611; x_wconf 86' lang='grc'>33</span> <span class='ocrx_word' id='word_1_47' title='bbox 243 584 290 614; x_wconf 71' lang='grc' dir='ltr'>το.)</span> 
     </span>
    </p>
   </div>
   <div class='ocr_carea' id='block_1_5' title="bbox 194 685 1132 776">
    <p class='ocr_par' dir='ltr' id='par_1_5' title="bbox 194 685 1132 776">
     <span class='ocr_line' id='line_1_8' title="bbox 194 685 309 714; baseline 0 0"><span class='ocrx_word' id='word_1_48' title='bbox 194 685 309 714; x_wconf 80' lang='lat' dir='ltr'><em>Eidem.</em></span> 
     </span>
     <span class='ocr_line' id='line_1_9' title="bbox 196 736 1132 776; baseline -0.002 -9"><span class='ocrx_word' id='word_1_49' title='bbox 196 749 210 764; x_wconf 69' lang='lat' dir='ltr'>u</span> <span class='ocrx_word' id='word_1_50' title='bbox 230 737 400 768; x_wconf 85' lang='lat' dir='ltr'>Probitatis</span> <span class='ocrx_word' id='word_1_51' title='bbox 418 736 607 776; x_wconf 86' lang='lat' dir='ltr'>multiplicis</span> <span class='ocrx_word' id='word_1_52' title='bbox 625 738 775 767; x_wconf 83' lang='lat' dir='ltr'>merita...</span> <span class='ocrx_word' id='word_1_53' title='bbox 792 752 832 760; x_wconf 92' lang='lat'><strong>—</strong></span> <span class='ocrx_word' id='word_1_54' title='bbox 848 736 919 766; x_wconf 91' lang='lat' dir='ltr'>Dat.</span> <span class='ocrx_word' id='word_1_55' title='bbox 941 742 975 766; x_wconf 87' lang='lat' dir='ltr'>ut</span> <span class='ocrx_word' id='word_1_56' title='bbox 993 744 1099 775; x_wconf 87' lang='lat' dir='ltr'>supra.</span> <span class='ocrx_word' id='word_1_57' title='bbox 1120 748 1132 761; x_wconf 75' lang='grc' dir='ltr'>ι)</span> 
     </span>
    </p>
   </div>
   <div class='ocr_carea' id='block_1_6' title="bbox 223 927 336 956">
    <p class='ocr_par' dir='ltr' id='par_1_6' title="bbox 223 927 336 956">
     <span class='ocr_line' id='line_1_10' title="bbox 223 927 336 956; baseline 0 -1"><span class='ocrx_word' id='word_1_58' title='bbox 223 927 336 956; x_wconf 72' lang='grc'>4961</span> 
     </span>
    </p>
   </div>
   <div class='ocr_carea' id='block_1_7' title="bbox 151 989 1161 1069">
    <p class='ocr_par' dir='ltr' id='par_1_7' title="bbox 151 989 1161 1069">
     <span class='ocr_line' id='line_1_11' title="bbox 188 989 1161 1026; baseline 0 -10"><span class='ocrx_word' id='word_1_59' title='bbox 188 989 376 1025; x_wconf 82' lang='lat' dir='ltr'>Dispensatio</span> <span class='ocrx_word' id='word_1_60' title='bbox 392 998 479 1026; x_wconf 86' lang='lat' dir='ltr'>super</span> <span class='ocrx_word' id='word_1_61' title='bbox 495 990 655 1026; x_wconf 75' lang='lat' dir='ltr'>pluralitate</span> <span class='ocrx_word' id='word_1_62' title='bbox 672 990 886 1016; x_wconf 88' lang='lat' dir='ltr'>beneficiorum.</span> <span class='ocrx_word' id='word_1_63' title='bbox 901 989 985 1023; x_wconf 69' lang='lat' dir='ltr'>(Rau.</span> <span class='ocrx_word' id='word_1_64' title='bbox 999 990 1041 1020; x_wconf 70' lang='lat'>46,</span> <span class='ocrx_word' id='word_1_65' title='bbox 1059 998 1085 1016; x_wconf 88' lang='lat' dir='ltr'>c.</span> <span class='ocrx_word' id='word_1_66' title='bbox 1103 989 1161 1021; x_wconf 70' lang='lat'>¹72.</span> 
     </span>
     <span class='ocr_line' id='line_1_12' title="bbox 151 1039 285 1069; baseline 0.015 -3"><span class='ocrx_word' id='word_1_67' title='bbox 151 1039 173 1066; x_wconf 72' lang='lat' dir='ltr'>f.</span> <span class='ocrx_word' id='word_1_68' title='bbox 190 1039 223 1066; x_wconf 83' lang='lat'>33</span> <span class='ocrx_word' id='word_1_69' title='bbox 238 1042 285 1069; x_wconf 61' lang='grc' dir='ltr'>ΝΛ</span> 
     </span>
    </p>
   </div>
   <div class='ocr_carea' id='block_1_8' title="bbox 760 925 1091 960">
    <p class='ocr_par' dir='ltr' id='par_1_8' title="bbox 760 925 1091 960">
     <span class='ocr_line' id='line_1_13' title="bbox 760 925 1091 960; baseline 0 -7"><span class='ocrx_word' id='word_1_70' title='bbox 760 927 891 960; x_wconf 87' lang='lat' dir='ltr'>Orvieto,</span> <span class='ocrx_word' id='word_1_71' title='bbox 908 927 923 954; x_wconf 71' lang='lat'>‘3</span> <span class='ocrx_word' id='word_1_72' title='bbox 941 927 995 953; x_wconf 84' lang='lat' dir='ltr'>mai</span> <span class='ocrx_word' id='word_1_73' title='bbox 1016 925 1091 954; x_wconf 63' lang='lat'>1291.</span> 
     </span>
    </p>
   </div>
   <div class='ocr_carea' id='block_1_9' title="bbox 149 1141 1165 1768">
    <p class='ocr_par' dir='ltr' id='par_1_9' title="bbox 150 1141 1165 1661">
     <span class='ocr_line' id='line_1_14' title="bbox 193 1141 1163 1180; baseline 0 -8"><span class='ocrx_word' id='word_1_74' title='bbox 193 1143 336 1180; x_wconf 66' lang='lat' dir='ltr'>Magistro</span> <span class='ocrx_word' id='word_1_75' title='bbox 359 1143 446 1172; x_wconf 80' lang='lat' dir='ltr'>Petro</span> <span class='ocrx_word' id='word_1_76' title='bbox 465 1142 642 1180; x_wconf 77' lang='lat' dir='ltr'>Aybrandi,</span> <span class='ocrx_word' id='word_1_77' title='bbox 664 1141 881 1171; x_wconf 77' lang='lat' dir='ltr'>archidiacono</span> <span class='ocrx_word' id='word_1_78' title='bbox 908 1141 1106 1178; x_wconf 69' lang='lat' dir='ltr'>caprariensi</span> <span class='ocrx_word' id='word_1_79' title='bbox 1132 1142 1163 1172; x_wconf 79' lang='lat' dir='ltr'>in</span> 
     </span>
     <span class='ocr_line' id='line_1_15' title="bbox 153 1195 1162 1232; baseline 0 -6"><span class='ocrx_word' id='word_1_80' title='bbox 153 1196 275 1226; x_wconf 81' lang='lat' dir='ltr'>ecclesio</span> <span class='ocrx_word' id='word_1_81' title='bbox 297 1197 478 1232; x_wconf 76' lang='lat' dir='ltr'><strong><em>Biterrensi,</em></strong></span> <span class='ocrx_word' id='word_1_82' title='bbox 500 1196 689 1225; x_wconf 77' lang='lat' dir='ltr'>decretorum</span> <span class='ocrx_word' id='word_1_83' title='bbox 712 1195 845 1231; x_wconf 79' lang='lat' dir='ltr'>doctori,</span> <span class='ocrx_word' id='word_1_84' title='bbox 870 1196 1025 1232; x_wconf 81' lang='lat' dir='ltr'>capellano</span> <span class='ocrx_word' id='word_1_85' title='bbox 1050 1201 1162 1227; x_wconf 82' lang='lat' dir='ltr'>nostro.</span> 
     </span>
     <span class='ocr_line' id='line_1_16' title="bbox 154 1248 1163 1288; baseline -0.001 -9"><span class='ocrx_word' id='word_1_86' title='bbox 154 1248 192 1279; x_wconf 88' lang='lat' dir='ltr'>Ei</span> <span class='ocrx_word' id='word_1_87' title='bbox 206 1249 354 1288; x_wconf 81' lang='lat' dir='ltr'>indulget</span> <span class='ocrx_word' id='word_1_88' title='bbox 367 1253 414 1286; x_wconf 84' lang='lat' dir='ltr'>ut,</span> <span class='ocrx_word' id='word_1_89' title='bbox 425 1253 548 1288; x_wconf 85' lang='lat' dir='ltr'>praeter</span> <span class='ocrx_word' id='word_1_90' title='bbox 562 1248 855 1278; x_wconf 87' lang='lat' dir='ltr'>archidiaconatum</span> <span class='ocrx_word' id='word_1_91' title='bbox 870 1248 1114 1287; x_wconf 87' lang='lat' dir='ltr'>Caprariensem</span> <span class='ocrx_word' id='word_1_92' title='bbox 1130 1249 1163 1279; x_wconf 90' lang='lat' dir='ltr'>in</span> 
     </span>
     <span class='ocr_line' id='line_1_17' title="bbox 153 1300 1164 1334; baseline -0.001 -2"><span class='ocrx_word' id='word_1_93' title='bbox 153 1301 288 1333; x_wconf 88' lang='lat' dir='ltr'>ecclesia</span> <span class='ocrx_word' id='word_1_94' title='bbox 310 1302 485 1332; x_wconf 76' lang='lat' dir='ltr'>Biterrensi</span> <span class='ocrx_word' id='word_1_95' title='bbox 509 1300 540 1331; x_wconf 81' lang='lat' dir='ltr'>et</span> <span class='ocrx_word' id='word_1_96' title='bbox 560 1301 684 1331; x_wconf 84' lang='lat' dir='ltr'>rurales</span> <span class='ocrx_word' id='word_1_97' title='bbox 703 1301 854 1332; x_wconf 89' lang='lat' dir='ltr'>ecclesias</span> <span class='ocrx_word' id='word_1_98' title='bbox 873 1301 980 1332; x_wconf 81' lang='lat' dir='ltr'>Sancti</span> <span class='ocrx_word' id='word_1_99' title='bbox 1001 1301 1164 1334; x_wconf 81' lang='lat' dir='ltr'>Johanuis</span> 
     </span>
     <span class='ocr_line' id='line_1_18' title="bbox 152 1354 1164 1390; baseline 0 -5"><span class='ocrx_word' id='word_1_100' title='bbox 152 1354 192 1386; x_wconf 88' lang='lat' dir='ltr'>de</span> <span class='ocrx_word' id='word_1_101' title='bbox 215 1355 408 1385; x_wconf 87' lang='lat' dir='ltr'>Tabautiaco</span> <span class='ocrx_word' id='word_1_102' title='bbox 434 1359 466 1384; x_wconf 84' lang='lat' dir='ltr'>et</span> <span class='ocrx_word' id='word_1_103' title='bbox 489 1354 597 1385; x_wconf 88' lang='lat' dir='ltr'>Sancti</span> <span class='ocrx_word' id='word_1_104' title='bbox 625 1354 713 1385; x_wconf 86' lang='lat' dir='ltr'>Petri</span> <span class='ocrx_word' id='word_1_105' title='bbox 737 1354 775 1384; x_wconf 90' lang='lat' dir='ltr'>de</span> <span class='ocrx_word' id='word_1_106' title='bbox 801 1354 942 1390; x_wconf 79' lang='lat' dir='ltr'>Vallela,</span> <span class='ocrx_word' id='word_1_107' title='bbox 970 1355 1164 1385; x_wconf 87' lang='lat' dir='ltr'>Biterrensis</span> 
     </span>
     <span class='ocr_line' id='line_1_19' title="bbox 152 1407 1164 1447; baseline 0.001 -10"><span class='ocrx_word' id='word_1_108' title='bbox 152 1407 320 1444; x_wconf 84' lang='lat' dir='ltr'>dioecesis,</span> <span class='ocrx_word' id='word_1_109' title='bbox 338 1408 408 1438; x_wconf 91' lang='lat' dir='ltr'>sine</span> <span class='ocrx_word' id='word_1_110' title='bbox 420 1407 606 1437; x_wconf 83' lang='lat' dir='ltr'>animarum</span> <span class='ocrx_word' id='word_1_111' title='bbox 621 1416 711 1445; x_wconf 87' lang='lat' dir='ltr'>cura,</span> <span class='ocrx_word' id='word_1_112' title='bbox 727 1416 806 1447; x_wconf 88' lang='lat' dir='ltr'>quas</span> <span class='ocrx_word' id='word_1_113' title='bbox 821 1407 928 1446; x_wconf 87' lang='lat' dir='ltr'>habet,</span> <span class='ocrx_word' id='word_1_114' title='bbox 945 1412 976 1438; x_wconf 88' lang='lat' dir='ltr'>et</span> <span class='ocrx_word' id='word_1_115' title='bbox 990 1408 1164 1447; x_wconf 86' lang='lat' dir='ltr'>quamdam</span> 
     </span>
     <span class='ocr_line' id='line_1_20' title="bbox 151 1461 1164 1500; baseline 0.002 -9"><span class='ocrx_word' id='word_1_116' title='bbox 151 1469 295 1491; x_wconf 82' lang='lat' dir='ltr'>annuam</span> <span class='ocrx_word' id='word_1_117' title='bbox 313 1461 516 1500; x_wconf 85' lang='lat' dir='ltr'>pensionem,</span> <span class='ocrx_word' id='word_1_118' title='bbox 532 1469 630 1500; x_wconf 89' lang='lat' dir='ltr'>quam</span> <span class='ocrx_word' id='word_1_119' title='bbox 647 1461 688 1491; x_wconf 87' lang='lat' dir='ltr'>ab</span> <span class='ocrx_word' id='word_1_120' title='bbox 705 1483 728 1490; x_wconf 92' lang='lat'>..</span> <span class='ocrx_word' id='word_1_121' title='bbox 745 1461 856 1492; x_wconf 82' lang='lat' dir='ltr'>abbate</span> <span class='ocrx_word' id='word_1_122' title='bbox 872 1466 902 1492; x_wconf 84' lang='lat' dir='ltr'>et</span> <span class='ocrx_word' id='word_1_123' title='bbox 917 1467 1075 1492; x_wconf 85' lang='lat' dir='ltr'>conventu</span> <span class='ocrx_word' id='word_1_124' title='bbox 1095 1471 1164 1493; x_wconf 89' lang='lat' dir='ltr'>mo-</span> 
     </span>
     <span class='ocr_line' id='line_1_21' title="bbox 151 1514 1161 1554; baseline 0 -9"><span class='ocrx_word' id='word_1_125' title='bbox 151 1514 285 1546; x_wconf 88' lang='lat' dir='ltr'>nasterii</span> <span class='ocrx_word' id='word_1_126' title='bbox 298 1514 514 1545; x_wconf 86' lang='lat' dir='ltr'>Massiliensis</span> <span class='ocrx_word' id='word_1_127' title='bbox 531 1515 675 1554; x_wconf 85' lang='lat' dir='ltr'>percipit,</span> <span class='ocrx_word' id='word_1_128' title='bbox 694 1515 828 1545; x_wconf 90' lang='lat' dir='ltr'>unicum</span> <span class='ocrx_word' id='word_1_129' title='bbox 846 1515 933 1545; x_wconf 90' lang='lat' dir='ltr'>aliud</span> <span class='ocrx_word' id='word_1_130' title='bbox 949 1515 1161 1552; x_wconf 86' lang='lat' dir='ltr'>beneficium,</span> 
     </span>
     <span class='ocr_line' id='line_1_22' title="bbox 150 1568 1165 1607; baseline 0.001 -9"><span class='ocrx_word' id='word_1_131' title='bbox 150 1569 247 1598; x_wconf 85' lang='lat' dir='ltr'>etiam</span> <span class='ocrx_word' id='word_1_132' title='bbox 261 1577 336 1599; x_wconf 88' lang='lat' dir='ltr'>cum</span> <span class='ocrx_word' id='word_1_133' title='bbox 351 1577 445 1605; x_wconf 87' lang='lat' dir='ltr'>cura,</span> <span class='ocrx_word' id='word_1_134' title='bbox 463 1569 604 1607; x_wconf 86' lang='lat' dir='ltr'>recipere</span> <span class='ocrx_word' id='word_1_135' title='bbox 624 1573 655 1598; x_wconf 90' lang='lat' dir='ltr'>et</span> <span class='ocrx_word' id='word_1_136' title='bbox 669 1577 743 1598; x_wconf 91' lang='lat' dir='ltr'>cum</span> <span class='ocrx_word' id='word_1_137' title='bbox 763 1568 1045 1606; x_wconf 82' lang='lat' dir='ltr'>archidiaconatu,</span> <span class='ocrx_word' id='word_1_138' title='bbox 1062 1569 1165 1600; x_wconf 89' lang='lat' dir='ltr'>eccle-</span> 
     </span>
     <span class='ocr_line' id='line_1_23' title="bbox 150 1621 894 1661; baseline 0 -9"><span class='ocrx_word' id='word_1_139' title='bbox 150 1621 206 1652; x_wconf 87' lang='lat' dir='ltr'>siis</span> <span class='ocrx_word' id='word_1_140' title='bbox 221 1626 252 1652; x_wconf 88' lang='lat' dir='ltr'>et</span> <span class='ocrx_word' id='word_1_141' title='bbox 267 1622 424 1661; x_wconf 87' lang='lat' dir='ltr'>pensione</span> <span class='ocrx_word' id='word_1_142' title='bbox 442 1621 612 1661; x_wconf 88' lang='lat' dir='ltr'>praedictis</span> <span class='ocrx_word' id='word_1_143' title='bbox 630 1622 769 1653; x_wconf 83' lang='lat' dir='ltr'>retinere</span> <span class='ocrx_word' id='word_1_144' title='bbox 786 1622 894 1661; x_wconf 87' lang='lat' dir='ltr'>possit.</span> 
     </span>
    </p>

    <p class='ocr_par' dir='ltr' id='par_1_10' title="bbox 149 1675 1162 1768">
     <span class='ocr_line' id='line_1_24' title="bbox 191 1675 1162 1714; baseline 0 -8"><span class='ocrx_word' id='word_1_145' title='bbox 191 1687 207 1702; x_wconf 94' lang='lat'>«</span> <span class='ocrx_word' id='word_1_146' title='bbox 224 1675 292 1706; x_wconf 87' lang='lat' dir='ltr'>Etsi</span> <span class='ocrx_word' id='word_1_147' title='bbox 308 1675 500 1714; x_wconf 86' lang='lat' dir='ltr'>pretermitti</span> <span class='ocrx_word' id='word_1_148' title='bbox 516 1683 620 1705; x_wconf 91' lang='lat' dir='ltr'>non...</span> <span class='ocrx_word' id='word_1_149' title='bbox 637 1691 677 1697; x_wconf 96' lang='lat'><strong>—</strong></span> <span class='ocrx_word' id='word_1_150' title='bbox 693 1675 766 1705; x_wconf 87' lang='lat' dir='ltr'>Dat.</span> <span class='ocrx_word' id='word_1_151' title='bbox 780 1675 865 1714; x_wconf 90' lang='lat' dir='ltr'>apud</span> <span class='ocrx_word' id='word_1_152' title='bbox 880 1676 1162 1713; x_wconf 87' lang='lat' dir='ltr'>Urbemveterem,</span> 
     </span>
     <span class='ocr_line' id='line_1_25' title="bbox 149 1729 691 1768; baseline 0.002 -10"><span class='ocrx_word' id='word_1_153' title='bbox 149 1738 183 1759; x_wconf 82' lang='lat' dir='ltr'>vi</span> <span class='ocrx_word' id='word_1_154' title='bbox 201 1737 303 1760; x_wconf 85' lang='lat' dir='ltr'>nonas</span> <span class='ocrx_word' id='word_1_155' title='bbox 318 1729 412 1765; x_wconf 85' lang='lat' dir='ltr'>maii,</span> <span class='ocrx_word' id='word_1_156' title='bbox 428 1737 515 1760; x_wconf 90' lang='lat' dir='ltr'>anno</span> <span class='ocrx_word' id='word_1_157' title='bbox 531 1733 657 1768; x_wconf 85' lang='lat' dir='ltr'>quarto.</span> <span class='ocrx_word' id='word_1_158' title='bbox 678 1741 691 1756; x_wconf 78' lang='lat' dir='ltr'>n</span> 
     </span>
    </p>
   </div>
   <div class='ocr_carea' id='block_1_10' title="bbox 186 1929 1162 2028">
    <p class='ocr_par' dir='ltr' id='par_1_11' title="bbox 186 1929 1162 2028">
     <span class='ocr_line' id='line_1_26' title="bbox 219 1929 1090 1961; baseline -0.002 -2"><span class='ocrx_word' id='word_1_159' title='bbox 219 1929 337 1959; x_wconf 67' lang='lat'>4882</span> <span class='ocrx_word' id='word_1_160' title='bbox 730 1930 858 1961; x_wconf 85' lang='lat' dir='ltr'>Orvieto.</span> <span class='ocrx_word' id='word_1_161' title='bbox 875 1930 908 1957; x_wconf 75' lang='lat'>27</span> <span class='ocrx_word' id='word_1_162' title='bbox 923 1931 993 1958; x_wconf 87' lang='lat' dir='ltr'>avril</span> <span class='ocrx_word' id='word_1_163' title='bbox 1012 1931 1090 1959; x_wconf 70' lang='lat'>1291.</span> 
     </span>
     <span class='ocr_line' id='line_1_27' title="bbox 186 1991 1162 2028; baseline 0.001 -9"><span class='ocrx_word' id='word_1_164' title='bbox 186 1991 371 2028; x_wconf 84' lang='lat' dir='ltr'>Dispensatio</span> <span class='ocrx_word' id='word_1_165' title='bbox 385 2000 474 2028; x_wconf 85' lang='lat' dir='ltr'>super</span> <span class='ocrx_word' id='word_1_166' title='bbox 487 1992 601 2019; x_wconf 83' lang='lat' dir='ltr'>defectu</span> <span class='ocrx_word' id='word_1_167' title='bbox 614 1993 760 2019; x_wconf 85' lang='lat' dir='ltr'>natalium.</span> <span class='ocrx_word' id='word_1_168' title='bbox 772 1992 854 2026; x_wconf 73' lang='lat' dir='ltr'>(nso.</span> <span class='ocrx_word' id='word_1_169' title='bbox 867 1994 911 2026; x_wconf 82' lang='lat'>46,</span> <span class='ocrx_word' id='word_1_170' title='bbox 924 2002 949 2020; x_wconf 89' lang='lat' dir='ltr'>c.</span> <span class='ocrx_word' id='word_1_171' title='bbox 966 1994 1023 2025; x_wconf 83' lang='lat'>173,</span> <span class='ocrx_word' id='word_1_172' title='bbox 1037 1994 1056 2020; x_wconf 83' lang='lat' dir='ltr'>f.</span> <span class='ocrx_word' id='word_1_173' title='bbox 1070 1994 1102 2021; x_wconf 89' lang='grc'>33</span> <span class='ocrx_word' id='word_1_174' title='bbox 1114 1996 1162 2027; x_wconf 73' lang='grc' dir='ltr'>νο.)</span> 
     </span>
    </p>
   </div>
   <div class='ocr_carea' id='block_1_11' title="bbox 147 2093 1162 2560">
    <p class='ocr_par' dir='ltr' id='par_1_12' title="bbox 147 2093 1162 2455">
     <span class='ocr_line' id='line_1_28' title="bbox 189 2093 1162 2132; baseline 0.002 -8"><span class='ocrx_word' id='word_1_175' title='bbox 189 2093 382 2124; x_wconf 78' lang='lat' dir='ltr'>Lambercino</span> <span class='ocrx_word' id='word_1_176' title='bbox 407 2095 486 2124; x_wconf 79' lang='lat' dir='ltr'>dicto</span> <span class='ocrx_word' id='word_1_177' title='bbox 507 2095 646 2131; x_wconf 83' lang='lat' dir='ltr'>Betrino,</span> <span class='ocrx_word' id='word_1_178' title='bbox 665 2099 737 2123; x_wconf 82' lang='lat' dir='ltr'>nato</span> <span class='ocrx_word' id='word_1_179' title='bbox 759 2095 861 2124; x_wconf 81' lang='lat' dir='ltr'>dilecti</span> <span class='ocrx_word' id='word_1_180' title='bbox 885 2095 947 2132; x_wconf 77' lang='lat' dir='ltr'>lilii</span> <span class='ocrx_word' id='word_1_181' title='bbox 970 2097 1078 2125; x_wconf 81' lang='lat' dir='ltr'>nobilis</span> <span class='ocrx_word' id='word_1_182' title='bbox 1098 2098 1162 2126; x_wconf 84' lang='lat' dir='ltr'>viri</span> 
     </span>
     <span class='ocr_line' id='line_1_29' title="bbox 149 2147 1160 2188; baseline 0.003 -11"><span class='ocrx_word' id='word_1_183' title='bbox 149 2147 364 2186; x_wconf 80' lang='lat' dir='ltr'>Groydonini‚</span> <span class='ocrx_word' id='word_1_184' title='bbox 387 2149 495 2178; x_wconf 78' lang='lat' dir='ltr'>clerico</span> <span class='ocrx_word' id='word_1_185' title='bbox 518 2148 711 2178; x_wconf 80' lang='lat' dir='ltr'>Bononiensi.</span> <span class='ocrx_word' id='word_1_186' title='bbox 734 2148 815 2178; x_wconf 90' lang='lat' dir='ltr'>Cum</span> <span class='ocrx_word' id='word_1_187' title='bbox 836 2157 890 2185; x_wconf 88' lang='lat' dir='ltr'>eo,</span> <span class='ocrx_word' id='word_1_188' title='bbox 909 2157 981 2179; x_wconf 88' lang='lat' dir='ltr'>cum</span> <span class='ocrx_word' id='word_1_189' title='bbox 1002 2158 1065 2188; x_wconf 91' lang='lat' dir='ltr'>quo</span> <span class='ocrx_word' id='word_1_190' title='bbox 1084 2149 1160 2180; x_wconf 88' lang='lat' dir='ltr'>olim</span> 
     </span>
     <span class='ocr_line' id='line_1_30' title="bbox 148 2201 1160 2243; baseline 0.003 -12"><span class='ocrx_word' id='word_1_191' title='bbox 148 2201 367 2239; x_wconf 86' lang='lat' dir='ltr'>dispensatum</span> <span class='ocrx_word' id='word_1_192' title='bbox 385 2202 444 2232; x_wconf 85' lang='lat' dir='ltr'>suit</span> <span class='ocrx_word' id='word_1_193' title='bbox 460 2207 506 2238; x_wconf 94' lang='lat' dir='ltr'>ut,</span> <span class='ocrx_word' id='word_1_194' title='bbox 523 2210 587 2232; x_wconf 88' lang='lat' dir='ltr'>non</span> <span class='ocrx_word' id='word_1_195' title='bbox 601 2202 747 2232; x_wconf 86' lang='lat' dir='ltr'>obstante</span> <span class='ocrx_word' id='word_1_196' title='bbox 758 2202 882 2232; x_wconf 84' lang='lat' dir='ltr'>defectu</span> <span class='ocrx_word' id='word_1_197' title='bbox 895 2203 1052 2233; x_wconf 85' lang='lat' dir='ltr'>natalium</span> <span class='ocrx_word' id='word_1_198' title='bbox 1063 2213 1160 2243; x_wconf 89' lang='lat' dir='ltr'>quem</span> 
     </span>
     <span class='ocr_line' id='line_1_31' title="bbox 147 2254 1160 2293; baseline 0.004 -9"><span class='ocrx_word' id='word_1_199' title='bbox 147 2254 283 2293; x_wconf 84' lang='lat' dir='ltr'>patitur,</span> <span class='ocrx_word' id='word_1_200' title='bbox 306 2264 323 2285; x_wconf 94' lang='lat' dir='ltr'>e</span> <span class='ocrx_word' id='word_1_201' title='bbox 349 2254 453 2285; x_wconf 86' lang='lat' dir='ltr'>soluto</span> <span class='ocrx_word' id='word_1_202' title='bbox 477 2255 606 2293; x_wconf 82' lang='lat' dir='ltr'>genitus</span> <span class='ocrx_word' id='word_1_203' title='bbox 628 2259 660 2285; x_wconf 90' lang='lat' dir='ltr'>et</span> <span class='ocrx_word' id='word_1_204' title='bbox 680 2255 800 2290; x_wconf 87' lang='lat' dir='ltr'>soluta,</span> <span class='ocrx_word' id='word_1_205' title='bbox 829 2256 869 2286; x_wconf 91' lang='lat' dir='ltr'>ad</span> <span class='ocrx_word' id='word_1_206' title='bbox 893 2265 1006 2287; x_wconf 88' lang='lat' dir='ltr'>omnes</span> <span class='ocrx_word' id='word_1_207' title='bbox 1030 2254 1160 2288; x_wconf 87' lang='lat' dir='ltr'>ordines</span> 
     </span>
     <span class='ocr_line' id='line_1_32' title="bbox 147 2307 1159 2348; baseline 0.004 -12"><span class='ocrx_word' id='word_1_208' title='bbox 147 2307 330 2346; x_wconf 86' lang='lat' dir='ltr'>promoveri</span> <span class='ocrx_word' id='word_1_209' title='bbox 345 2311 376 2338; x_wconf 84' lang='lat' dir='ltr'>et</span> <span class='ocrx_word' id='word_1_210' title='bbox 390 2307 585 2338; x_wconf 84' lang='lat' dir='ltr'>beneficium</span> <span class='ocrx_word' id='word_1_211' title='bbox 599 2307 851 2339; x_wconf 89' lang='lat' dir='ltr'>ecclesiasticum</span> <span class='ocrx_word' id='word_1_212' title='bbox 869 2309 1013 2340; x_wconf 88' lang='lat' dir='ltr'>obtinere</span> <span class='ocrx_word' id='word_1_213' title='bbox 1030 2310 1159 2348; x_wconf 85' lang='lat' dir='ltr'>valeret,</span> 
     </span>
     <span class='ocr_line' id='line_1_33' title="bbox 148 2360 1160 2403; baseline 0.005 -14"><span class='ocrx_word' id='word_1_214' title='bbox 148 2369 261 2390; x_wconf 84' lang='lat' dir='ltr'>rursus</span> <span class='ocrx_word' id='word_1_215' title='bbox 275 2360 441 2399; x_wconf 86' lang='lat' dir='ltr'>dispensat</span> <span class='ocrx_word' id='word_1_216' title='bbox 457 2365 490 2390; x_wconf 92' lang='lat' dir='ltr'>ut</span> <span class='ocrx_word' id='word_1_217' title='bbox 504 2360 543 2390; x_wconf 90' lang='lat' dir='ltr'>ad</span> <span class='ocrx_word' id='word_1_218' title='bbox 557 2360 801 2392; x_wconf 86' lang='lat' dir='ltr'>ecclesiasticam</span> <span class='ocrx_word' id='word_1_219' title='bbox 816 2361 1006 2400; x_wconf 85' lang='lat' dir='ltr'>dignitatem</span> <span class='ocrx_word' id='word_1_220' title='bbox 1023 2363 1072 2393; x_wconf 87' lang='lat' dir='ltr'>vel</span> <span class='ocrx_word' id='word_1_221' title='bbox 1090 2373 1160 2403; x_wconf 90' lang='lat' dir='ltr'>per-</span> 
     </span>
     <span class='ocr_line' id='line_1_34' title="bbox 148 2413 1099 2455; baseline 0.004 -13"><span class='ocrx_word' id='word_1_222' title='bbox 148 2418 309 2450; x_wconf 89' lang='lat' dir='ltr'>sonatum,</span> <span class='ocrx_word' id='word_1_223' title='bbox 326 2413 498 2453; x_wconf 87' lang='lat' dir='ltr'>episcopali</span> <span class='ocrx_word' id='word_1_224' title='bbox 513 2413 670 2452; x_wconf 84' lang='lat' dir='ltr'>dignitate</span> <span class='ocrx_word' id='word_1_225' title='bbox 686 2419 834 2454; x_wconf 84' lang='lat' dir='ltr'>excepta,</span> <span class='ocrx_word' id='word_1_226' title='bbox 851 2417 971 2446; x_wconf 88' lang='lat' dir='ltr'>assumi</span> <span class='ocrx_word' id='word_1_227' title='bbox 991 2417 1099 2455; x_wconf 81' lang='lat' dir='ltr'>possit.</span> 
     </span>
    </p>

    <p class='ocr_par' dir='ltr' id='par_1_13' title="bbox 148 2466 1161 2560">
     <span class='ocr_line' id='line_1_35' title="bbox 190 2466 1161 2509; baseline 0.008 -16"><span class='ocrx_word' id='word_1_228' title='bbox 190 2478 204 2493; x_wconf 76' lang='grc' dir='ltr'>ι</span> <span class='ocrx_word' id='word_1_229' title='bbox 229 2466 408 2505; x_wconf 83' lang='lat' dir='ltr'>Apostolice</span> <span class='ocrx_word' id='word_1_230' title='bbox 426 2467 510 2496; x_wconf 87' lang='lat' dir='ltr'>sedis</span> <span class='ocrx_word' id='word_1_231' title='bbox 532 2467 752 2506; x_wconf 79' lang='lat' dir='ltr'>benignitas...</span> <span class='ocrx_word' id='word_1_232' title='bbox 773 2485 811 2490; x_wconf 91' lang='lat'>—</span> <span class='ocrx_word' id='word_1_233' title='bbox 827 2469 898 2498; x_wconf 89' lang='lat' dir='ltr'>Dat.</span> <span class='ocrx_word' id='word_1_234' title='bbox 915 2470 1000 2509; x_wconf 89' lang='lat' dir='ltr'>apud</span> <span class='ocrx_word' id='word_1_235' title='bbox 1023 2471 1161 2501; x_wconf 88' lang='lat' dir='ltr'>Urbem-</span> 
     </span>
     <span class='ocr_line' id='line_1_36' title="bbox 148 2519 898 2560; baseline 0.001 -12"><span class='ocrx_word' id='word_1_236' title='bbox 148 2523 304 2556; x_wconf 84' lang='lat' dir='ltr'>veterem,</span> <span class='ocrx_word' id='word_1_237' title='bbox 324 2529 343 2549; x_wconf 88' lang='lat' dir='ltr'>v</span> <span class='ocrx_word' id='word_1_238' title='bbox 360 2519 514 2550; x_wconf 83' lang='lat' dir='ltr'>kalendas</span> <span class='ocrx_word' id='word_1_239' title='bbox 530 2521 606 2550; x_wconf 88' lang='lat' dir='ltr'>maii</span> <span class='ocrx_word' id='word_1_240' title='bbox 617 2545 624 2558; x_wconf 90' lang='lat'>,</span> <span class='ocrx_word' id='word_1_241' title='bbox 640 2529 726 2551; x_wconf 88' lang='lat' dir='ltr'>anno</span> <span class='ocrx_word' id='word_1_242' title='bbox 741 2526 865 2560; x_wconf 86' lang='lat' dir='ltr'>quarto.</span> <span class='ocrx_word' id='word_1_243' title='bbox 886 2535 898 2549; x_wconf 72' lang='grc' dir='ltr'>ι»</span> 
     </span>
    </p>
   </div>
   <div class='ocr_carea' id='block_1_12' title="bbox 219 2713 476 2742">
    <p class='ocr_par' dir='ltr' id='par_1_14' title="bbox 219 2713 476 2742">
     <span class='ocr_line' id='line_1_37' title="bbox 219 2713 476 2742; baseline 0.004 -2"><span class='ocrx_word' id='word_1_244' title='bbox 219 2713 476 2742; x_wconf 72' lang='lat'>4883-4889</span> 
     </span>
    </p>
   </div>
   <div class='ocr_carea' id='block_1_13' title="bbox 148 2774 1159 2858">
    <p class='ocr_par' dir='ltr' id='par_1_15' title="bbox 148 2774 1159 2858">
     <span class='ocr_line' id='line_1_38' title="bbox 184 2774 1159 2813; baseline 0.004 -12"><span class='ocrx_word' id='word_1_245' title='bbox 184 2774 305 2810; x_wconf 80' lang='lat' dir='ltr'>Egidius</span> <span class='ocrx_word' id='word_1_246' title='bbox 334 2775 516 2802; x_wconf 84' lang='lat' dir='ltr'>Narbonensi</span> <span class='ocrx_word' id='word_1_247' title='bbox 545 2775 685 2802; x_wconf 86' lang='lat' dir='ltr'>ecclesiae</span> <span class='ocrx_word' id='word_1_248' title='bbox 714 2777 953 2812; x_wconf 82' lang='lat' dir='ltr'>archiepiscopus</span> <span class='ocrx_word' id='word_1_249' title='bbox 985 2778 1159 2813; x_wconf 83' lang='lat' dir='ltr'>praeficitur.</span> 
     </span>
     <span class='ocr_line' id='line_1_39' title="bbox 148 2823 583 2858; baseline -0.002 -7"><span class='ocrx_word' id='word_1_250' title='bbox 148 2823 232 2858; x_wconf 67' lang='lat' dir='ltr'>(Rue.</span> <span class='ocrx_word' id='word_1_251' title='bbox 250 2824 298 2856; x_wconf 72' lang='lat'>46.</span> <span class='ocrx_word' id='word_1_252' title='bbox 315 2832 341 2851; x_wconf 89' lang='lat' dir='ltr'>c.</span> <span class='ocrx_word' id='word_1_253' title='bbox 361 2824 409 2851; x_wconf 72' lang='lat'>¹74</span> <span class='ocrx_word' id='word_1_254' title='bbox 421 2845 427 2856; x_wconf 92' lang='lat'>,</span> <span class='ocrx_word' id='word_1_255' title='bbox 444 2824 461 2851; x_wconf 79' lang='lat' dir='ltr'>f.</span> <span class='ocrx_word' id='word_1_256' title='bbox 481 2823 514 2851; x_wconf 87' lang='grc'>33</span> <span class='ocrx_word' id='word_1_257' title='bbox 531 2825 583 2856; x_wconf 79' lang='grc' dir='ltr'>νο.)</span> 
     </span>
    </p>
   </div>
   <div class='ocr_carea' id='block_1_14' title="bbox 759 2714 1088 2745">
    <p class='ocr_par' dir='ltr' id='par_1_16' title="bbox 759 2714 1088 2745">
     <span class='ocr_line' id='line_1_40' title="bbox 759 2714 1088 2745; baseline 0.003 -4"><span class='ocrx_word' id='word_1_258' title='bbox 759 2714 887 2745; x_wconf 84' lang='lat' dir='ltr'>Orvieto,</span> <span class='ocrx_word' id='word_1_259' title='bbox 904 2715 919 2742; x_wconf 90' lang='lat'>8</span> <span class='ocrx_word' id='word_1_260' title='bbox 937 2716 993 2742; x_wconf 85' lang='lat' dir='ltr'>mai</span> <span class='ocrx_word' id='word_1_261' title='bbox 1012 2715 1088 2743; x_wconf 75' lang='lat'>1291.</span> 
     </span>
    </p>
   </div>
   <div class='ocr_carea' id='block_1_15' title="bbox 195 2925 1159 2966">
    <p class='ocr_par' dir='ltr' id='par_1_17' title="bbox 195 2925 1159 2966">
     <span class='ocr_line' id='line_1_41' title="bbox 195 2925 1159 2966; baseline 0.002 -11"><span class='ocrx_word' id='word_1_262' title='bbox 195 2925 362 2956; x_wconf 79' lang='lat' dir='ltr'>Venerabili</span> <span class='ocrx_word' id='word_1_263' title='bbox 382 2927 478 2963; x_wconf 75' lang='lat' dir='ltr'>fratri</span> <span class='ocrx_word' id='word_1_264' title='bbox 494 2927 618 2964; x_wconf 74' lang='lat' dir='ltr'>Eqidio,</span> <span class='ocrx_word' id='word_1_265' title='bbox 635 2928 857 2966; x_wconf 81' lang='lat' dir='ltr'>archiepiscopo</span> <span class='ocrx_word' id='word_1_266' title='bbox 877 2928 1074 2959; x_wconf 81' lang='lat' dir='ltr'>Narbonensi.</span> <span class='ocrx_word' id='word_1_267' title='bbox 1097 2928 1159 2958; x_wconf 84' lang='lat' dir='ltr'>Va-</span> 
     </span>
    </p>
   </div>
   <div class='ocr_carea' id='block_1_16' title="bbox 1243 317 2260 2325">
    <p class='ocr_par' dir='ltr' id='par_1_18' title="bbox 1247 317 2260 1463">
     <span class='ocr_line' id='line_1_42' title="bbox 1250 317 2255 357; baseline 0.004 -11"><span class='ocrx_word' id='word_1_268' title='bbox 1250 322 1341 346; x_wconf 85' lang='lat' dir='ltr'>cante</span> <span class='ocrx_word' id='word_1_269' title='bbox 1365 326 1419 355; x_wconf 84' lang='lat' dir='ltr'>per</span> <span class='ocrx_word' id='word_1_270' title='bbox 1434 317 1555 347; x_wconf 82' lang='lat' dir='ltr'>obitum</span> <span class='ocrx_word' id='word_1_271' title='bbox 1574 317 1660 347; x_wconf 84' lang='lat' dir='ltr'>Petri</span> <span class='ocrx_word' id='word_1_272' title='bbox 1679 317 1811 347; x_wconf 90' lang='lat' dir='ltr'>ecclesia</span> <span class='ocrx_word' id='word_1_273' title='bbox 1828 317 2045 354; x_wconf 83' lang='lat' dir='ltr'>Narbonensi,</span> <span class='ocrx_word' id='word_1_274' title='bbox 2063 319 2255 357; x_wconf 86' lang='lat' dir='ltr'>capitulum,</span> 
     </span>
     <span class='ocr_line' id='line_1_43' title="bbox 1248 370 2256 411; baseline 0.004 -12"><span class='ocrx_word' id='word_1_275' title='bbox 1248 378 1304 408; x_wconf 85' lang='lat' dir='ltr'>per</span> <span class='ocrx_word' id='word_1_276' title='bbox 1322 371 1407 400; x_wconf 83' lang='lat' dir='ltr'>viam</span> <span class='ocrx_word' id='word_1_277' title='bbox 1424 370 1571 400; x_wconf 85' lang='lat' dir='ltr'>scrutinii</span> <span class='ocrx_word' id='word_1_278' title='bbox 1588 370 1772 408; x_wconf 67' lang='lat' dir='ltr'>mecedem,</span> <span class='ocrx_word' id='word_1_279' title='bbox 1784 371 1958 408; x_wconf 84' lang='lat' dir='ltr'>assumpsit</span> <span class='ocrx_word' id='word_1_280' title='bbox 1974 374 2035 400; x_wconf 87' lang='lat' dir='ltr'>tres</span> <span class='ocrx_word' id='word_1_281' title='bbox 2051 371 2089 401; x_wconf 86' lang='lat' dir='ltr'>de</span> <span class='ocrx_word' id='word_1_282' title='bbox 2105 373 2256 411; x_wconf 84' lang='lat' dir='ltr'>capitulo,</span> 
     </span>
     <span class='ocr_line' id='line_1_44' title="bbox 1249 423 2252 462; baseline 0.003 -10"><span class='ocrx_word' id='word_1_283' title='bbox 1249 423 1303 461; x_wconf 85' lang='lat' dir='ltr'>qui</span> <span class='ocrx_word' id='word_1_284' title='bbox 1327 431 1384 452; x_wconf 86' lang='lat' dir='ltr'>sua</span> <span class='ocrx_word' id='word_1_285' title='bbox 1407 423 1508 461; x_wconf 75' lang='lat' dir='ltr'>primo</span> <span class='ocrx_word' id='word_1_286' title='bbox 1531 428 1561 453; x_wconf 89' lang='lat' dir='ltr'>et</span> <span class='ocrx_word' id='word_1_287' title='bbox 1581 423 1699 453; x_wconf 91' lang='lat' dir='ltr'>deinde</span> <span class='ocrx_word' id='word_1_288' title='bbox 1721 423 1924 462; x_wconf 81' lang='lat' dir='ltr'>singulorum</span> <span class='ocrx_word' id='word_1_289' title='bbox 1945 429 2015 453; x_wconf 89' lang='lat' dir='ltr'>vota</span> <span class='ocrx_word' id='word_1_290' title='bbox 2039 424 2252 462; x_wconf 86' lang='lat' dir='ltr'>publicarunt.</span> 
     </span>
     <span class='ocr_line' id='line_1_45' title="bbox 1250 475 2257 516; baseline 0.005 -13"><span class='ocrx_word' id='word_1_291' title='bbox 1250 487 1263 502; x_wconf 71' lang='grc' dir='ltr'>α</span> <span class='ocrx_word' id='word_1_292' title='bbox 1282 476 1343 506; x_wconf 80' lang='lat' dir='ltr'>Sed</span> <span class='ocrx_word' id='word_1_293' title='bbox 1357 475 1430 506; x_wconf 89' lang='lat' dir='ltr'>licet</span> <span class='ocrx_word' id='word_1_294' title='bbox 1447 476 1552 515; x_wconf 86' lang='lat' dir='ltr'>plures</span> <span class='ocrx_word' id='word_1_295' title='bbox 1565 485 1583 506; x_wconf 88' lang='lat' dir='ltr'>a</span> <span class='ocrx_word' id='word_1_296' title='bbox 1596 476 1764 507; x_wconf 87' lang='lat' dir='ltr'>nonnullis</span> <span class='ocrx_word' id='word_1_297' title='bbox 1780 476 1818 506; x_wconf 90' lang='lat' dir='ltr'>de</span> <span class='ocrx_word' id='word_1_298' title='bbox 1834 477 1918 507; x_wconf 84' lang='lat' dir='ltr'>(licto</span> <span class='ocrx_word' id='word_1_299' title='bbox 1933 477 2070 516; x_wconf 81' lang='lat' dir='ltr'>capitulo</span> <span class='ocrx_word' id='word_1_300' title='bbox 2086 478 2208 507; x_wconf 82' lang='lat' dir='ltr'>fuerint</span> <span class='ocrx_word' id='word_1_301' title='bbox 2222 479 2257 508; x_wconf 90' lang='lat' dir='ltr'>in</span> 
     </span>
     <span class='ocr_line' id='line_1_46' title="bbox 1248 529 2257 565; baseline 0.002 -7"><span class='ocrx_word' id='word_1_302' title='bbox 1248 529 1404 558; x_wconf 86' lang='lat' dir='ltr'>scrutinio</span> <span class='ocrx_word' id='word_1_303' title='bbox 1422 529 1714 565; x_wconf 73' lang='lat' dir='ltr'>nominati‚11ullus</span> <span class='ocrx_word' id='word_1_304' title='bbox 1731 534 1836 559; x_wconf 88' lang='lat' dir='ltr'>tamen</span> <span class='ocrx_word' id='word_1_305' title='bbox 1850 538 1960 559; x_wconf 88' lang='lat' dir='ltr'>eorum</span> <span class='ocrx_word' id='word_1_306' title='bbox 1978 530 2164 560; x_wconf 87' lang='lat' dir='ltr'>nominatus</span> <span class='ocrx_word' id='word_1_307' title='bbox 2179 531 2257 561; x_wconf 85' lang='lat' dir='ltr'>exti-</span> 
     </span>
     <span class='ocr_line' id='line_1_47' title="bbox 1250 582 2256 621; baseline 0.003 -11"><span class='ocrx_word' id='word_1_308' title='bbox 1250 582 1285 611; x_wconf 88' lang='lat' dir='ltr'>tit</span> <span class='ocrx_word' id='word_1_309' title='bbox 1298 591 1316 611; x_wconf 88' lang='lat' dir='ltr'>a</span> <span class='ocrx_word' id='word_1_310' title='bbox 1331 582 1444 620; x_wconf 87' lang='lat' dir='ltr'>majori</span> <span class='ocrx_word' id='word_1_311' title='bbox 1458 587 1544 620; x_wconf 86' lang='lat' dir='ltr'>parte</span> <span class='ocrx_word' id='word_1_312' title='bbox 1561 583 1657 612; x_wconf 83' lang='lat' dir='ltr'>totins</span> <span class='ocrx_word' id='word_1_313' title='bbox 1672 582 1803 621; x_wconf 87' lang='lat' dir='ltr'>capituli</span> <span class='ocrx_word' id='word_1_314' title='bbox 1819 582 2004 621; x_wconf 78' lang='lat' dir='ltr'>supradicti.</span> <span class='ocrx_word' id='word_1_315' title='bbox 2021 595 2036 609; x_wconf 92' lang='lat'>»</span> <span class='ocrx_word' id='word_1_316' title='bbox 2050 583 2256 613; x_wconf 86' lang='lat' dir='ltr'>Postmodum</span> 
     </span>
     <span class='ocr_line' id='line_1_48' title="bbox 1247 634 2259 675; baseline 0.003 -11"><span class='ocrx_word' id='word_1_317' title='bbox 1247 639 1356 664; x_wconf 84' lang='lat' dir='ltr'>autem</span> <span class='ocrx_word' id='word_1_318' title='bbox 1372 634 1561 673; x_wconf 76' lang='lat' dir='ltr'>eapiiulum,</span> <span class='ocrx_word' id='word_1_319' title='bbox 1577 641 1646 674; x_wconf 84' lang='lat' dir='ltr'>post</span> <span class='ocrx_word' id='word_1_320' title='bbox 1661 636 1803 666; x_wconf 86' lang='lat' dir='ltr'>diversos</span> <span class='ocrx_word' id='word_1_321' title='bbox 1819 640 1970 666; x_wconf 87' lang='lat' dir='ltr'>tractatus</span> <span class='ocrx_word' id='word_1_322' title='bbox 1985 645 2080 675; x_wconf 89' lang='lat' dir='ltr'>super</span> <span class='ocrx_word' id='word_1_323' title='bbox 2096 637 2154 667; x_wconf 91' lang='lat' dir='ltr'>hoc</span> <span class='ocrx_word' id='word_1_324' title='bbox 2170 637 2259 667; x_wconf 86' lang='lat' dir='ltr'>habi-</span> 
     </span>
     <span class='ocr_line' id='line_1_49' title="bbox 1249 688 2257 728; baseline 0.003 -10"><span class='ocrx_word' id='word_1_325' title='bbox 1249 693 1304 723; x_wconf 87' lang='lat' dir='ltr'>tos,</span> <span class='ocrx_word' id='word_1_326' title='bbox 1318 697 1380 718; x_wconf 93' lang='lat' dir='ltr'>non</span> <span class='ocrx_word' id='word_1_327' title='bbox 1398 688 1531 718; x_wconf 85' lang='lat' dir='ltr'>credens</span> <span class='ocrx_word' id='word_1_328' title='bbox 1545 698 1634 728; x_wconf 85' lang='lat' dir='ltr'>posse</span> <span class='ocrx_word' id='word_1_329' title='bbox 1651 690 1807 728; x_wconf 85' lang='lat' dir='ltr'>provideri</span> <span class='ocrx_word' id='word_1_330' title='bbox 1824 690 2023 720; x_wconf 85' lang='lat' dir='ltr'>concorditer</span> <span class='ocrx_word' id='word_1_331' title='bbox 2038 691 2142 720; x_wconf 86' lang='lat' dir='ltr'>eidem</span> <span class='ocrx_word' id='word_1_332' title='bbox 2160 691 2257 721; x_wconf 85' lang='lat' dir='ltr'>eccle-</span> 
     </span>
     <span class='ocr_line' id='line_1_50' title="bbox 1248 741 2257 781; baseline 0.004 -11"><span class='ocrx_word' id='word_1_333' title='bbox 1248 742 1328 777; x_wconf 83' lang='lat' dir='ltr'>siae,</span> <span class='ocrx_word' id='word_1_334' title='bbox 1353 741 1464 770; x_wconf 88' lang='lat' dir='ltr'>statuit</span> <span class='ocrx_word' id='word_1_335' title='bbox 1486 746 1519 771; x_wconf 87' lang='lat' dir='ltr'>ut</span> <span class='ocrx_word' id='word_1_336' title='bbox 1541 742 1684 780; x_wconf 87' lang='lat' dir='ltr'>ejusdem</span> <span class='ocrx_word' id='word_1_337' title='bbox 1710 742 1873 772; x_wconf 85' lang='lat' dir='ltr'>electionis</span> <span class='ocrx_word' id='word_1_338' title='bbox 1898 743 2062 781; x_wconf 83' lang='lat' dir='ltr'>negotium</span> <span class='ocrx_word' id='word_1_339' title='bbox 2084 744 2123 773; x_wconf 90' lang='lat' dir='ltr'>ad</span> <span class='ocrx_word' id='word_1_340' title='bbox 2149 744 2257 774; x_wconf 89' lang='lat' dir='ltr'>sedem</span> 
     </span>
     <span class='ocr_line' id='line_1_51' title="bbox 1247 794 2257 836; baseline 0.004 -12"><span class='ocrx_word' id='word_1_341' title='bbox 1247 794 1451 834; x_wconf 86' lang='lat' dir='ltr'>apostolicam</span> <span class='ocrx_word' id='word_1_342' title='bbox 1471 795 1658 829; x_wconf 81' lang='lat' dir='ltr'>referretur,</span> <span class='ocrx_word' id='word_1_343' title='bbox 1679 795 1753 825; x_wconf 78' lang='lat' dir='ltr'>licet</span> <span class='ocrx_word' id='word_1_344' title='bbox 1768 800 1946 834; x_wconf 82' lang='lat' dir='ltr'>superesset</span> <span class='ocrx_word' id='word_1_345' title='bbox 1961 797 2000 826; x_wconf 91' lang='lat' dir='ltr'>de</span> <span class='ocrx_word' id='word_1_346' title='bbox 2017 802 2156 836; x_wconf 84' lang='lat' dir='ltr'>tempore</span> <span class='ocrx_word' id='word_1_347' title='bbox 2172 798 2257 828; x_wconf 75' lang='lat' dir='ltr'>infra</span> 
     </span>
     <span class='ocr_line' id='line_1_52' title="bbox 1247 848 2256 888; baseline 0.004 -11"><span class='ocrx_word' id='word_1_348' title='bbox 1247 848 1331 887; x_wconf 90' lang='lat' dir='ltr'>qnod</span> <span class='ocrx_word' id='word_1_349' title='bbox 1349 848 1512 886; x_wconf 86' lang='lat' dir='ltr'>negotium</span> <span class='ocrx_word' id='word_1_350' title='bbox 1527 850 1652 878; x_wconf 84' lang='lat' dir='ltr'>tractari</span> <span class='ocrx_word' id='word_1_351' title='bbox 1670 854 1781 887; x_wconf 75' lang='lat' dir='ltr'>posset,</span> <span class='ocrx_word' id='word_1_352' title='bbox 1796 850 1905 888; x_wconf 82' lang='lat' dir='ltr'>sicque</span> <span class='ocrx_word' id='word_1_353' title='bbox 1919 851 2083 888; x_wconf 80' lang='lat' dir='ltr'>negotium</span> <span class='ocrx_word' id='word_1_354' title='bbox 2096 852 2135 880; x_wconf 88' lang='lat' dir='ltr'>ad</span> <span class='ocrx_word' id='word_1_355' title='bbox 2149 852 2256 882; x_wconf 87' lang='lat' dir='ltr'>Hono-</span> 
     </span>
     <span class='ocr_line' id='line_1_53' title="bbox 1248 902 2258 941; baseline 0.004 -11"><span class='ocrx_word' id='word_1_356' title='bbox 1248 902 1332 931; x_wconf 89' lang='lat' dir='ltr'>rium</span> <span class='ocrx_word' id='word_1_357' title='bbox 1352 909 1464 939; x_wconf 83' lang='lat' dir='ltr'>papam</span> <span class='ocrx_word' id='word_1_358' title='bbox 1489 902 1660 931; x_wconf 86' lang='lat' dir='ltr'>remissum</span> <span class='ocrx_word' id='word_1_359' title='bbox 1681 906 1747 938; x_wconf 85' lang='lat' dir='ltr'>est,</span> <span class='ocrx_word' id='word_1_360' title='bbox 1771 902 1826 940; x_wconf 85' lang='lat' dir='ltr'>qui</span> <span class='ocrx_word' id='word_1_361' title='bbox 1853 902 1892 931; x_wconf 87' lang='lat' dir='ltr'>de</span> <span class='ocrx_word' id='word_1_362' title='bbox 1918 903 2081 940; x_wconf 86' lang='lat' dir='ltr'>quondam</span> <span class='ocrx_word' id='word_1_363' title='bbox 2103 905 2258 941; x_wconf 83' lang='lat' dir='ltr'>magistro</span> 
     </span>
     <span class='ocr_line' id='line_1_54' title="bbox 1248 954 2257 993; baseline 0.004 -10"><span class='ocrx_word' id='word_1_364' title='bbox 1248 954 1410 984; x_wconf 83' lang='lat' dir='ltr'>Adennlfo</span> <span class='ocrx_word' id='word_1_365' title='bbox 1421 954 1459 983; x_wconf 88' lang='lat' dir='ltr'>de</span> <span class='ocrx_word' id='word_1_366' title='bbox 1470 954 1634 992; x_wconf 82' lang='lat' dir='ltr'>Anagnia,</span> <span class='ocrx_word' id='word_1_367' title='bbox 1647 959 1721 984; x_wconf 87' lang='lat' dir='ltr'>tunc</span> <span class='ocrx_word' id='word_1_368' title='bbox 1734 955 1910 993; x_wconf 86' lang='lat' dir='ltr'>praeposito</span> <span class='ocrx_word' id='word_1_369' title='bbox 1925 955 2076 985; x_wconf 83' lang='lat' dir='ltr'>ecclesiae</span> <span class='ocrx_word' id='word_1_370' title='bbox 2090 957 2128 986; x_wconf 88' lang='lat' dir='ltr'>de</span> <span class='ocrx_word' id='word_1_371' title='bbox 2141 957 2257 988; x_wconf 86' lang='lat' dir='ltr'>Sancto</span> 
     </span>
     <span class='ocr_line' id='line_1_55' title="bbox 1248 1006 2257 1043; baseline 0.002 -8"><span class='ocrx_word' id='word_1_372' title='bbox 1248 1006 1451 1042; x_wconf 88' lang='lat' dir='ltr'>Audomaro,</span> <span class='ocrx_word' id='word_1_373' title='bbox 1471 1006 1665 1036; x_wconf 84' lang='lat' dir='ltr'>Morinensis</span> <span class='ocrx_word' id='word_1_374' title='bbox 1690 1007 1859 1043; x_wconf 79' lang='lat' dir='ltr'>dioecesis,</span> <span class='ocrx_word' id='word_1_375' title='bbox 1880 1006 2032 1036; x_wconf 84' lang='lat' dir='ltr'>ecclesiae</span> <span class='ocrx_word' id='word_1_376' title='bbox 2053 1007 2257 1038; x_wconf 82' lang='lat' dir='ltr'>Narbonensi</span> 
     </span>
     <span class='ocr_line' id='line_1_56' title="bbox 1248 1060 2258 1099; baseline 0.002 -10"><span class='ocrx_word' id='word_1_377' title='bbox 1248 1060 1398 1099; x_wconf 80' lang='lat' dir='ltr'>providit.</span> <span class='ocrx_word' id='word_1_378' title='bbox 1430 1060 1492 1089; x_wconf 87' lang='lat' dir='ltr'>Sed</span> <span class='ocrx_word' id='word_1_379' title='bbox 1522 1060 1699 1090; x_wconf 83' lang='lat' dir='ltr'>Adinulsns</span> <span class='ocrx_word' id='word_1_380' title='bbox 1731 1069 1764 1090; x_wconf 92' lang='lat' dir='ltr'>se</span> <span class='ocrx_word' id='word_1_381' title='bbox 1793 1060 1970 1097; x_wconf 79' lang='lat' dir='ltr'>excusavit,</span> <span class='ocrx_word' id='word_1_382' title='bbox 2001 1061 2134 1099; x_wconf 85' lang='lat' dir='ltr'>ejusque</span> <span class='ocrx_word' id='word_1_383' title='bbox 2164 1070 2258 1091; x_wconf 84' lang='lat' dir='ltr'>excu-</span> 
     </span>
     <span class='ocr_line' id='line_1_57' title="bbox 1248 1113 2260 1152; baseline 0.001 -10"><span class='ocrx_word' id='word_1_384' title='bbox 1248 1113 1371 1143; x_wconf 84' lang='lat' dir='ltr'>satione</span> <span class='ocrx_word' id='word_1_385' title='bbox 1395 1117 1537 1151; x_wconf 85' lang='lat' dir='ltr'>accepta,</span> <span class='ocrx_word' id='word_1_386' title='bbox 1563 1114 1724 1143; x_wconf 86' lang='lat' dir='ltr'>Honorius</span> <span class='ocrx_word' id='word_1_387' title='bbox 1748 1118 1848 1143; x_wconf 85' lang='lat' dir='ltr'>morte</span> <span class='ocrx_word' id='word_1_388' title='bbox 1875 1118 2066 1152; x_wconf 83' lang='lat' dir='ltr'>praeventus</span> <span class='ocrx_word' id='word_1_389' title='bbox 2091 1114 2260 1152; x_wconf 86' lang='lat' dir='ltr'>providere</span> 
     </span>
     <span class='ocr_line' id='line_1_58' title="bbox 1248 1166 2255 1206; baseline -0.001 -9"><span class='ocrx_word' id='word_1_390' title='bbox 1248 1167 1399 1197; x_wconf 89' lang='lat' dir='ltr'>ecclesiae</span> <span class='ocrx_word' id='word_1_391' title='bbox 1433 1175 1499 1197; x_wconf 92' lang='lat' dir='ltr'>non</span> <span class='ocrx_word' id='word_1_392' title='bbox 1538 1167 1648 1206; x_wconf 87' lang='lat' dir='ltr'>potuit.</span> <span class='ocrx_word' id='word_1_393' title='bbox 1683 1167 1789 1203; x_wconf 85' lang='lat' dir='ltr'>Quare</span> <span class='ocrx_word' id='word_1_394' title='bbox 1826 1166 1976 1197; x_wconf 85' lang='lat' dir='ltr'>Nicolaus</span> <span class='ocrx_word' id='word_1_395' title='bbox 2011 1175 2090 1205; x_wconf 82' lang='lat' dir='ltr'>papa</span> <span class='ocrx_word' id='word_1_396' title='bbox 2126 1167 2255 1197; x_wconf 82' lang='lat' dir='ltr'>fratrem</span> 
     </span>
     <span class='ocr_line' id='line_1_59' title="bbox 1250 1220 2258 1259; baseline 0.001 -10"><span class='ocrx_word' id='word_1_397' title='bbox 1250 1220 1418 1259; x_wconf 80' lang='lat' dir='ltr'>Egidium,</span> <span class='ocrx_word' id='word_1_398' title='bbox 1449 1224 1524 1250; x_wconf 86' lang='lat' dir='ltr'>tunc</span> <span class='ocrx_word' id='word_1_399' title='bbox 1551 1220 1766 1259; x_wconf 88' lang='lat' dir='ltr'>praepositum</span> <span class='ocrx_word' id='word_1_400' title='bbox 1793 1220 1945 1250; x_wconf 88' lang='lat' dir='ltr'>ecclesiae</span> <span class='ocrx_word' id='word_1_401' title='bbox 1968 1220 2258 1257; x_wconf 86' lang='lat' dir='ltr'>Claromontensis,</span> 
     </span>
     <span class='ocr_line' id='line_1_60' title="bbox 1249 1273 2258 1312; baseline -0.001 -8"><span class='ocrx_word' id='word_1_402' title='bbox 1249 1273 1453 1304; x_wconf 86' lang='lat' dir='ltr'>Narbonensi</span> <span class='ocrx_word' id='word_1_403' title='bbox 1481 1273 1634 1303; x_wconf 89' lang='lat' dir='ltr'>ecclesiae</span> <span class='ocrx_word' id='word_1_404' title='bbox 1661 1273 1938 1312; x_wconf 85' lang='lat' dir='ltr'>archiepiscopum</span> <span class='ocrx_word' id='word_1_405' title='bbox 1968 1273 2120 1312; x_wconf 79' lang='lat' dir='ltr'>praefecit</span> <span class='ocrx_word' id='word_1_406' title='bbox 2148 1278 2178 1303; x_wconf 90' lang='lat' dir='ltr'>et</span> <span class='ocrx_word' id='word_1_407' title='bbox 2208 1273 2258 1303; x_wconf 90' lang='lat' dir='ltr'>illi</span> 
     </span>
     <span class='ocr_line' id='line_1_61' title="bbox 1248 1326 2259 1366; baseline 0 -10"><span class='ocrx_word' id='word_1_408' title='bbox 1248 1331 1376 1366; x_wconf 83' lang='lat' dir='ltr'>propter</span> <span class='ocrx_word' id='word_1_409' title='bbox 1409 1326 1469 1356; x_wconf 89' lang='lat' dir='ltr'>hoc</span> <span class='ocrx_word' id='word_1_410' title='bbox 1498 1327 1539 1356; x_wconf 87' lang='lat' dir='ltr'>ad</span> <span class='ocrx_word' id='word_1_411' title='bbox 1570 1327 1677 1356; x_wconf 87' lang='lat' dir='ltr'>sedem</span> <span class='ocrx_word' id='word_1_412' title='bbox 1710 1327 1913 1365; x_wconf 85' lang='lat' dir='ltr'>apostolicam</span> <span class='ocrx_word' id='word_1_413' title='bbox 1943 1326 2105 1356; x_wconf 86' lang='lat' dir='ltr'>accedenti</span> <span class='ocrx_word' id='word_1_414' title='bbox 2138 1335 2259 1357; x_wconf 88' lang='lat' dir='ltr'>munus</span> 
     </span>
     <span class='ocr_line' id='line_1_62' title="bbox 1248 1379 2257 1419; baseline -0.001 -9"><span class='ocrx_word' id='word_1_415' title='bbox 1248 1380 1496 1411; x_wconf 83' lang='lat' dir='ltr'>consecrationis</span> <span class='ocrx_word' id='word_1_416' title='bbox 1519 1388 1574 1418; x_wconf 90' lang='lat' dir='ltr'>per</span> <span class='ocrx_word' id='word_1_417' title='bbox 1593 1379 1646 1416; x_wconf 91' lang='lat' dir='ltr'>G.,</span> <span class='ocrx_word' id='word_1_418' title='bbox 1664 1380 1847 1419; x_wconf 85' lang='lat' dir='ltr'>episcopum</span> <span class='ocrx_word' id='word_1_419' title='bbox 1871 1379 2100 1415; x_wconf 76' lang='lat' dir='ltr'>sabinensem,</span> <span class='ocrx_word' id='word_1_420' title='bbox 2119 1379 2257 1409; x_wconf 84' lang='lat' dir='ltr'>conferri</span> 
     </span>
     <span class='ocr_line' id='line_1_63' title="bbox 1248 1434 1334 1463; baseline 0 0"><span class='ocrx_word' id='word_1_421' title='bbox 1248 1434 1334 1463; x_wconf 82' lang='lat' dir='ltr'>facit.</span> 
     </span>
    </p>

    <p class='ocr_par' dir='ltr' id='par_1_19' title="bbox 1248 1485 2258 1578">
     <span class='ocr_line' id='line_1_64' title="bbox 1290 1485 2258 1525; baseline 0.002 -12"><span class='ocrx_word' id='word_1_422' title='bbox 1290 1499 1303 1513; x_wconf 66' lang='grc' dir='ltr'>«ι</span> <span class='ocrx_word' id='word_1_423' title='bbox 1330 1486 1380 1516; x_wconf 83' lang='lat' dir='ltr'>Ad</span> <span class='ocrx_word' id='word_1_424' title='bbox 1398 1485 1592 1516; x_wconf 82' lang='lat' dir='ltr'>universalis</span> <span class='ocrx_word' id='word_1_425' title='bbox 1607 1485 1778 1516; x_wconf 83' lang='lat' dir='ltr'>ecclesie...</span> <span class='ocrx_word' id='word_1_426' title='bbox 1795 1502 1835 1507; x_wconf 91' lang='lat'><strong>—</strong></span> <span class='ocrx_word' id='word_1_427' title='bbox 1850 1486 1921 1515; x_wconf 86' lang='lat' dir='ltr'>Dat.</span> <span class='ocrx_word' id='word_1_428' title='bbox 1941 1485 2025 1525; x_wconf 91' lang='lat' dir='ltr'>apud</span> <span class='ocrx_word' id='word_1_429' title='bbox 2048 1486 2258 1516; x_wconf 86' lang='lat' dir='ltr'>Urbemvete-</span> 
     </span>
     <span class='ocr_line' id='line_1_65' title="bbox 1248 1539 1876 1578; baseline -0.003 -9"><span class='ocrx_word' id='word_1_430' title='bbox 1248 1549 1315 1570; x_wconf 86' lang='lat' dir='ltr'>rem</span> <span class='ocrx_word' id='word_1_431' title='bbox 1326 1563 1333 1577; x_wconf 90' lang='lat'><em>‚</em></span> <span class='ocrx_word' id='word_1_432' title='bbox 1348 1549 1404 1569; x_wconf 84' lang='lat' dir='ltr'>vni</span> <span class='ocrx_word' id='word_1_433' title='bbox 1420 1539 1493 1569; x_wconf 90' lang='lat' dir='ltr'>idus</span> <span class='ocrx_word' id='word_1_434' title='bbox 1510 1539 1604 1577; x_wconf 88' lang='lat' dir='ltr'>maii,</span> <span class='ocrx_word' id='word_1_435' title='bbox 1619 1548 1705 1569; x_wconf 89' lang='lat' dir='ltr'>anno</span> <span class='ocrx_word' id='word_1_436' title='bbox 1719 1544 1842 1578; x_wconf 86' lang='lat' dir='ltr'>quarto.</span> <span class='ocrx_word' id='word_1_437' title='bbox 1862 1551 1876 1566; x_wconf 70' lang='lat' dir='ltr'>n</span> 
     </span>
    </p>

    <p class='ocr_par' dir='ltr' id='par_1_20' title="bbox 1248 1592 2259 1685">
     <span class='ocr_line' id='line_1_66' title="bbox 1288 1592 2259 1632; baseline -0.001 -9"><span class='ocrx_word' id='word_1_438' title='bbox 1288 1594 1326 1623; x_wconf 90' lang='lat' dir='ltr'>In</span> <span class='ocrx_word' id='word_1_439' title='bbox 1347 1603 1375 1624; x_wconf 90' lang='lat' dir='ltr'>e.</span> <span class='ocrx_word' id='word_1_440' title='bbox 1399 1603 1442 1623; x_wconf 91' lang='lat' dir='ltr'>m.</span> <span class='ocrx_word' id='word_1_441' title='bbox 1471 1593 1610 1632; x_wconf 85' lang='lat' dir='ltr'>capitulo</span> <span class='ocrx_word' id='word_1_442' title='bbox 1635 1593 1785 1623; x_wconf 88' lang='lat' dir='ltr'>ecclesiae</span> <span class='ocrx_word' id='word_1_443' title='bbox 1814 1593 2036 1623; x_wconf 86' lang='lat' dir='ltr'>Narbonensis</span> <span class='ocrx_word' id='word_1_444' title='bbox 2064 1592 2195 1622; x_wconf 87' lang='lat' dir='ltr'>mandat</span> <span class='ocrx_word' id='word_1_445' title='bbox 2224 1597 2259 1622; x_wconf 86' lang='lat' dir='ltr'>ut</span> 
     </span>
     <span class='ocr_line' id='line_1_67' title="bbox 1248 1646 2170 1685; baseline -0.002 -8"><span class='ocrx_word' id='word_1_446' title='bbox 1248 1646 1353 1677; x_wconf 86' lang='lat' dir='ltr'>eidem</span> <span class='ocrx_word' id='word_1_447' title='bbox 1368 1646 1609 1685; x_wconf 87' lang='lat' dir='ltr'>archiepiscopo</span> <span class='ocrx_word' id='word_1_448' title='bbox 1624 1646 1764 1676; x_wconf 84' lang='lat' dir='ltr'>debitam</span> <span class='ocrx_word' id='word_1_449' title='bbox 1781 1646 1997 1676; x_wconf 88' lang='lat' dir='ltr'>obedientiam</span> <span class='ocrx_word' id='word_1_450' title='bbox 2015 1646 2170 1685; x_wconf 86' lang='lat' dir='ltr'>praebeat.</span> 
     </span>
    </p>

    <p class='ocr_par' dir='ltr' id='par_1_21' title="bbox 1288 1699 1775 1730">
     <span class='ocr_line' id='line_1_68' title="bbox 1288 1699 1775 1730; baseline -0.002 0"><span class='ocrx_word' id='word_1_451' title='bbox 1288 1700 1326 1730; x_wconf 88' lang='lat' dir='ltr'>In</span> <span class='ocrx_word' id='word_1_452' title='bbox 1343 1709 1370 1730; x_wconf 90' lang='lat' dir='ltr'>e.</span> <span class='ocrx_word' id='word_1_453' title='bbox 1391 1709 1435 1730; x_wconf 87' lang='lat' dir='ltr'>m.</span> <span class='ocrx_word' id='word_1_454' title='bbox 1456 1699 1540 1730; x_wconf 88' lang='lat' dir='ltr'>clero</span> <span class='ocrx_word' id='word_1_455' title='bbox 1557 1700 1775 1730; x_wconf 87' lang='lat' dir='ltr'>Narbonensi.</span> 
     </span>
    </p>

    <p class='ocr_par' dir='ltr' id='par_1_22' title="bbox 1287 1753 2184 1792">
     <span class='ocr_line' id='line_1_69' title="bbox 1287 1753 2184 1792; baseline -0.001 -9"><span class='ocrx_word' id='word_1_456' title='bbox 1287 1755 1326 1784; x_wconf 91' lang='lat' dir='ltr'>In</span> <span class='ocrx_word' id='word_1_457' title='bbox 1344 1763 1370 1784; x_wconf 91' lang='lat' dir='ltr'>e.</span> <span class='ocrx_word' id='word_1_458' title='bbox 1391 1763 1435 1783; x_wconf 89' lang='lat' dir='ltr'>m.</span> <span class='ocrx_word' id='word_1_459' title='bbox 1454 1753 1568 1792; x_wconf 89' lang='lat' dir='ltr'>populo</span> <span class='ocrx_word' id='word_1_460' title='bbox 1584 1753 1723 1783; x_wconf 87' lang='lat' dir='ltr'>civitatis</span> <span class='ocrx_word' id='word_1_461' title='bbox 1740 1758 1770 1782; x_wconf 81' lang='lat' dir='ltr'>et</span> <span class='ocrx_word' id='word_1_462' title='bbox 1783 1753 1937 1783; x_wconf 87' lang='lat' dir='ltr'>dioecesis</span> <span class='ocrx_word' id='word_1_463' title='bbox 1954 1753 2184 1782; x_wconf 84' lang='lat' dir='ltr'>Narbonensis.</span> 
     </span>
    </p>

    <p class='ocr_par' dir='ltr' id='par_1_23' title="bbox 1246 1805 2258 1953">
     <span class='ocr_line' id='line_1_70' title="bbox 1286 1805 2258 1838; baseline -0.003 -1"><span class='ocrx_word' id='word_1_464' title='bbox 1286 1808 1326 1837; x_wconf 90' lang='lat' dir='ltr'>In</span> <span class='ocrx_word' id='word_1_465' title='bbox 1357 1816 1384 1838; x_wconf 91' lang='lat' dir='ltr'>e.</span> <span class='ocrx_word' id='word_1_466' title='bbox 1417 1816 1461 1838; x_wconf 92' lang='lat' dir='ltr'>m.</span> <span class='ocrx_word' id='word_1_467' title='bbox 1492 1807 1653 1837; x_wconf 85' lang='lat' dir='ltr'>universis</span> <span class='ocrx_word' id='word_1_468' title='bbox 1680 1806 1824 1836; x_wconf 83' lang='lat' dir='ltr'>vassallis</span> <span class='ocrx_word' id='word_1_469' title='bbox 1854 1806 2004 1836; x_wconf 86' lang='lat' dir='ltr'>ecclesiae</span> <span class='ocrx_word' id='word_1_470' title='bbox 2036 1805 2258 1836; x_wconf 87' lang='lat' dir='ltr'>Narbonensis</span> 
     </span>
     <span class='ocr_line' id='line_1_71' title="bbox 1246 1859 2257 1899; baseline -0.004 -8"><span class='ocrx_word' id='word_1_471' title='bbox 1246 1861 1378 1891; x_wconf 87' lang='lat' dir='ltr'>mandat</span> <span class='ocrx_word' id='word_1_472' title='bbox 1403 1865 1437 1891; x_wconf 88' lang='lat' dir='ltr'>ut</span> <span class='ocrx_word' id='word_1_473' title='bbox 1461 1861 1566 1891; x_wconf 90' lang='lat' dir='ltr'>eidem</span> <span class='ocrx_word' id='word_1_474' title='bbox 1590 1860 1829 1899; x_wconf 85' lang='lat' dir='ltr'>archiepiscopo</span> <span class='ocrx_word' id='word_1_475' title='bbox 1851 1860 1956 1890; x_wconf 89' lang='lat' dir='ltr'>debita</span> <span class='ocrx_word' id='word_1_476' title='bbox 1981 1859 2143 1889; x_wconf 84' lang='lat' dir='ltr'>fidelitatis</span> <span class='ocrx_word' id='word_1_477' title='bbox 2170 1859 2257 1897; x_wconf 83' lang='lat' dir='ltr'>jura-</span> 
     </span>
     <span class='ocr_line' id='line_1_72' title="bbox 1246 1907 1748 1953; baseline -0.004 -8"><span class='ocrx_word' id='word_1_478' title='bbox 1246 1907 1354 1946; x_wconf 79' lang='lat' dir='ltr'>menta</span> <span class='ocrx_word' id='word_1_479' title='bbox 1370 1919 1400 1945; x_wconf 76' lang='lat' dir='ltr'>et</span> <span class='ocrx_word' id='word_1_480' title='bbox 1417 1915 1549 1945; x_wconf 87' lang='lat' dir='ltr'>servitia</span> <span class='ocrx_word' id='word_1_481' title='bbox 1565 1915 1748 1953; x_wconf 86' lang='lat' dir='ltr'>praebeant.</span> 
     </span>
    </p>

    <p class='ocr_par' dir='ltr' id='par_1_24' title="bbox 1246 1965 2256 2106">
     <span class='ocr_line' id='line_1_73' title="bbox 1286 1965 2256 2004; baseline -0.005 -5"><span class='ocrx_word' id='word_1_482' title='bbox 1286 1969 1323 1999; x_wconf 92' lang='lat' dir='ltr'>ln</span> <span class='ocrx_word' id='word_1_483' title='bbox 1341 1978 1368 1998; x_wconf 87' lang='lat' dir='ltr'>e.</span> <span class='ocrx_word' id='word_1_484' title='bbox 1388 1977 1431 1998; x_wconf 89' lang='lat' dir='ltr'>m.</span> <span class='ocrx_word' id='word_1_485' title='bbox 1447 1968 1608 1997; x_wconf 88' lang='lat' dir='ltr'>universis</span> <span class='ocrx_word' id='word_1_486' title='bbox 1630 1967 1842 2004; x_wconf 79' lang='lat' dir='ltr'>suffraganeis</span> <span class='ocrx_word' id='word_1_487' title='bbox 1864 1965 2016 1996; x_wconf 87' lang='lat' dir='ltr'>ecclesiae</span> <span class='ocrx_word' id='word_1_488' title='bbox 2038 1965 2256 1995; x_wconf 84' lang='lat' dir='ltr'>Narbonensis</span> 
     </span>
     <span class='ocr_line' id='line_1_74' title="bbox 1246 2018 2256 2059; baseline -0.005 -7"><span class='ocrx_word' id='word_1_489' title='bbox 1246 2022 1378 2052; x_wconf 90' lang='lat' dir='ltr'>mandat</span> <span class='ocrx_word' id='word_1_490' title='bbox 1402 2025 1437 2051; x_wconf 87' lang='lat' dir='ltr'>ut</span> <span class='ocrx_word' id='word_1_491' title='bbox 1462 2020 1606 2059; x_wconf 81' lang='lat' dir='ltr'>ejusdem</span> <span class='ocrx_word' id='word_1_492' title='bbox 1631 2019 1862 2058; x_wconf 84' lang='lat' dir='ltr'>archiepiscopi</span> <span class='ocrx_word' id='word_1_493' title='bbox 1886 2018 2046 2048; x_wconf 83' lang='lat' dir='ltr'>mandatis</span> <span class='ocrx_word' id='word_1_494' title='bbox 2071 2022 2101 2048; x_wconf 91' lang='lat' dir='ltr'>et</span> <span class='ocrx_word' id='word_1_495' title='bbox 2124 2018 2256 2047; x_wconf 89' lang='lat' dir='ltr'>monitis</span> 
     </span>
     <span class='ocr_line' id='line_1_75' title="bbox 1246 2075 1425 2106; baseline -0.017 0"><span class='ocrx_word' id='word_1_496' title='bbox 1246 2075 1425 2106; x_wconf 88' lang='lat' dir='ltr'>intendant.</span> 
     </span>
    </p>

    <p class='ocr_par' dir='ltr' id='par_1_25' title="bbox 1243 2123 2254 2274">
     <span class='ocr_line' id='line_1_76' title="bbox 1286 2123 2254 2164; baseline -0.006 -6"><span class='ocrx_word' id='word_1_497' title='bbox 1286 2129 1323 2158; x_wconf 92' lang='lat' dir='ltr'>In</span> <span class='ocrx_word' id='word_1_498' title='bbox 1341 2137 1367 2158; x_wconf 93' lang='lat' dir='ltr'>e.</span> <span class='ocrx_word' id='word_1_499' title='bbox 1390 2137 1432 2156; x_wconf 90' lang='lat' dir='ltr'>m.</span> <span class='ocrx_word' id='word_1_500' title='bbox 1454 2126 1639 2164; x_wconf 83' lang='lat' dir='ltr'>Philippum</span> <span class='ocrx_word' id='word_1_501' title='bbox 1655 2150 1662 2162; x_wconf 93' lang='lat'>,</span> <span class='ocrx_word' id='word_1_502' title='bbox 1683 2134 1789 2162; x_wconf 82' lang='lat' dir='ltr'>regem</span> <span class='ocrx_word' id='word_1_503' title='bbox 1812 2125 2006 2154; x_wconf 88' lang='lat' dir='ltr'>Francorum</span> <span class='ocrx_word' id='word_1_504' title='bbox 2021 2147 2028 2160; x_wconf 83' lang='lat'>,</span> <span class='ocrx_word' id='word_1_505' title='bbox 2047 2128 2136 2162; x_wconf 83' lang='lat' dir='ltr'>rogat</span> <span class='ocrx_word' id='word_1_506' title='bbox 2151 2123 2254 2153; x_wconf 88' lang='lat' dir='ltr'>eidem</span> 
     </span>
     <span class='ocr_line' id='line_1_77' title="bbox 1243 2176 2253 2220; baseline -0.006 -8"><span class='ocrx_word' id='word_1_507' title='bbox 1243 2182 1493 2220; x_wconf 78' lang='lat' dir='ltr'>archiepiscopo,</span> <span class='ocrx_word' id='word_1_508' title='bbox 1508 2187 1663 2217; x_wconf 84' lang='lat' dir='ltr'>germano</span> <span class='ocrx_word' id='word_1_509' title='bbox 1683 2178 1842 2216; x_wconf 74' lang='lat' dir='ltr'>lingonis,</span> <span class='ocrx_word' id='word_1_510' title='bbox 1862 2177 1947 2207; x_wconf 85' lang='lat' dir='ltr'>tituli</span> <span class='ocrx_word' id='word_1_511' title='bbox 1966 2177 2099 2207; x_wconf 79' lang='lat' dir='ltr'>Sanctae</span> <span class='ocrx_word' id='word_1_512' title='bbox 2116 2176 2253 2206; x_wconf 87' lang='lat' dir='ltr'>Sabinae</span> 
     </span>
     <span class='ocr_line' id='line_1_78' title="bbox 1244 2230 2050 2274; baseline -0.007 -9"><span class='ocrx_word' id='word_1_513' title='bbox 1244 2234 1423 2274; x_wconf 76' lang='lat' dir='ltr'>presbyteri</span> <span class='ocrx_word' id='word_1_514' title='bbox 1440 2231 1628 2268; x_wconf 86' lang='lat' dir='ltr'>cardinalis,</span> <span class='ocrx_word' id='word_1_515' title='bbox 1646 2241 1679 2262; x_wconf 90' lang='lat' dir='ltr'>se</span> <span class='ocrx_word' id='word_1_516' title='bbox 1694 2231 1871 2269; x_wconf 81' lang='lat' dir='ltr'>benignum</span> <span class='ocrx_word' id='word_1_517' title='bbox 1889 2230 2050 2269; x_wconf 88' lang='lat' dir='ltr'>praebere.</span> 
     </span>
    </p>

    <p class='ocr_par' dir='ltr' id='par_1_26' title="bbox 1287 2284 2143 2325">
     <span class='ocr_line' id='line_1_79' title="bbox 1287 2284 2143 2325; baseline -0.005 -10"><span class='ocrx_word' id='word_1_518' title='bbox 1287 2301 1299 2315; x_wconf 71' lang='grc' dir='ltr'><strong>α</strong></span> <span class='ocrx_word' id='word_1_519' title='bbox 1320 2288 1437 2318; x_wconf 88' lang='lat' dir='ltr'>Divine</span> <span class='ocrx_word' id='word_1_520' title='bbox 1453 2287 1556 2325; x_wconf 86' lang='lat' dir='ltr'>gratia</span> <span class='ocrx_word' id='word_1_521' title='bbox 1571 2285 1792 2323; x_wconf 75' lang='lat' dir='ltr'>magestatis...</span> <span class='ocrx_word' id='word_1_522' title='bbox 1810 2301 1847 2306; x_wconf 94' lang='lat'><em>-</em></span> <span class='ocrx_word' id='word_1_523' title='bbox 1868 2284 1940 2314; x_wconf 81' lang='lat' dir='ltr'>Dat.</span> <span class='ocrx_word' id='word_1_524' title='bbox 1959 2289 2111 2321; x_wconf 83' lang='lat' dir='ltr'>utsupra.</span> <span class='ocrx_word' id='word_1_525' title='bbox 2130 2296 2143 2309; x_wconf 85' lang='lat'>»</span> 
     </span>
    </p>
   </div>
   <div class='ocr_carea' id='block_1_17' title="bbox 1314 2507 2182 2542">
    <p class='ocr_par' dir='ltr' id='par_1_27' title="bbox 1314 2507 2182 2542">
     <span class='ocr_line' id='line_1_80' title="bbox 1314 2507 2182 2542; baseline -0.01 0"><span class='ocrx_word' id='word_1_526' title='bbox 1314 2513 1433 2542; x_wconf 55' lang='lat'>4920</span> <span class='ocrx_word' id='word_1_527' title='bbox 1835 2509 1966 2539; x_wconf 85' lang='lat' dir='ltr'>Orvicto.</span> <span class='ocrx_word' id='word_1_528' title='bbox 1988 2508 2016 2534; x_wconf 72' lang='grc'>1-2</span> <span class='ocrx_word' id='word_1_529' title='bbox 2034 2508 2088 2534; x_wconf 85' lang='lat' dir='ltr'>mai</span> <span class='ocrx_word' id='word_1_530' title='bbox 2107 2507 2182 2534; x_wconf 69' lang='lat'>129¹.</span> 
     </span>
    </p>
   </div>
   <div class='ocr_carea' id='block_1_18' title="bbox 1281 2578 2183 2618">
    <p class='ocr_par' dir='ltr' id='par_1_28' title="bbox 1281 2578 2183 2618">
     <span class='ocr_line' id='line_1_81' title="bbox 1281 2578 2183 2618; baseline -0.01 -7"><span class='ocrx_word' id='word_1_531' title='bbox 1281 2583 1450 2618; x_wconf 82' lang='lat' dir='ltr'>Assignatio</span> <span class='ocrx_word' id='word_1_532' title='bbox 1466 2582 1558 2617; x_wconf 79' lang='lat' dir='ltr'>pallei.</span> <span class='ocrx_word' id='word_1_533' title='bbox 1579 2580 1661 2610; x_wconf 64' lang='lat' dir='ltr'>(lieu.</span> <span class='ocrx_word' id='word_1_534' title='bbox 1679 2580 1722 2610; x_wconf 73' lang='lat'>46,</span> <span class='ocrx_word' id='word_1_535' title='bbox 1740 2588 1766 2606; x_wconf 79' lang='lat' dir='ltr'>c,</span> <span class='ocrx_word' id='word_1_536' title='bbox 1784 2579 1854 2612; x_wconf 65' lang='lat'>¹34²,</span> <span class='ocrx_word' id='word_1_537' title='bbox 1869 2579 1888 2605; x_wconf 82' lang='lat' dir='ltr'>s.</span> <span class='ocrx_word' id='word_1_538' title='bbox 1907 2578 1939 2605; x_wconf 82' lang='lat'>33</span> <span class='ocrx_word' id='word_1_539' title='bbox 1957 2584 1996 2612; x_wconf 69' lang='grc' dir='ltr'>νο,</span> <span class='ocrx_word' id='word_1_540' title='bbox 2012 2585 2046 2604; x_wconf 89' lang='lat' dir='ltr'>en</span> <span class='ocrx_word' id='word_1_541' title='bbox 2064 2581 2183 2610; x_wconf 77' lang='lat' dir='ltr'>mai-gc.)</span> 
     </span>
    </p>
   </div>
   <div class='ocr_carea' id='block_1_19' title="bbox 1245 2705 2251 2798">
    <p class='ocr_par' dir='ltr' id='par_1_29' title="bbox 1245 2705 2251 2798">
     <span class='ocr_line' id='line_1_82' title="bbox 1286 2705 2248 2753; baseline -0.01 -11"><span class='ocrx_word' id='word_1_542' title='bbox 1286 2712 1413 2753; x_wconf 81' lang='lat' dir='ltr'>[Eidem]</span> <span class='ocrx_word' id='word_1_543' title='bbox 1434 2711 1564 2741; x_wconf 85' lang='lat' dir='ltr'>mandat</span> <span class='ocrx_word' id='word_1_544' title='bbox 1582 2718 1614 2739; x_wconf 89' lang='lat' dir='ltr'>se</span> <span class='ocrx_word' id='word_1_545' title='bbox 1633 2709 1662 2739; x_wconf 86' lang='lat' dir='ltr'>ei</span> <span class='ocrx_word' id='word_1_546' title='bbox 1683 2707 1821 2747; x_wconf 86' lang='lat' dir='ltr'>palleum</span> <span class='ocrx_word' id='word_1_547' title='bbox 1845 2716 1900 2745; x_wconf 88' lang='lat' dir='ltr'>per</span> <span class='ocrx_word' id='word_1_548' title='bbox 1924 2706 2134 2740; x_wconf 80' lang='lat' dir='ltr'>Matthaenm,</span> <span class='ocrx_word' id='word_1_549' title='bbox 2151 2705 2248 2733; x_wconf 72' lang='lat' dir='ltr'>Sanc-</span> 
     </span>
     <span class='ocr_line' id='line_1_83' title="bbox 1245 2757 2251 2798; baseline -0.012 -1"><span class='ocrx_word' id='word_1_550' title='bbox 1245 2772 1292 2798; x_wconf 88' lang='lat' dir='ltr'>tae</span> <span class='ocrx_word' id='word_1_551' title='bbox 1322 2767 1442 2796; x_wconf 82' lang='lat' dir='ltr'>Mariae</span> <span class='ocrx_word' id='word_1_552' title='bbox 1466 2765 1499 2794; x_wconf 89' lang='lat' dir='ltr'>in</span> <span class='ocrx_word' id='word_1_553' title='bbox 1531 2763 1658 2794; x_wconf 81' lang='lat' dir='ltr'>Porticu</span> <span class='ocrx_word' id='word_1_554' title='bbox 1685 2762 1855 2792; x_wconf 85' lang='lat' dir='ltr'>diaconum</span> <span class='ocrx_word' id='word_1_555' title='bbox 1884 2758 2096 2792; x_wconf 83' lang='lat' dir='ltr'>cardinalem,</span> <span class='ocrx_word' id='word_1_556' title='bbox 2123 2757 2251 2786; x_wconf 84' lang='lat' dir='ltr'>duxisse</span> 
     </span>
    </p>
   </div>
   <div class='ocr_carea' id='block_1_20' title="bbox 1243 2818 2250 2909">
    <p class='ocr_par' dir='ltr' id='par_1_30' title="bbox 1243 2818 2250 2909">
     <span class='ocr_line' id='line_1_84' title="bbox 1243 2818 1489 2857; baseline -0.012 -8"><span class='ocrx_word' id='word_1_557' title='bbox 1243 2818 1489 2857; x_wconf 80' lang='lat' dir='ltr'>assignandum.</span> 
     </span>
     <span class='ocr_line' id='line_1_85' title="bbox 1289 2863 2250 2909; baseline -0.012 -7"><span class='ocrx_word' id='word_1_558' title='bbox 1289 2885 1300 2899; x_wconf 82' lang='grc' dir='ltr'>ι</span> <span class='ocrx_word' id='word_1_559' title='bbox 1319 2873 1399 2902; x_wconf 89' lang='lat' dir='ltr'>Cum</span> <span class='ocrx_word' id='word_1_560' title='bbox 1414 2870 1551 2909; x_wconf 88' lang='lat' dir='ltr'>palleum</span> <span class='ocrx_word' id='word_1_561' title='bbox 1565 2868 1730 2905; x_wconf 76' lang='lat' dir='ltr'>insigne...</span> <span class='ocrx_word' id='word_1_562' title='bbox 1744 2883 1781 2889; x_wconf 96' lang='lat'>—</span> <span class='ocrx_word' id='word_1_563' title='bbox 1795 2866 1864 2895; x_wconf 90' lang='lat' dir='ltr'>Dat.</span> <span class='ocrx_word' id='word_1_564' title='bbox 1878 2864 1960 2903; x_wconf 87' lang='lat' dir='ltr'>apud</span> <span class='ocrx_word' id='word_1_565' title='bbox 1976 2863 2250 2898; x_wconf 82' lang='lat' dir='ltr'>Urbemveterern,</span> 
     </span>
    </p>
   </div>
   <div class='ocr_carea' id='block_1_21' title="bbox 1245 2923 1764 2959">
    <p class='ocr_par' dir='ltr' id='par_1_31' title="bbox 1245 2923 1764 2959">
     <span class='ocr_line' id='line_1_86' title="bbox 1245 2923 1764 2959; baseline -0.013 -4"><span class='ocrx_word' id='word_1_566' title='bbox 1245 2935 1290 2955; x_wconf 86' lang='lat'>1111</span> <span class='ocrx_word' id='word_1_567' title='bbox 1309 2924 1381 2954; x_wconf 86' lang='lat' dir='ltr'>idus</span> <span class='ocrx_word' id='word_1_568' title='bbox 1397 2923 1490 2959; x_wconf 87' lang='lat' dir='ltr'>maii,</span> <span class='ocrx_word' id='word_1_569' title='bbox 1507 2930 1592 2951; x_wconf 89' lang='lat' dir='ltr'>anno</span> <span class='ocrx_word' id='word_1_570' title='bbox 1608 2924 1731 2959; x_wconf 82' lang='lat' dir='ltr'>quarto.</span> <span class='ocrx_word' id='word_1_571' title='bbox 1753 2932 1764 2945; x_wconf 77' lang='lat' dir='ltr'>n</span> 
     </span>
    </p>
   </div>
  </div>
 </body>
</html>
