2393 3496
230 300 289 331 934

234 432 247 446 1)

235 2087 247 2101 8
235 2033 248 2048 ³
234 1980 248 1995 8
236 1926 248 1941 θ
236 1873 248 1887 s
236 1818 249 1833 8
236 1764 250 1779 υ
234 1710 246 1725 8
234 1657 246 1672 S
233 1604 246 1618 U
234 1549 246 1564 U
233 1495 246 1511 U
234 1441 246 1457 ³2
233 1388 247 1404 ζ
233 1335 246 1350 5
233 1283 246 1297 ὅ
233 1229 246 1245 ⁸
233 1176 246 1192 S
233 1122 246 1137 U
232 1069 246 1084 θ
232 1015 245 1030 U
233 961 246 976 υ
233 908 245 922 δ
233 855 246 869 U
233 802 247 816 U
234 749 246 763 S

235 2194 248 2209 υ
233 2140 248 2156 ἕ

234 2301 249 2317 ))

235 2355 249 2371 D

235 2408 248 2424 7)

235 2515 248 2531 D

234 2622 249 2639 ))

233 2676 249 2692 ))

234 2784 248 2801 Ι)

236 2838 249 2853 D

272 375 323 396 005
340 367 518 404 gerentium
535 389 540 398 ,
563 363 798 394 ordinationem
824 362 1009 392 officialium
1034 362 1083 392 vel
1100 362 1239 392 aliorum

273 419 487 458 predictorum
511 417 602 446 aliter
625 426 719 454 quani
744 416 889 454 superins
911 416 952 445 sit
971 424 1154 454 expressum
1178 415 1238 444 eis-

273 473 346 501 dem
368 470 542 509 aliquando
562 469 679 507 placeat
701 468 850 497 ordinare
864 492 870 504 ‚
890 468 972 507 quod
994 468 1051 498 1100
1075 477 1131 506 per
1154 468 1240 506 ipsos

273 525 358 554 licite
382 524 450 552 fieri
470 522 596 551 valeant
612 521 666 549 illa
690 520 777 555 vict-3
803 521 844 549 ita
862 525 966 550 tamen
988 520 1072 559 quod
1097 530 1152 559 per
1167 520 1240 550 illos

272 583 376 608 actum
395 576 442 605 vel
466 580 553 605 actus
581 574 625 603 vel
648 574 711 603 alio
737 582 928 612 quocunque
951 574 1043 604 modo
1066 580 1239 612 quantum-

271 639 408 668 cumque
433 628 537 667 plures
558 627 697 665 presenti
725 627 946 665 compositioni
970 626 1019 656 vel
1039 626 1137 657 alicui
1160 627 1238 657 arti-

269 683 340 712 culo
356 683 388 711 in
411 681 479 719 ipsa
500 684 648 709 contento
666 679 792 709 nullum
810 680 1009 718 postmodum
1027 680 1238 719 prejudicium

271 738 452 774 generetur,
473 739 519 763 set
536 733 767 763 nichilominus
791 733 823 762 in
845 743 901 763 sua
922 743 1047 773 semper
1065 733 1151 763 totali
1171 743 1240 763 ma-

271 793 367 818 neant
383 788 543 817 firmitate.
563 787 753 816 Retinemus
769 791 874 816 autem
892 796 949 817 nos
966 788 1096 827 predicti
1114 787 1240 817 ordina-

273 847 365 876 tores,
379 845 530 880 utsupra,
543 840 720 871 secundum
732 841 867 870 sormam
881 841 1024 871 mandati
1035 841 1197 880 apostolici
1209 845 1239 871 et

271 893 524 925 submissionum
554 894 693 932 partium
722 893 958 932 predictarum,
984 903 1019 924 ac
1045 893 1083 924 de
1104 903 1237 924 assensu

271 949 428 978 dictarum
446 948 597 986 partium⁷
615 951 801 986 potestatem
818 947 852 976 in
868 947 1019 986 predictis
1036 947 1186 977 omnibus
1210 950 1240 977 et

270 1002 408 1040 singulis
424 1006 454 1031 et
470 1001 509 1031 ad
526 1001 636 1031 eadem
654 1002 763 1031 omnia
780 1006 810 1030 et
831 1001 958 1039 singula
974 1001 1129 1037 addendi,
1147 1000 1241 1030 dimi-

272 1056 410 1092 nuendi,
431 1055 598 1090 mutandi,
626 1055 826 1092 corrigendi,
856 1054 1061 1092 declarandi,
1081 1054 1239 1093 interpre-

273 1110 359 1139 tandi
376 1114 406 1139 et
428 1109 461 1138 in
485 1109 601 1138 melius
626 1108 819 1138 resormandi
842 1109 1099 1147 quandocunque
1123 1116 1240 1137 secun-

271 1165 347 1194 dum
362 1163 501 1202 predicta
515 1167 544 1191 et
560 1167 652 1201 prout
664 1162 755 1192 nobis
768 1162 928 1191 videbitur
941 1162 1134 1191 faciendum.
1150 1161 1241 1191 Hanc

271 1221 379 1246 autem
396 1215 656 1254 compositionem
680 1219 709 1244 et
731 1215 968 1245 ordinationem
995 1218 1023 1244 et
1045 1214 1155 1244 onmia
1177 1215 1242 1244 sin-

270 1270 344 1308 gula
362 1269 574 1308 suprascripta
590 1268 693 1298 dictus
711 1268 759 1303 B„
784 1268 1064 1307 archiepiscopus,
1088 1276 1144 1306 pro
1161 1277 1193 1297 se
1212 1272 1242 1297 et

271 1331 329 1353 suo
358 1322 512 1358 nomine,
539 1330 575 1351 ac
602 1321 761 1351 Henricus
786 1321 823 1350 de
851 1321 988 1358 Villars,
1018 1321 1214 1350 camerarius
1231 1344 1239 1358 ,

274 1376 450 1411 Briandus‚
471 1375 618 1410 sacrista,
639 1374 819 1404 Guicardus
833 1399 839 1411 ,
858 1374 1036 1413 prepositus
1052 1374 1192 1404 Forverii
1206 1374 1241 1404 in

273 1429 405 1459 ecclesia
424 1428 646 1466 Lugdunensi,
666 1427 860 1457 Guillelmus
878 1428 916 1458 de
932 1428 1151 1465 Franchelies,
1171 1428 1242 1466 Ugo

274 1484 387 1520 Bruni,
405 1483 549 1522 ejusdem
567 1481 697 1511 ecclesie
717 1481 880 1518 canonici,
894 1486 1112 1520 procuratores
1128 1481 1242 1511 decani

272 1542 302 1566 et
322 1536 453 1575 capituli
477 1535 706 1574 predictorum,
734 1539 796 1564 tam
822 1543 878 1564 suo
905 1544 1002 1573 quam
1026 1535 1243 1574 procuratorio

273 1591 405 1621 nomine
428 1590 603 1620 eorundem
626 1589 739 1619 decani
764 1594 794 1618 et
819 1588 949 1627 capituli
973 1589 1243 1627 Lugdunensium

272 1644 505 1683 emologanteS,
523 1642 665 1673 volentes
682 1647 711 1672 et
729 1643 938 1681 approbantes
956 1652 1103 1681 expresse
1116 1644 1244 1682 jurave-

273 1703 349 1728 runt
373 1702 402 1727 et
426 1697 654 1732 firmaverunt,
680 1696 883 1735 stipulatione
908 1695 1078 1734 sollempni
1103 1696 1243 1734 interpo-

275 1752 352 1788 sita,
367 1751 514 1781 videlicet
529 1750 632 1780 dictus
647 1750 904 1789 archiepiscopus
921 1750 954 1779 in
972 1751 1131 1788 presentia
1144 1759 1243 1780 evan-

274 1806 431 1844 geliorum
445 1809 475 1835 et
488 1805 563 1834 dicti
575 1804 722 1834 canonici
734 1805 821 1834 tactis
834 1804 1011 1842 evangeliis
1022 1805 1241 1841 sacrosanctis,

273 1860 375 1899 ipsam
401 1858 665 1897 compositionem
687 1861 718 1887 et
739 1866 851 1888 omnes
875 1861 904 1887 et
929 1857 1075 1896 singulos
1099 1857 1244 1897 ejusdem

273 1913 514 1952 compositionis
536 1911 687 1942 articulos
703 1920 759 1950 pro
776 1920 808 1941 se
827 1916 857 1941 et
875 1920 988 1942 eorum
1007 1912 1244 1943 successoribus

273 1968 409 1997 firmiter
434 1967 671 2005 imperpetuum
697 1969 728 1995 et
747 1965 976 1994 inviolabiliter
997 1966 1184 2002 observare,
1215 1971 1245 1996 et

273 2023 384 2051 contra
400 2019 555 2059 premissa
571 2019 619 2048 vel
637 2018 745 2057 aliqua
762 2018 800 2048 de
817 2019 980 2057 premissis
998 2028 1053 2058 per
1069 2028 1102 2049 se
1121 2019 1170 2049 vel
1190 2028 1244 2058 per

273 2074 376 2104 alium
395 2073 600 2112 aliquatenus
617 2081 680 2102 11011
699 2071 819 2101 venire.
844 2072 910 2102 Nos
933 2077 1038 2102 autem
1054 2097 1060 2109 ,
1080 2073 1244 2111 cupientes

273 2132 454 2167 presentem
485 2126 751 2165 compositionem
780 2129 810 2155 et
839 2125 1075 2156 ordinationem
1105 2126 1244 2157 illibatas

273 2181 397 2212 cunctis
425 2173 622 2219 temporibus
647 2183 798 2218 perpetuo
822 2187 1028 2217 permanere,
1054 2179 1191 2210 dicimus
1214 2184 1245 2210 et

272 2235 477 2271 oi‘diiiamuS‚
495 2234 745 2273 pronuntiamus
762 2237 857 2272 atque
873 2233 1056 2270 statuimus,
1072 2233 1111 2263 de
1129 2233 1244 2264 volun-

275 2293 336 2318 tate
352 2293 382 2318 et
399 2296 531 2317 assensu
549 2295 695 2326 expresso
711 2286 942 2326 archiepiscopi
965 2291 995 2316 et
1012 2287 1243 2317 canonicorum

275 2342 489 2382 predictorum
506 2340 704 2380 presentium
716 2364 723 2377 ,
740 2340 825 2379 quod
841 2349 953 2370 omnes
969 2345 1000 2371 et
1015 2341 1136 2379 singuli
1153 2350 1244 2372 03110-

271 2390 338 2426 nici
362 2395 419 2434 qui
443 2403 529 2424 110110
547 2397 622 2423 sunt
640 2393 672 2422 in
696 2393 779 2423 dicta
799 2393 931 2423 ecclesia
951 2394 1143 2429 residentes,
1168 2403 1242 2424 cum

274 2449 376 2488 primo
401 2447 512 2477 haberi
534 2446 699 2477 commode
719 2450 887 2485 poterunt,
911 2447 1022 2485 jurent
1044 2447 1079 2476 in
1103 2447 1244 2486 capitulo

272 2502 536 2541 compositionem
549 2504 579 2530 et
593 2500 826 2530 ordinationem
840 2500 997 2538 predictas
1012 2500 1244 2531 inviolabiliter

272 2557 463 2592 observare3
486 2554 524 2583 :td
548 2553 631 2593 qnod
650 2554 872 2593 juramentum
898 2554 1106 2592 prestandum
1131 2563 1243 2585 omnes

273 2609 444 2641 canonicos
467 2608 524 2647 qui
547 2607 586 2637 de
610 2615 691 2637 novo
714 2607 747 2636 in
771 2607 854 2636 dicta
878 2607 1087 2645 Lugdunensi
1111 2607 1243 2638 ecclesia

272 2663 470 2694 creabuntur
484 2670 553 2691 esse
572 2659 722 2690 volumus
738 2664 768 2690 et
785 2660 992 2690 decernimus
1007 2660 1179 2699 obligatos,
1199 2661 1242 2691 ita

271 2717 356 2757 quod
378 2715 513 2756 quilibet
536 2714 709 2744 canonicus
735 2714 772 2743 de
798 2722 880 2744 novo
905 2714 1062 2744 creandus
1086 2714 1136 2744 vel
1161 2715 1241 2745 reci-

272 2770 410 2811 piendus
426 2769 459 2799 in
478 2768 611 2798 ecclesia
630 2767 840 2805 Lugdunensi
860 2767 999 2806 predicta
1020 2768 1172 2807 premissa
1188 2769 1242 2807 ju-

273 2830 321 2855 ret
337 2823 502 2854 attendere
513 2846 520 2860 ,
537 2826 709 2860 antequam
726 2820 765 2850 ad
781 2820 904 2859 aliquos
921 2825 1010 2850 actus
1027 2820 1075 2849 vel
1093 2825 1242 2851 tractatus

273 2878 404 2910 ecclesie
425 2876 622 2907 admittatur.
648 2875 686 2904 Et
706 2874 889 2913 quicunque
907 2883 1008 2904 novus
1026 2874 1240 2913 archiepisco-

272 2941 331 2972 pus
350 2933 383 2961 in
401 2931 471 2970 ipsa
486 2928 617 2959 ecclesia
636 2928 732 2958 fuerit
753 2927 921 2957 institutus
936 2927 1131 2965 astringatur
1146 2933 1176 2958 et
1195 2932 1240 2957 te-

272 2989 387 3016 neatur
403 2988 543 3023 prestare
561 2986 591 3012 et
608 2982 709 3012 facere
718 2981 1132 3019 consimilejuramentum,
1149 2985 1189 3019 et,
1208 2985 1242 3011 ut

1328 1977 1343 1992 ))

1329 2031 1342 2047 5)

1332 2082 1348 2102 1>
1370 2073 1526 2110 exclusos,
1549 2077 1595 2102 set
1613 2073 1740 2111 penitus
1757 2072 1944 2102 excludatur
1958 2071 2223 2107 etexcludantur‚
2239 2070 2339 2101 donee
2383 2079 2385 2082 ·

1368 2136 1462 2166 super
1479 2126 1542 2156 hiis
1553 2126 1763 2156 absolutionis
1775 2125 1970 2156 beneficium
1987 2125 2164 2155 meruerint
2179 2124 2337 2163 obtinere,
2384 2151 2385 2154 ,

1329 2139 1343 2155 Ι)

1329 2193 1342 2208 1>

1329 2246 1342 2261 5)

1329 2301 1342 2316 5)

1328 2353 1343 2368 )>

1329 2406 1341 2422 n

1329 2460 1342 2475 n

1329 2515 1341 2527 D

1327 2567 1341 2582 1>

1328 2620 1342 2636 5>

1329 2674 1341 2690 n

1328 2728 1341 2743 r>

1327 2781 1340 2796 11

1325 2831 1340 2851 )

1324 2888 1337 2903 ι

1325 2941 1339 2956 n

1326 2995 1339 3010 1)

980 296 1215 328 REGJSTRES
1237 296 1291 326 DE
1313 295 1495 326 NICOLAS
1519 296 1573 326 lV.

1363 370 1412 390 res
1439 361 1588 391 eflectum
1615 361 1755 392 habeant
1778 361 1952 400 pleniorem
1977 366 2007 391 et
2030 370 2070 391 ne
2089 362 2163 400 quis
2181 363 2280 401 possit
2296 373 2330 396 50

1362 423 1417 453 per
1440 415 1657 453 ignorantiam
1682 424 1847 453 excusare,
1868 414 2017 445 volumus
2040 419 2070 444 et
2091 416 2282 447 mandamus
2296 421 2331 449 ut

1362 468 1511 507 deinceps
1538 468 1596 498 hec
1624 476 1755 507 presens
1784 468 1970 506 compositio
1996 471 2026 497 et
2049 468 2208 499 ordinatio
2235 471 2332 502 annis

1362 521 1520 559 singulis,
1537 523 1570 551 in
1588 523 1764 551 crastinum
1782 521 1851 551 festi
1871 521 2052 551 Nativitatis
2073 521 2155 551 beati
2170 522 2332 555 «Iohannis

1363 575 1519 613 Baptiste,
1545 575 1578 604 in
1602 575 1740 614 capitulo
1762 575 1845 604 dicte
1868 575 2096 613 Lugdunensis
2120 574 2252 605 ecclesie
2275 580 2333 616 pe!

1364 637 1466 657 unum
1488 627 1526 657 de
1549 627 1713 657 canonicis
1736 628 1839 667 ipsius
1866 628 1998 658 ecclesie
2018 627 2142 666 legatur
2167 632 2197 658 et
2217 627 2333 667 lingua<

1363 686 1508 711 materna
1529 681 1655 720 publice
1677 687 1870 719 exponatnr3
1894 685 1924 711 et
1949 685 2024 711 tunc
2046 681 2223 720 predictum
2238 681 2353 723 jura-r„
2390 699 2393 707 ι

1362 739 1510 764 mentum
1532 744 1586 773 per
1601 735 1774 765 canonicos
1793 735 2025 773 Lugdunenses
2046 735 2101 774 qui
2124 734 2243 765 ibidem
2260 739 2353 790 pre-&4
2392 769 2393 776 ἵ

1362 793 1467 818 sentes
1491 788 1610 817 suerint
1634 793 1816 818 renovetur.
1840 788 1975 826 Insuper
1998 787 2038 817 ad
2061 788 2193 826 majoris
2210 787 2354 837 roboris}

1362 896 1453 925 ritate
1469 895 1640 934 apostolica
1652 904 1714 934 qna
1729 895 1898 933 fungimur
1909 895 2127 931 deceruimus,
2144 894 2348 926 ordinamus>

1361 953 1456 988 atque
1478 950 1648 978 statuimus
1669 948 1754 987 qnod
1777 954 1840 978 tam
1863 948 2122 987 archiepiscopus
2145 947 2333 988 quicunque

1362 842 1566 878 firmitatem,
1591 846 1621 870 et
1644 846 1678 871 ut
1703 841 1834 871 malitiis
1856 841 2026 871 hominum
2047 841 2205 878 obvietur,
2222 845 2361 998 aucto-⁹}

1365 1060 1504 1095 tempore
1523 1056 1658 1091 fuerint,
1681 1056 1706 1085 si
1731 1056 1829 1091 sorte,
1851 1056 1934 1094 quod
1953 1055 2051 1085 absit!
2071 1059 2181 1085 contra
2203 1060 2341 1094 prosim-‘¹

1363 1011 1459 1041 quam
1477 1002 1658 1040 singulares
1678 1002 1826 1032 canonici
1842 1002 1898 1041 qui
1917 1010 2004 1031 nuuc
2024 1006 2116 1038 sunt,
2138 1001 2188 1031 vel
2205 998 2365 1120 qui'prG5

1365 1114 1426 1139 tem
1443 1109 1708 1148 compositionem
1727 1109 1775 1138 vel
1792 1108 2033 1139 ordinationem
2059 1112 2198 1138 nostram
2215 1107 2251 1137 in
2271 1111 2369 1146 totum,-

1364 1162 1412 1192 vel
1430 1163 1463 1192 in
1480 1166 1565 1201 parte
1584 1162 1733 1192 venerint
1749 1162 1858 1201 aliquo
1876 1166 2016 1201 tempore
2034 1161 2067 1190 in
2084 1161 2229 1191 futurum
2241 1184 2248 1198 ,
2270 1159 2367 1278 nisi}

1364 1216 1425 1255 ipsi
1441 1216 1599 1246 admoniti
1616 1216 1699 1245 inira
1719 1221 1788 1246 octo
1803 1216 1871 1246 dies
1888 1216 1926 1245 ad
1943 1223 2119 1253 congruam
2135 1213 2338 1246 emendatiod

1365 1323 1708 1353 excommunicationis
1726 1324 1893 1353 incurrant
1911 1322 2061 1353 canonici
2079 1322 2335 1360 Lugdunenses,

1364 1377 1621 1416 archiepiscopus
1637 1386 1712 1407 vero
1728 1376 1766 1406 ab
1783 1377 1928 1415 ingressu
1944 1375 2076 1406 ecclesie
2093 1374 2289 1412 excludatur,
2305 1378 2339 1406 et

1364 1278 1440 1300 nem
1457 1270 1604 1300 venerint
1624 1270 1661 1299 de
1678 1278 1827 1307 excessu,
1846 1270 1912 1308 ipso
1928 1269 2009 1299 t'acto
2022 1269 2129 1298 statim
2142 1267 2335 1299 sententiam

2342 1283 2375 1462 ἱ

1365 1431 1430 1461 nisi
1447 1431 1531 1460 infra
1547 1431 1625 1461 alios
1641 1434 1710 1461 octo
1728 1431 1796 1461 dies
1815 1430 2050 1467 emendaverit,
2064 1439 2082 1460 a
2099 1427 2339 1469 pontificalibus

1365 1485 1491 1514 noverit
1513 1493 1545 1514 se
1569 1493 1778 1523 suspensum,
1805 1488 1834 1513 et
1859 1483 1920 1513 uisi
1942 1484 2027 1513 infra
2047 1483 2126 1513 alios
2147 1481 2336 1522 quindecim

1366 1538 1433 1568 dies
1450 1538 1621 1567 emendare
1638 1538 1807 1575 curaverit,
1825 1538 1893 1576 ipso
1911 1538 1989 1567 facto
2005 1537 2197 1566 sententiam
2213 1544 2339 1566 excom-

1366 1592 1595 1621 municationis
1614 1591 1772 1627 iucurrat;
1796 1592 1838 1620 ita
1855 1591 1939 1630 quod
1957 1590 2115 1628 gradatim
2137 1589 2171 1619 10
2195 1597 2232 1620 00
2253 1597 2339 1619 cres-

1367 1648 1458 1674 cente
1473 1645 1671 1674 contumatia
1693 1648 1812 1674 crescat
1836 1648 1866 1673 et
1888 1653 1979 1682 pena.
2001 1644 2028 1672 A
2050 1643 2166 1682 quibus
2187 1641 2337 1681 sepedicti

1367 1698 1624 1737 archiepiscopus
1635 1701 1664 1727 et
1673 1697 1820 1728 canonici
1831 1697 1879 1727 vel
1889 1706 1999 1727 eornm
2008 1697 2129 1736 aliquis
2140 1696 2263 1727 absolvi
2272 1703 2336 1726 non

1367 1753 1488 1790 possint
1501 1760 1669 1790 quousque
1683 1752 1721 1781 de
1735 1752 1899 1790 premissis
1912 1751 2160 1781 satisfactionem
2170 1749 2220 1779 vel
2230 1757 2336 1780 emen·

1366 1806 1441 1836 dam
1454 1806 1588 1835 fecerint
1601 1809 1844 1844 competentem.
1864 1806 1901 1834 Et
1913 1804 2148 1834 nichilominus
2159 1803 2338 1834 canonicus

1368 1868 1423 1889 seu
1445 1859 1593 1889 canonici
1617 1859 1674 1898 qui
1694 1863 1804 1889 contra
1831 1859 1914 1888 hanc
1937 1857 2204 1897 compositionem
2228 1855 2340 1887 fecerit

1368 1921 1423 1942 seu
1442 1912 1587 1948 fecerint,
1607 1911 1657 1942 vel
1680 1921 1750 1942 eam
1767 1920 1830 1942 non
1850 1911 2066 1942 observaverit
2083 1910 2133 1940 vel
2149 1910 2338 1941 observave-

1367 1965 1433 1995 rint
1447 1965 1624 1996 secundum
1637 1966 1801 2004 premissa,
1821 1965 1942 1995 tamdiu
1958 1974 1975 1994 a
1993 1964 2102 2001 choro,
2119 1963 2268 2002 capitulo,
2285 1971 2337 1994 re-

1365 2019 1495 2049 fectorio
1510 2028 1546 2049 ac
1562 2019 1719 2049 divisione
1738 2024 1894 2048 terrarum
1911 2018 2035 2048 noverit
2050 2027 2083 2048 se
2101 2017 2264 2048 exclusum
2282 2025 2338 2048 seu

2347 1463 2351 1471 v

1367 2189 1426 2210 nec
1438 2184 1506 2219 post
1519 2180 1688 2210 emendam
1706 2179 1820 2209 factam
1831 2179 1954 2209 fructus
1971 2178 2072 2208 medii
2087 2177 2238 2218 temporis
2249 2177 2338 2208 resti-

1368 2237 1499 2264 tuantur
1516 2233 1647 2263 eisdem.
1673 2233 1770 2263 Versa
1790 2233 1857 2262 vice
1880 2233 2064 2272 quicunque
2079 2231 2340 2271 archiepiscopus

1367 2287 1467 2318 simili
1484 2287 1578 2318 modo
1596 2287 1792 2326 delinquerit
1809 2286 1930 2316 tamdiu
1946 2286 2141 2324 abingressu
2159 2284 2291 2315 claustri
2307 2288 2339 2314 et

1366 2341 1480 2371 domus
1490 2339 1769 2379 archiepiscopalis
1784 2348 1820 2369 ac
1843 2339 2004 2369 divisione
2024 2343 2182 2368 terrarum
2201 2337 2341 2369 totaliter

1367 2394 1553 2424 excludatur
1564 2394 1664 2423 donec
1678 2393 1929 2423 satisfactionem
1948 2401 2123 2430 congruam
2137 2392 2176 2422 de
2187 2391 2341 2431 predictis

1366 2448 1517 2478 teceritet
1530 2447 1700 2477 emendam
1716 2452 1745 2476 et
1761 2446 1971 2476 absolutionis
1988 2445 2181 2476 heneficium
2200 2453 2274 2475 cum
2291 2443 2337 2475 ef-

1367 2501 1448 2532 fectu
1464 2501 1591 2530 duxerit
1605 2500 1857 2539 impetrandum.
1873 2499 1946 2529 Non
1961 2498 2162 2529 obstantibus
2173 2497 2337 2538 aliquibus
2357 2494 2359 2497 ’

1367 2554 1560 2594 privilegiis,
1580 2555 1706 2592 gratiis,
1732 2553 1863 2590 litteris,
1887 2552 2186 2589 constitutionibus,
2211 2550 2339 2582 statutis

1366 2607 1417 2637 vel
1443 2607 1702 2638 ordinationibus
1729 2607 1975 2646 quibuscunque
1999 2606 2075 2644 ipsis
2099 2604 2338 2644 archiepiscopo

1364 2667 1420 2693 aut
1432 2661 1570 2701 capitulo
1585 2660 1724 2699 predicte
1740 2660 1875 2690 ecclesie
1889 2659 2116 2698 Lugdunensis
2130 2667 2148 2688 a
2161 2658 2236 2689 sede
2248 2665 2336 2698 apos·

1367 2715 1461 2746 tolica
1481 2715 1528 2744 vel
1548 2714 1628 2744 alias
1646 2714 1739 2744 modo
1757 2713 1899 2753 quolibet
1916 2713 2070 2750 obtentis,
2088 2711 2182 2742 editis
2199 2711 2248 2742 vel
2263 2719 2347 2742 cou-v

1365 2769 1473 2800 cessis.
1493 2769 1581 2805 Acta,
1599 2767 1674 2805 lata,
1694 2772 1821 2803 statuta,
1841 2767 1934 2804 dicta,
1955 2766 2179 2805 pronuntiata,
2196 2764 2336 2795 diffinita

1365 2827 1395 2853 et
1409 2822 1556 2852 ordinata
1573 2821 1703 2851 suerunt
1718 2821 1829 2851 omnia
1843 2825 1873 2850 et
1888 2819 2017 2858 singula
2032 2818 2224 2858 supradicta,
2243 2819 2336 2857 prout

1365 2876 1513 2915 superius
1532 2878 1736 2912 enarrantur,
1754 2884 1809 2913 per
1828 2883 1885 2904 nos
1901 2873 2080 2904 cardinales
2099 2871 2254 2911 predictos
2274 2869 2335 2900 Pa-

1365 2983 1424 3013 sub
1448 2991 1536 3013 31100
1561 2981 1695 3012 Domini
1718 2985 1929 3019 M.cc.1,xxxx⁰,
1954 2980 2131 3010 iudIctione
2151 2978 2257 3016 tertia,
2280 2975 2337 3007 dio

2367 2835 2384 2913 l

1364 2929 1478 2965 risius,
1503 2928 1586 2967 apud
1605 2928 1837 2959 monasterium
1855 2928 1962 2958 Sancti
1981 2925 2138 2957 Germani
2156 2925 2196 2956 de
2213 2923 2334 2961 Pratis‚
2372 2917 2383 2946 ἶ

2372 2981 2383 3000 V
