2393 3496
1023 237 1278 285 QUATRIEME
1303 235 1458 275 ΑΧΝΕΕ.
2233 246 2289 276 (533

189 323 230 354 ab
252 321 440 352 Innocentio
467 328 546 359 papa
571 319 660 349 111120
681 326 885 354 concessum,
913 317 947 346 in
969 316 1037 355 ejus
1060 317 1199 352 regestro

191 380 366 415 repertum,
381 373 531 404 annotari
549 372 644 407 l'ecit;
661 372 754 410 cnjus
771 376 861 401 tenor
876 371 928 400 hic
944 374 991 400 est
1010 379 1016 399 ε

234 440 248 455 (ι
284 427 437 465 Magistro
469 425 602 456 ecclesie
628 425 744 455 Sancte
772 424 871 454 Marie
903 423 941 453 de
969 420 1200 460 sempingham

195 493 209 508 n
233 481 365 520 ejusque
388 478 624 509 successorihus
646 478 798 508 canonice
819 475 1049 507 substituendis
1071 478 1102 504 et
1127 472 1202 503 reli-

195 546 209 561 »
231 534 303 573 quis
322 532 473 562 fratribus
488 531 652 561 canonicis
667 535 761 570 atque
786 529 947 560 sororibus
967 533 1030 558 tam
1047 526 1202 566 presenti-

196 599 210 614 »
234 586 293 617 bus
308 593 405 625 quam
420 584 550 621 suturis,
562 583 741 622 regularem
758 584 855 612 vitam
871 581 1028 622 professis,
1040 581 1073 609 in
1090 588 1202 619 perpe-

198 652 211 667 »
236 645 339 670 tuum.
357 638 511 675 Quotiens
526 647 544 667 a
561 638 690 667 nobis...
703 654 742 659 —
756 637 827 666 Dat.
844 635 980 671 Perusii,
1000 643 1053 673 per
1069 641 1203 662 manum

197 706 211 721 n
234 693 420 727 Guissehni,
452 692 597 731 magistri
629 691 785 721 scolarum
819 689 1060 722 Parmensium,
1096 691 1203 716 sancte

197 759 212 774 υ
235 755 368 778 romane
403 745 535 776 ecclesie
570 743 840 779 vicecancellarii,
873 752 905 772 111
943 751 1043 772 nonas
1076 740 1202 774 martii,

197 813 211 828 ι
235 800 412 830 indictione
439 808 500 835 ιω,
525 798 758 828 incarnationis
782 797 942 827 dominice
963 804 1050 825 anno
1076 798 1203 829 noctur),

198 867 211 881 ι
235 853 439 893 pontificatus
481 861 556 883 vero
595 851 721 882 domini
764 850 944 881 innocentii
983 858 1062 888 pape
1100 848 1204 888 quarti

197 919 211 935 ι
234 915 321 938 anno
338 912 380 936 κο.
404 919 417 933 n

239 973 252 987 u
271 960 482 998 Privilegium
499 958 658 998 quoddam
674 956 815 987 felicis...
828 973 866 978 -
881 956 952 985 Dat.
971 955 1054 994 apud
1072 954 1206 984 Urbem-

196 1019 353 1049 veterem‚
373 1023 420 1043 ιιιι
437 1012 592 1043 kalendas
608 1011 721 1051 aprilis
732 1035 739 1047 ,
755 1019 794 1040 an
802 1018 842 1040 no
856 1014 980 1048 quarto.
1000 1020 1014 1034 »

268 1172 520 1202 4222—4283
776 1169 904 1202 Orvicto,
925 1169 954 1196 13
969 1169 1038 1195 avril
1058 1168 1134 1195 1291.

234 1235 443 1271 Indulgentiae.
459 1234 543 1268 (Rau.
561 1233 605 1266 46,
622 1241 648 1260 c.
668 1233 728 1266 1²27,
740 1232 760 1259 ῖ.
776 1232 810 1259 *25
826 1233 878 1265 vo.)

242 1337 397 1368 L'm'versis
417 1335 533 1366 Christi
553 1334 692 1372 fidelibus
708 1338 856 1372 presentes
877 1335 994 1363 litteras
1015 1335 1203 1371 inspecturis.

200 1389 441 1429 [indulgentiam
458 1389 555 1419 unius
569 1388 649 1418 anni
667 1393 697 1418 et
715 1397 751 1418 xi.
769 1387 896 1417 dierum
912 1387 1057 1417 concedit
1073 1387 1206 1417 visitan-

201 1444 284 1475 tibus
298 1443 466 1474 ecelesiam
482 1442 667 1473 monasterii
682 1441 792 1472 Sancti
805 1441 986 1471 Sebastiani
999 1441 1038 1471 de
1049 1440 1205 1477 Cannaio,

199 1495 324 1528 ordinis
342 1500 470 1526 sanctae
489 1487 620 1531 Clarae,
638 1494 812 1525 Asisinatis
831 1494 1000 1530 dioecesis,
1019 1494 1053 1524 in
1072 1498 1208 1533 quatuor

198 1551 311 1581 beatae
328 1549 466 1585 Mariae,
484 1549 569 1579 beati
584 1548 764 1585 Francisci,
781 1548 814 1578 S.
831 1547 1013 1578 Sebastiani
1033 1551 1063 1578 et
1081 1551 1209 1578 sanctae

198 1603 311 1635 Clarae
326 1602 565 1639 festivitatibus,
582 1611 639 1641 per
653 1606 722 1632 octo
740 1601 808 1632 dies
826 1605 996 1640 sequentes
1013 1606 1044 1632 et
1059 1601 1093 1631 in
1112 1601 1209 1631 anni-

199 1656 341 1688 versario
358 1655 411 1686 die
429 1655 639 1686 dedicationis
655 1655 800 1694 ejusdem
816 1654 978 1685 ecclesiae.

241 1721 256 1738 ι
280 1709 369 1740 Licet
390 1709 418 1739 is
437 1709 514 1739 de...
539 1725 578 1730 —
599 1708 670 1738 Dat.
693 1708 776 1748 apud
799 1708 1083 1746 Urbemveterein,
1102 1708 1210 1739 idibus

199 1761 320 1802 aprilis,
339 1770 426 1792 anno
441 1765 563 1801 quarto.
585 1774 598 1788 ι»
616 1760 768 1801 (Po-rw„
788 1761 911 1800 23646.)

240 1815 280 1846 In
296 1824 324 1846 e.
344 1824 388 1845 m.
409 1814 530 1846 eisdem
542 1839 549 1852 ,
566 1823 622 1854 pro
637 1814 770 1845 ecclesia
788 1815 902 1845 Beatae
919 1815 1038 1846 Mariae
1053 1816 1092 1846 de
1108 1816 1209 1846 Naza-

199 1874 249 1901 ret
259 1868 452 1906 Tholosana,
465 1869 500 1898 in
512 1873 648 1908 quatuor
661 1868 806 1908 ejusdem
820 1869 957 1907 virginis
971 1869 1208 1900 festivitatibus.

199 1923 271 1954 Dat.
287 1927 323 1953 ut
337 1931 444 1962 supra.

796 1968 926 2000 Orvieto,
943 1969 959 1995 8
973 1970 1043 1996 avril
1061 1969 1138 1997 129¹.

239 2033 278 2063 ln
294 2041 322 2063 e.
337 2041 381 2063 m.
396 2031 530 2069 eisdem,
546 2040 601 2071 pro
614 2031 747 2062 ecclesia
758 2031 868 2061 Sancti
879 2031 1021 2062 Gervasii
1036 2041 1130 2071 prope
1147 2033 1208 2063 Eu-

198 2085 336 2126 gubium
348 2109 355 2122 ,
374 2085 409 2115 in
425 2085 570 2124 ejusdem
587 2084 689 2114 sancti
707 2088 738 2114 et
754 2083 786 2113 S.
805 2083 922 2114 Ubaldi
939 2084 1129 2115 confessoris
1148 2086 1209 2116 fes-

199 2138 396 2175 tivitatibus‚
421 2146 477 2176 per
499 2141 568 2168 octo
591 2137 659 2167 dies
686 2141 856 2175 sequentes
878 2141 909 2166 et
930 2137 964 2166 in
990 2138 1210 2169 anniversario

200 2191 253 2222 die
269 2191 481 2222 dedicationis
497 2190 642 2229 eJusdem
657 2189 821 2220 ecclesiae.
840 2189 911 2219 Dat.
931 2190 1014 2228 apud
1034 2190 1208 2221 Urbemve-

201 2248 313 2284 terem,
329 2253 360 2274 vt
378 2243 451 2273 idus
466 2242 589 2281 aprilis,
605 2250 692 2272 anno
707 2246 830 2281 quarto.

775 2322 907 2353 Orvieto.
927 2323 959 2350 13
973 2323 1042 2349 avril
1062 2323 1137 2351 ¹291.

243 2386 279 2416 In
300 2394 328 2417 e.
351 2394 394 2415 m.
414 2384 556 2420 eisdem,
574 2392 630 2423 pro
649 2383 784 2414 ecclesia
802 2407 820 2414 ..
839 2384 1009 2423 guardiani
1028 2390 1058 2415 et
1074 2386 1209 2416 fratrum

202 2439 327 2470 ordinis
342 2439 505 2468 minorum
525 2437 724 2473 Astensium,
743 2437 777 2466 in
796 2442 932 2476 quatuor
952 2437 1060 2468 heatae
1078 2439 1208 2475 Mariae,

203 2495 386 2522 sanctornm
406 2490 567 2520 Francisci
590 2495 620 2520 et
641 2490 776 2521 Antonii
796 2490 1012 2520 confessorum
1032 2495 1062 2521 et
1084 2496 1211 2522 sanctae

203 2545 316 2576 Clarae
346 2542 571 2573 festivitatibus
600 2546 631 2573 et.
656 2552 712 2582 per
737 2547 806 2573 octo
831 2543 900 2573 dies
930 2548 1110 2582 sequentes.
1138 2544 1209 2574 Dat.

202 2597 287 2638 apud
297 2597 573 2632 Urbemveterem,
583 2595 688 2625 idibus
696 2595 819 2635 aprilis,
828 2604 914 2626 anno
924 2601 1047 2636 quarto.
1056 2596 1208 2636 (Ponit,

205 2651 331 2690 23647.)

246 2705 283 2736 ln
303 2713 330 2735 e.
349 2713 392 2734 rn.
407 2727 413 2740 ,
431 2711 486 2742 pro
504 2702 638 2732 ecelesia
657 2725 678 2732 ..
695 2702 865 2740 guardiani
887 2707 917 2733 et
935 2703 1068 2734 fratrum
1087 2704 1212 2734 ordinis

205 2758 370 2788 minorum
386 2756 613 2786 Saonensium.
629 2755 782 2794 (Por-ru..
801 2755 926 2792 23547.)

246 2811 282 2841 ln
305 2819 335 2840 e.
357 2819 420 2847 m.,
439 2817 494 2848 pro
514 2807 647 2838 ecclesia
673 2830 692 2838 ..
713 2808 885 2846 guardiani
911 2814 942 2840 et
965 2810 1098 2841 fratrum
1121 2811 1211 2841 ordi-

205 2864 256 2894 nis
282 2864 445 2894 minorum
472 2862 511 2892 de
531 2862 639 2892 Monte
655 2859 796 2897 Galerio,
817 2861 1029 2893 Taurinensis
1045 2863 1210 2894 dioecesis.

204 2916 357 2956 (Porta,
375 2915 499 2954 23647.)

1865 310 1990 341 Orvieto,
2012 311 2039 337 1³:
2057 311 2124 337 avril
2147 311 2219 338 lQ‘Jl.

1327 374 1360 403 ln
1385 382 1412 403 e.
1436 382 1498 410 m.,
1517 381 1573 412 pro
1595 372 1728 403 ecclesia
1750 395 1770 403 ..
1793 372 1963 411 praepositi
1980 377 2010 401 et
2029 371 2161 401 fratrum
2178 373 2290 402 domus

1283 427 1322 457 de
1343 427 1472 465 Galgari
1497 427 1736 465 Pergamensis,
1760 426 1799 456 ad
1825 434 1990 456 romanam
2014 425 2178 456 ecclesiam
2203 426 2291 456 nullo

1284 480 1390 510 medio
1414 481 1614 519 pertinentis,
1642 479 1764 510 ordinis
1796 479 2066 515 Humiliatorum‚
2094 479 2127 508 in
2156 484 2291 518 quatuor

1284 533 1394 563 beatae
1420 533 1555 568 Mariae,
1581 532 1613 561 in
1644 533 1735 571 cnjus
1766 532 1920 562 honorem
1948 532 2058 561 eadem
2085 531 2217 561 ecclesia
2247 537 2293 561 est

1285 591 1482 622 constructa,
1505 585 1751 621 festivitatibus,
1771 594 1826 623 per
1845 589 1914 614 octo
1933 584 2002 614 dies
2021 589 2189 623 sequentes
2210 590 2240 614 et
2258 586 2291 614 in

1285 639 1508 669 anniversario
1534 638 1586 667 die
1613 638 1822 668 dedicationis
1848 638 1991 676 eJusdern
2021 637 2184 668 ecclesiae.
2221 638 2288 667 Dat.

1285 692 1368 731 apud
1394 692 1676 726 Urbemveterem,
1700 701 1720 720 ιι
1744 691 1816 721 idus
1833 690 1964 730 aprilis,
1983 699 2069 721 anno
2090 695 2213 730 quarto.
2234 692 2289 729 (En

1288 745 1418 784 marye.)

1859 797 1990 826 Orvieto,
2012 797 2040 823 lt]
2056 797 2125 823 avril
2146 797 2221 824 1201.

1329 861 1364 890 ln
1380 870 1407 890 e.
1426 868 1483 896 m.,
1499 868 1554 898 pro
1570 859 1703 889 ecclesia
1717 858 1826 888 Sancti
1841 859 1926 888 Petri
1940 859 2072 897 apostoli
2085 859 2123 889 de
2137 858 2291 892 Galliaco.

1287 913 1451 944 Albiensis
1467 913 1640 947 dioecesis,
1658 912 1692 941 in
1709 911 1853 950 ejusdem
1869 912 1970 941 sancti
1987 917 2016 941 ct
2032 917 2167 950 quatuor
2187 912 2292 942 beatae

1288 966 1409 996 Mariae
1426 965 1661 1002 festivitatibus,
1682 974 1735 1004 per
1749 969 1818 995 octo
1834 965 1901 994 dies
1917 970 2086 1003 sequentes
2101 970 2131 994 et
2147 966 2179 994 in
2199 966 2293 994 anni-

1288 1019 1426 1049 versario
1450 1018 1501 1048 die
1524 1018 1736 1048 dedicationis
1759 1017 1902 1056 ejusdem
1925 1017 2086 1047 ecclcsiae.
2117 1018 2187 1047 Dat.
2211 1018 2293 1056 apud

1290 1073 1564 1107 Urbemveterem‚
1582 1080 1633 1100 xvi
1651 1071 1804 1101 kalendas
1821 1071 1912 1107 maii,
1928 1079 2014 1100 anno
2030 1075 2152 1110 quarto.
2170 1071 2272 1108 (losa.)

1863 1150 1994 1185 Ort-icto,
2014 1151 2042 1177 l?
2059 1151 2128 1177 avril
2149 1151 2223 1178 1291.

1331 1217 1366 1246 ln
1385 1224 1413 1246 e.
1431 1224 1474 1245 m.
1489 1239 1495 1251 ,
1515 1223 1570 1254 pro
1585 1214 1716 1244 ecclesia
1734 1214 1773 1244 de
1792 1213 1977 1249 Yclesbeke‚
1998 1213 2192 1243 Morinensis
2208 1213 2295 1243 dioe—

1289 1269 1387 1306 cesis,
1408 1269 1441 1298 in
1458 1268 1491 1298 S.
1512 1267 1678 1306 Folqnini,
1696 1267 1729 1296 in
1747 1267 1839 1306 cujus
1859 1267 2012 1297 honorem
2033 1266 2143 1296 eadem
2165 1266 2296 1296 ecclesia

1290 1328 1337 1353 est
1350 1326 1542 1357 constructa,
1557 1321 1640 1351 beati
1653 1320 1815 1350 Johannis
1830 1320 1991 1358 Baptistae
2001 1324 2031 1349 et
2046 1320 2125 1349 beati
2137 1319 2296 1349 Johannis

1291 1375 1516 1414 Evangelistae
1534 1374 1757 1404 festivitatibus
1768 1397 1776 1410 ‚
1795 1383 1850 1413 per
1863 1380 1932 1404 octo
1947 1374 2015 1404 dies
2031 1378 2199 1412 sequentes
2215 1379 2243 1403 et
2263 1374 2295 1403 in

1290 1430 1510 1460 anniversario
1537 1428 1587 1457 die
1615 1427 1829 1458 dedicationis
1859 1427 2002 1466 ejusdem
2030 1427 2189 1456 ecclesiae.
2225 1427 2293 1456 Dat.

1290 1482 1373 1522 apud
1391 1482 1667 1517 Urbemveterem,
1687 1490 1708 1510 ιι
1727 1481 1799 1510 idus
1813 1480 1936 1519 aprilis,
1952 1488 2038 1510 anno
2054 1479 2295 1519 quarto.(1l1itl.)

1862 1561 1994 1595 Orvieto,
2016 1561 2045 1588 13
2061 1560 2129 1587 avril
2148 1560 2225 1587 1201.

1331 1627 1368 1657 In
1385 1636 1412 1657 e.
1430 1635 1492 1662 m.,
1512 1633 1567 1664 pro
1585 1623 1719 1654 ecclesia
1737 1623 1776 1653 de
1791 1623 1919 1659 Aecho,
1937 1623 2193 1662 Pampilonensis
2208 1622 2293 1652 dioe-

1291 1681 1391 1718 cesis,
1411 1680 1445 1709 in
1469 1677 1608 1716 singulis
1631 1678 1664 1707 S.
1685 1677 1845 1707 Johannis
1872 1676 2112 1714 Evangelistae‚
2138 1676 2170 1705 S.
2201 1675 2295 1705 Blasii

1293 1734 1444 1773 martyris
1458 1737 1488 1763 et
1502 1735 1628 1761 sanctae
1642 1730 1815 1760 Katerinae
1830 1729 2064 1765 festivitatibus,
2082 1739 2135 1768 per
2146 1733 2214 1759 octo
2230 1729 2298 1758 dies

1292 1791 1461 1826 sequentes
1487 1790 1517 1815 et
1541 1785 1574 1814 in
1599 1783 1819 1814 anniversario
1842 1783 1893 1813 die
1917 1782 2125 1812 dedicationis
2152 1782 2295 1820 ejusdem

1292 1841 1455 1872 ecclesiae.
1473 1839 1545 1868 Dat.
1562 1838 1646 1877 apud
1664 1837 1936 1872 Urbemveterem‚
1955 1836 2061 1866 idibus
2076 1835 2195 1874 aprilis,
2211 1844 2296 1864 annu

1292 1899 1416 1934 quarto.
1434 1893 1536 1932 (lbid.)

1332 1948 1371 1978 In
1389 1956 1417 1977 e.
1437 1956 1479 1976 ni.
1493 1970 1500 1982 ,
1519 1954 1573 1985 pro
1588 1944 1721 1976 ecclesia
1737 1943 1846 1974 Sancti
1862 1942 2027 1972 Affrodisii
2049 1941 2239 1975 Biterrensi,
2262 1941 2294 1969 in

1292 2002 1456 2031 beatorum
1473 1997 1628 2028 Martialis
1642 2002 1673 2027 et
1684 1995 1813 2027 Geraldi
1827 1995 2042 2026 confessorum
2059 1993 2293 2023 festivitatibus.

1292 2063 1348 2093 per
1363 2057 1432 2083 octo
1450 2052 1517 2082 dies
1533 2054 1702 2090 sequentes
1717 2054 1747 2079 et
1763 2050 1796 2078 in
1816 2048 2038 2078 anniversario
2056 2047 2107 2077 die
2123 2046 2297 2076 dedicatio-

1293 2107 1343 2137 nis
1359 2105 1502 2145 ejusdem
1521 2103 1682 2134 ecclesiae.
1703 2103 1772 2132 Dat.
1792 2106 1946 2140 utsupra.
1963 2100 2068 2139 (Ibid.)

1863 2180 1995 2215 Orview,
2011 2180 2043 2206 ‘27
2061 2180 2130 2206 avril
2151 2179 2226 2206 129¹.

1335 2249 1371 2279 In
1393 2258 1420 2279 e.
1441 2256 1483 2277 m.
1497 2270 1504 2282 2
1529 2255 1584 2286 pro
1603 2245 1735 2276 ecclesia
1755 2243 1961 2282 Agennensi,
1980 2243 2013 2272 in
2034 2247 2170 2281 quatuor
2188 2241 2296 2271 beatae

1293 2302 1413 2332 Mariae
1438 2306 1468 2331 et
1487 2300 1520 2330 S.
1543 2298 1698 2338 Stephani
1724 2287 1966 2328 festivitatibus,
1991 2305 2044 2335 per
2066 2300 2134 2325 octo
2159 2295 2226 2324 dies
2248 2304 2298 2322 se-

1292 2358 1426 2395 quentes
1446 2358 1476 2384 et
1494 2354 1528 2383 in
1546 2351 1768 2382 anniversario
1785 2350 1836 2380 die
1856 2348 2065 2379 dedicationis
2087 2348 2228 2386 ejusdem
2246 2356 2297 2377 er-

1292 2408 1419 2438 clesiae.
1449 2407 1520 2436 Dat.
1550 2405 1634 2444 apud
1665 2404 1946 2437 Urhemveterem,
1973 2411 1991 2430 v
2020 2400 2172 2430 kalendas
2200 2399 2295 2429 maii.

1292 2469 1378 2492 anno
1392 2463 1512 2500 quarto.
1533 2458 1640 2497 (Ibicl.)

1887 2639 2012 2672 Orvieto,
2031 2638 2045 2665 S
2061 2637 2129 2663 avril
2150 2636 2223 2663 1³:¹3¹.

1362 2645 1481 2674 4284

1330 2707 1513 2743 Dispensatio
1529 2704 1712 2732 matrimonii.
1729 2702 1812 2736 (lieo.
1826 2702 1869 2732 ⁴6,
1885 2709 1910 2728 c.
1932 2701 1990 2733 12³,
2007 2701 2025 2726 f.
2043 2702 2075 2725 ’.Ἣ
2093 2707 2136 2724 ιᾚ

1335 2832 1355 2839 ..
1372 2810 1472 2839 abbati
1491 2806 1666 2836 ltiotiasterii
1682 2805 1789 2833 Sancte
1803 2804 1979 2840 Mamm-eze,
1997 2801 2113 2829 ortlims
2129 2801 2158 2828 S.
2176 2799 2294 2834 :lugius-

1295 2863 1371 2892 (ίιιί.
1392 2861 1539 2891 Eduensis
1564 2859 1706 2894 diocesis,
1728 2855 1859 2886 mandat
1884 2859 1918 2884 ut
1943 2863 2014 2883 cum
2037 2852 2201 2883 Johanne,
2226 2854 2297 2879 nato

1296 2914 1442 2952 lingonis
1465 2911 1630 2946 Censoris.
1657 2915 1687 2940 et
1711 2909 1875 2942 Johanua.
1904 2911 1975 2936 nata
1999 2903 2156 2934 Laurentii
2180 2903 2217 2932 de
2240 2902 2296 2932 Ρο-
