<?xml version="1.0" encoding="UTF-8"?>
<!DOCTYPE html PUBLIC "-//W3C//DTD XHTML 1.0 Transitional//EN"
    "http://www.w3.org/TR/xhtml1/DTD/xhtml1-transitional.dtd">
<html xmlns="http://www.w3.org/1999/xhtml" xml:lang="en" lang="en">
 <head>
  <title>
</title>
<meta http-equiv="Content-Type" content="text/html;charset=utf-8" />
  <meta name='ocr-system' content='tesseract 3.04.00' />
  <meta name='ocr-capabilities' content='ocr_page ocr_carea ocr_par ocr_line ocrx_word'/>
</head>
<body>
  <div class='ocr_page' id='page_1' title='image "./lesregistresdeni02romeuoft_0047.png"; bbox 0 0 2393 3496; ppageno 0'>
   <div class='ocr_carea' id='block_1_1' title="bbox 0 2054 3 2723">
    <p class='ocr_par' dir='ltr' id='par_1_1' title="bbox 0 2054 3 2723">
     <span class='ocr_line' id='line_1_1' title="bbox 0 2054 3 2723; baseline 0 0"><span class='ocrx_word' id='word_1_1' title='bbox 0 2054 3 2723; x_wconf 95' lang='lat' dir='ltr'> </span> 
     </span>
    </p>
   </div>
   <div class='ocr_carea' id='block_1_2' title="bbox 976 245 2238 293">
    <p class='ocr_par' dir='ltr' id='par_1_2' title="bbox 976 245 2238 293">
     <span class='ocr_line' id='line_1_2' title="bbox 976 245 2238 293; baseline -0.008 -6"><span class='ocrx_word' id='word_1_2' title='bbox 976 245 1230 293; x_wconf 68' lang='lat' dir='ltr'>QUATRn&#39;cME</span> <span class='ocrx_word' id='word_1_3' title='bbox 1252 246 1409 285; x_wconf 71' lang='lat' dir='ltr'>ANNEE.</span> <span class='ocrx_word' id='word_1_4' title='bbox 2185 259 2238 289; x_wconf 67' lang='lat'>721</span> 
     </span>
    </p>
   </div>
   <div class='ocr_carea' id='block_1_3' title="bbox 141 322 1154 2068">
    <p class='ocr_par' dir='ltr' id='par_1_3' title="bbox 141 322 1154 2068">
     <span class='ocr_line' id='line_1_3' title="bbox 142 322 1152 365; baseline -0.006 -8"><span class='ocrx_word' id='word_1_5' title='bbox 142 326 255 357; x_wconf 86' lang='lat' dir='ltr'>eodem</span> <span class='ocrx_word' id='word_1_6' title='bbox 272 333 468 365; x_wconf 77' lang='lat' dir='ltr'>processum,</span> <span class='ocrx_word' id='word_1_7' title='bbox 485 324 614 354; x_wconf 90' lang='lat' dir='ltr'>tandem</span> <span class='ocrx_word' id='word_1_8' title='bbox 630 324 750 363; x_wconf 82' lang='lat' dir='ltr'>prefato</span> <span class='ocrx_word' id='word_1_9' title='bbox 764 323 882 354; x_wconf 85' lang='lat' dir='ltr'>Jacobo</span> <span class='ocrx_word' id='word_1_10' title='bbox 901 324 984 354; x_wconf 85' lang='lat' dir='ltr'>viam</span> <span class='ocrx_word' id='word_1_11' title='bbox 1003 322 1152 352; x_wconf 86' lang='lat' dir='ltr'>universe</span> 
     </span>
     <span class='ocr_line' id='line_1_4' title="bbox 142 373 1152 416; baseline -0.004 -7"><span class='ocrx_word' id='word_1_12' title='bbox 142 378 250 410; x_wconf 87' lang='lat' dir='ltr'>carnis</span> <span class='ocrx_word' id='word_1_13' title='bbox 265 379 429 416; x_wconf 68' lang='lat' dir='ltr'>ingresso,</span> <span class='ocrx_word' id='word_1_14' title='bbox 453 381 649 407; x_wconf 91' lang='lat' dir='ltr'>memoratus</span> <span class='ocrx_word' id='word_1_15' title='bbox 667 378 762 413; x_wconf 79' lang='lat' dir='ltr'>Acto,</span> <span class='ocrx_word' id='word_1_16' title='bbox 784 377 823 407; x_wconf 91' lang='lat' dir='ltr'>de</span> <span class='ocrx_word' id='word_1_17' title='bbox 841 377 923 406; x_wconf 85' lang='lat' dir='ltr'>dicta</span> <span class='ocrx_word' id='word_1_18' title='bbox 941 375 1096 406; x_wconf 74' lang='lat' dir='ltr'>electione</span> <span class='ocrx_word' id='word_1_19' title='bbox 1113 373 1152 404; x_wconf 88' lang='lat' dir='ltr'>de</span> 
     </span>
     <span class='ocr_line' id='line_1_5' title="bbox 143 427 1152 470; baseline -0.005 -9"><span class='ocrx_word' id='word_1_20' title='bbox 143 440 178 462; x_wconf 85' lang='lat' dir='ltr'>se</span> <span class='ocrx_word' id='word_1_21' title='bbox 199 431 289 470; x_wconf 88' lang='lat' dir='ltr'>prius</span> <span class='ocrx_word' id='word_1_22' title='bbox 312 430 423 460; x_wconf 86' lang='lat' dir='ltr'>habita</span> <span class='ocrx_word' id='word_1_23' title='bbox 443 438 509 460; x_wconf 91' lang='lat' dir='ltr'>non</span> <span class='ocrx_word' id='word_1_24' title='bbox 533 430 684 466; x_wconf 86' lang='lat' dir='ltr'>confisus,</span> <span class='ocrx_word' id='word_1_25' title='bbox 709 438 742 460; x_wconf 90' lang='lat' dir='ltr'>se</span> <span class='ocrx_word' id='word_1_26' title='bbox 766 429 880 460; x_wconf 88' lang='lat' dir='ltr'>iterato</span> <span class='ocrx_word' id='word_1_27' title='bbox 903 438 958 468; x_wconf 89' lang='lat' dir='ltr'>per</span> <span class='ocrx_word' id='word_1_28' title='bbox 977 427 1152 458; x_wconf 88' lang='lat' dir='ltr'>nonnullos</span> 
     </span>
     <span class='ocr_line' id='line_1_6' title="bbox 143 482 1150 524; baseline -0.004 -10"><span class='ocrx_word' id='word_1_29' title='bbox 143 485 246 524; x_wconf 90' lang='lat' dir='ltr'>ipsius</span> <span class='ocrx_word' id='word_1_30' title='bbox 260 483 392 514; x_wconf 82' lang='lat' dir='ltr'>ecclesie</span> <span class='ocrx_word' id='word_1_31' title='bbox 408 483 580 514; x_wconf 89' lang='lat' dir='ltr'>canonicos</span> <span class='ocrx_word' id='word_1_32' title='bbox 591 506 599 518; x_wconf 89' lang='lat'><strong>‚</strong></span> <span class='ocrx_word' id='word_1_33' title='bbox 615 483 851 514; x_wconf 84' lang='lat' dir='ltr'>interveniente</span> <span class='ocrx_word' id='word_1_34' title='bbox 862 507 869 519; x_wconf 91' lang='lat'>‚</span> <span class='ocrx_word' id='word_1_35' title='bbox 886 483 968 513; x_wconf 91' lang='lat' dir='ltr'>sicut</span> <span class='ocrx_word' id='word_1_36' title='bbox 985 482 1150 517; x_wconf 72' lang='lat' dir='ltr'>asseritur„</span> 
     </span>
     <span class='ocr_line' id='line_1_7' title="bbox 142 534 1152 576; baseline -0.004 -8"><span class='ocrx_word' id='word_1_37' title='bbox 142 537 216 568; x_wconf 89' lang='lat' dir='ltr'>labe</span> <span class='ocrx_word' id='word_1_38' title='bbox 240 537 426 576; x_wconf 82' lang='lat' dir='ltr'>symoniace</span> <span class='ocrx_word' id='word_1_39' title='bbox 453 536 633 576; x_wconf 85' lang='lat' dir='ltr'>pravitatis,</span> <span class='ocrx_word' id='word_1_40' title='bbox 660 537 696 566; x_wconf 88' lang='lat' dir='ltr'>in</span> <span class='ocrx_word' id='word_1_41' title='bbox 720 537 864 575; x_wconf 80' lang='lat' dir='ltr'>ejusdem</span> <span class='ocrx_word' id='word_1_42' title='bbox 890 535 1024 566; x_wconf 88' lang='lat' dir='ltr'>ecclesie</span> <span class='ocrx_word' id='word_1_43' title='bbox 1044 534 1152 565; x_wconf 88' lang='lat' dir='ltr'>archi-</span> 
     </span>
     <span class='ocr_line' id='line_1_8' title="bbox 143 588 1150 630; baseline -0.003 -10"><span class='ocrx_word' id='word_1_44' title='bbox 143 589 369 630; x_wconf 79' lang='lat' dir='ltr'>presbyterum</span> <span class='ocrx_word' id='word_1_45' title='bbox 379 588 457 627; x_wconf 85' lang='lat' dir='ltr'>eligi</span> <span class='ocrx_word' id='word_1_46' title='bbox 470 589 663 628; x_wconf 82' lang='lat' dir='ltr'>procuravit.</span> <span class='ocrx_word' id='word_1_47' title='bbox 677 598 724 625; x_wconf 79' lang='lat' dir='ltr'>ac,</span> <span class='ocrx_word' id='word_1_48' title='bbox 739 589 809 619; x_wconf 90' lang='lat' dir='ltr'>talis</span> <span class='ocrx_word' id='word_1_49' title='bbox 820 589 985 620; x_wconf 75' lang='lat' dir='ltr'>electionis</span> <span class='ocrx_word' id='word_1_50' title='bbox 996 592 1150 627; x_wconf 83' lang='lat' dir='ltr'>pretextu,</span> 
     </span>
     <span class='ocr_line' id='line_1_9' title="bbox 143 641 1152 682; baseline -0.001 -10"><span class='ocrx_word' id='word_1_51' title='bbox 143 650 331 682; x_wconf 83' lang='lat' dir='ltr'>quanquam</span> <span class='ocrx_word' id='word_1_52' title='bbox 363 641 464 681; x_wconf 89' lang='lat' dir='ltr'>ipsius</span> <span class='ocrx_word' id='word_1_53' title='bbox 495 641 662 673; x_wconf 76' lang='lat' dir='ltr'>electionis</span> <span class='ocrx_word' id='word_1_54' title='bbox 697 642 992 679; x_wconf 86' lang='lat' dir='ltr'>confirmationem,</span> <span class='ocrx_word' id='word_1_55' title='bbox 1032 641 1059 671; x_wconf 91' lang='lat' dir='ltr'>si</span> <span class='ocrx_word' id='word_1_56' title='bbox 1089 649 1152 679; x_wconf 85' lang='lat' dir='ltr'>qua</span> 
     </span>
     <span class='ocr_line' id='line_1_10' title="bbox 144 694 1152 734; baseline -0.001 -9"><span class='ocrx_word' id='word_1_57' title='bbox 144 694 269 730; x_wconf 69' lang='lat' dir='ltr'>fuisset,</span> <span class='ocrx_word' id='word_1_58' title='bbox 293 694 380 724; x_wconf 82' lang='lat' dir='ltr'>infra</span> <span class='ocrx_word' id='word_1_59' title='bbox 403 700 527 734; x_wconf 89' lang='lat' dir='ltr'>tempus</span> <span class='ocrx_word' id='word_1_60' title='bbox 549 704 567 725; x_wconf 90' lang='lat' dir='ltr'>a</span> <span class='ocrx_word' id='word_1_61' title='bbox 583 696 656 734; x_wconf 88' lang='lat' dir='ltr'>jure</span> <span class='ocrx_word' id='word_1_62' title='bbox 677 700 829 726; x_wconf 87' lang='lat' dir='ltr'>statutum</span> <span class='ocrx_word' id='word_1_63' title='bbox 846 703 1050 734; x_wconf 88' lang='lat' dir='ltr'>nequaquam</span> <span class='ocrx_word' id='word_1_64' title='bbox 1069 694 1152 725; x_wconf 88' lang='lat' dir='ltr'>obti-</span> 
     </span>
     <span class='ocr_line' id='line_1_11' title="bbox 145 748 1153 788; baseline 0 -10"><span class='ocrx_word' id='word_1_65' title='bbox 145 749 269 784; x_wconf 85' lang='lat' dir='ltr'>nuerit,</span> <span class='ocrx_word' id='word_1_66' title='bbox 288 757 346 778; x_wconf 91' lang='lat' dir='ltr'>nec</span> <span class='ocrx_word' id='word_1_67' title='bbox 365 748 463 779; x_wconf 87' lang='lat' dir='ltr'>etiam</span> <span class='ocrx_word' id='word_1_68' title='bbox 484 748 667 788; x_wconf 83' lang='lat' dir='ltr'>postularit,</span> <span class='ocrx_word' id='word_1_69' title='bbox 686 748 822 779; x_wconf 91' lang='lat' dir='ltr'>eandem</span> <span class='ocrx_word' id='word_1_70' title='bbox 843 749 1011 779; x_wconf 88' lang='lat' dir='ltr'>ecclesiam</span> <span class='ocrx_word' id='word_1_71' title='bbox 1035 753 1153 778; x_wconf 90' lang='lat' dir='ltr'>temere</span> 
     </span>
     <span class='ocr_line' id='line_1_12' title="bbox 144 801 1153 842; baseline -0.001 -10"><span class='ocrx_word' id='word_1_72' title='bbox 144 809 316 842; x_wconf 69' lang='lat' dir='ltr'>occupans,</span> <span class='ocrx_word' id='word_1_73' title='bbox 332 801 424 832; x_wconf 85' lang='lat' dir='ltr'>illam</span> <span class='ocrx_word' id='word_1_74' title='bbox 440 811 495 841; x_wconf 88' lang='lat' dir='ltr'>per</span> <span class='ocrx_word' id='word_1_75' title='bbox 508 810 624 832; x_wconf 90' lang='lat' dir='ltr'>novem</span> <span class='ocrx_word' id='word_1_76' title='bbox 634 810 735 832; x_wconf 91' lang='lat' dir='ltr'>annos</span> <span class='ocrx_word' id='word_1_77' title='bbox 746 807 777 832; x_wconf 92' lang='lat' dir='ltr'>et</span> <span class='ocrx_word' id='word_1_78' title='bbox 791 802 930 840; x_wconf 88' lang='lat' dir='ltr'>amplius</span> <span class='ocrx_word' id='word_1_79' title='bbox 947 802 1048 832; x_wconf 88' lang='lat' dir='ltr'>tenuit</span> <span class='ocrx_word' id='word_1_80' title='bbox 1062 810 1153 832; x_wconf 88' lang='lat' dir='ltr'>occu-</span> 
     </span>
     <span class='ocr_line' id='line_1_13' title="bbox 143 855 1152 894; baseline -0.001 -9"><span class='ocrx_word' id='word_1_81' title='bbox 143 859 262 894; x_wconf 85' lang='lat' dir='ltr'>patam,</span> <span class='ocrx_word' id='word_1_82' title='bbox 278 855 537 886; x_wconf 89' lang='lat' dir='ltr'>administrando</span> <span class='ocrx_word' id='word_1_83' title='bbox 556 855 790 886; x_wconf 82' lang='lat' dir='ltr'>nichilominus</span> <span class='ocrx_word' id='word_1_84' title='bbox 805 855 1012 894; x_wconf 76' lang='lat' dir='ltr'>spiritualiter</span> <span class='ocrx_word' id='word_1_85' title='bbox 1028 859 1059 884; x_wconf 90' lang='lat' dir='ltr'>et</span> <span class='ocrx_word' id='word_1_86' title='bbox 1071 858 1152 884; x_wconf 90' lang='lat' dir='ltr'>tem-</span> 
     </span>
     <span class='ocr_line' id='line_1_14' title="bbox 143 908 1151 948; baseline -0.001 -9"><span class='ocrx_word' id='word_1_87' title='bbox 143 908 297 948; x_wconf 86' lang='lat' dir='ltr'>poraliter</span> <span class='ocrx_word' id='word_1_88' title='bbox 309 909 345 939; x_wconf 89' lang='lat' dir='ltr'>in</span> <span class='ocrx_word' id='word_1_89' title='bbox 357 909 481 946; x_wconf 80' lang='lat' dir='ltr'>eadem,</span> <span class='ocrx_word' id='word_1_90' title='bbox 496 910 530 939; x_wconf 92' lang='lat' dir='ltr'>in</span> <span class='ocrx_word' id='word_1_91' title='bbox 543 910 652 940; x_wconf 86' lang='lat' dir='ltr'>anime</span> <span class='ocrx_word' id='word_1_92' title='bbox 664 919 720 940; x_wconf 93' lang='lat' dir='ltr'>sue</span> <span class='ocrx_word' id='word_1_93' title='bbox 731 909 921 948; x_wconf 77' lang='lat' dir='ltr'>periculum.</span> <span class='ocrx_word' id='word_1_94' title='bbox 938 908 1151 947; x_wconf 89' lang='lat' dir='ltr'>plurimorum</span> 
     </span>
     <span class='ocr_line' id='line_1_15' title="bbox 143 961 1151 1002; baseline -0.002 -10"><span class='ocrx_word' id='word_1_95' title='bbox 143 961 333 992; x_wconf 84' lang='lat' dir='ltr'>scandalum</span> <span class='ocrx_word' id='word_1_96' title='bbox 345 967 376 992; x_wconf 88' lang='lat' dir='ltr'>et</span> <span class='ocrx_word' id='word_1_97' title='bbox 391 963 494 1002; x_wconf 90' lang='lat' dir='ltr'>ipsius</span> <span class='ocrx_word' id='word_1_98' title='bbox 509 962 642 993; x_wconf 89' lang='lat' dir='ltr'>ecclesie</span> <span class='ocrx_word' id='word_1_99' title='bbox 653 970 718 992; x_wconf 91' lang='lat' dir='ltr'>non</span> <span class='ocrx_word' id='word_1_100' title='bbox 735 962 896 992; x_wconf 88' lang='lat' dir='ltr'>modicum</span> <span class='ocrx_word' id='word_1_101' title='bbox 909 962 1151 992; x_wconf 78' lang='lat' dir='ltr'>detrimentum.</span> 
     </span>
     <span class='ocr_line' id='line_1_16' title="bbox 144 1014 1154 1056; baseline -0.001 -10"><span class='ocrx_word' id='word_1_102' title='bbox 144 1014 295 1055; x_wconf 87' lang='lat' dir='ltr'>Cumque</span> <span class='ocrx_word' id='word_1_103' title='bbox 310 1016 512 1055; x_wconf 88' lang='lat' dir='ltr'>postmodum</span> <span class='ocrx_word' id='word_1_104' title='bbox 533 1025 570 1046; x_wconf 79' lang='lat' dir='ltr'>ex</span> <span class='ocrx_word' id='word_1_105' title='bbox 591 1021 679 1056; x_wconf 88' lang='lat' dir='ltr'>parte</span> <span class='ocrx_word' id='word_1_106' title='bbox 694 1016 770 1046; x_wconf 86' lang='lat' dir='ltr'>dicti</span> <span class='ocrx_word' id='word_1_107' title='bbox 785 1015 918 1046; x_wconf 87' lang='lat' dir='ltr'>Actonis</span> <span class='ocrx_word' id='word_1_108' title='bbox 934 1016 1026 1046; x_wconf 90' lang='lat' dir='ltr'>nobis</span> <span class='ocrx_word' id='word_1_109' title='bbox 1043 1016 1154 1045; x_wconf 87' lang='lat' dir='ltr'>suisset</span> 
     </span>
     <span class='ocr_line' id='line_1_17' title="bbox 145 1068 1150 1108; baseline -0.001 -9"><span class='ocrx_word' id='word_1_110' title='bbox 145 1068 314 1099; x_wconf 88' lang='lat' dir='ltr'>humiliter</span> <span class='ocrx_word' id='word_1_111' title='bbox 334 1069 531 1108; x_wconf 91' lang='lat' dir='ltr'>postulatum</span> <span class='ocrx_word' id='word_1_112' title='bbox 551 1074 602 1104; x_wconf 88' lang='lat' dir='ltr'>ut,</span> <span class='ocrx_word' id='word_1_113' title='bbox 627 1077 702 1100; x_wconf 92' lang='lat' dir='ltr'>cum</span> <span class='ocrx_word' id='word_1_114' title='bbox 724 1068 857 1099; x_wconf 91' lang='lat' dir='ltr'>ecclesia</span> <span class='ocrx_word' id='word_1_115' title='bbox 876 1068 1029 1107; x_wconf 88' lang='lat' dir='ltr'>prelibata</span> <span class='ocrx_word' id='word_1_116' title='bbox 1050 1073 1150 1103; x_wconf 90' lang='lat' dir='ltr'>tanto,</span> 
     </span>
     <span class='ocr_line' id='line_1_18' title="bbox 145 1121 1153 1162; baseline -0.003 -9"><span class='ocrx_word' id='word_1_117' title='bbox 145 1125 180 1153; x_wconf 89' lang='lat' dir='ltr'>ut</span> <span class='ocrx_word' id='word_1_118' title='bbox 202 1122 385 1160; x_wconf 75' lang='lat' dir='ltr'>dicebatur,</span> <span class='ocrx_word' id='word_1_119' title='bbox 411 1126 609 1162; x_wconf 79' lang='lat' dir='ltr'>premeretur</span> <span class='ocrx_word' id='word_1_120' title='bbox 634 1130 731 1152; x_wconf 91' lang='lat' dir='ltr'>onere</span> <span class='ocrx_word' id='word_1_121' title='bbox 759 1121 950 1161; x_wconf 84' lang='lat' dir='ltr'>paupertatis</span> <span class='ocrx_word' id='word_1_122' title='bbox 973 1121 1058 1160; x_wconf 89' lang='lat' dir='ltr'>quod</span> <span class='ocrx_word' id='word_1_123' title='bbox 1084 1121 1153 1160; x_wconf 91' lang='lat' dir='ltr'>ipse</span> 
     </span>
     <span class='ocr_line' id='line_1_19' title="bbox 143 1174 1153 1214; baseline -0.003 -8"><span class='ocrx_word' id='word_1_124' title='bbox 143 1175 236 1210; x_wconf 76' lang='lat' dir='ltr'>Anto,</span> <span class='ocrx_word' id='word_1_125' title='bbox 250 1175 306 1214; x_wconf 91' lang='lat' dir='ltr'>qui</span> <span class='ocrx_word' id='word_1_126' title='bbox 322 1175 357 1205; x_wconf 89' lang='lat' dir='ltr'>in</span> <span class='ocrx_word' id='word_1_127' title='bbox 374 1174 462 1206; x_wconf 92' lang='lat' dir='ltr'>illius</span> <span class='ocrx_word' id='word_1_128' title='bbox 476 1174 794 1214; x_wconf 77' lang='lat' dir='ltr'>archipresbyterum</span> <span class='ocrx_word' id='word_1_129' title='bbox 813 1183 846 1204; x_wconf 89' lang='lat' dir='ltr'>se</span> <span class='ocrx_word' id='word_1_130' title='bbox 860 1175 1014 1205; x_wconf 88' lang='lat' dir='ltr'>canonice</span> <span class='ocrx_word' id='word_1_131' title='bbox 1030 1179 1153 1214; x_wconf 88' lang='lat' dir='ltr'>preten-</span> 
     </span>
     <span class='ocr_line' id='line_1_20' title="bbox 145 1227 1152 1267; baseline -0.001 -9"><span class='ocrx_word' id='word_1_132' title='bbox 145 1227 241 1258; x_wconf 85' lang='lat' dir='ltr'>debat</span> <span class='ocrx_word' id='word_1_133' title='bbox 258 1227 394 1259; x_wconf 84' lang='lat' dir='ltr'>electum</span> <span class='ocrx_word' id='word_1_134' title='bbox 405 1253 412 1265; x_wconf 83' lang='lat'>,</span> <span class='ocrx_word' id='word_1_135' title='bbox 431 1237 496 1259; x_wconf 91' lang='lat' dir='ltr'>non</span> <span class='ocrx_word' id='word_1_136' title='bbox 517 1232 638 1267; x_wconf 90' lang='lat' dir='ltr'>poterat</span> <span class='ocrx_word' id='word_1_137' title='bbox 657 1228 778 1266; x_wconf 85' lang='lat' dir='ltr'>absque</span> <span class='ocrx_word' id='word_1_138' title='bbox 798 1228 900 1266; x_wconf 89' lang='lat' dir='ltr'>ipsius</span> <span class='ocrx_word' id='word_1_139' title='bbox 915 1227 1047 1258; x_wconf 87' lang='lat' dir='ltr'>ecclesie</span> <span class='ocrx_word' id='word_1_140' title='bbox 1061 1228 1152 1266; x_wconf 86' lang='lat' dir='ltr'>gravi</span> 
     </span>
     <span class='ocr_line' id='line_1_21' title="bbox 145 1281 1153 1321; baseline 0 -10"><span class='ocrx_word' id='word_1_141' title='bbox 145 1281 288 1321; x_wconf 87' lang='lat' dir='ltr'>periculo</span> <span class='ocrx_word' id='word_1_142' title='bbox 311 1281 420 1312; x_wconf 90' lang='lat' dir='ltr'>sedem</span> <span class='ocrx_word' id='word_1_143' title='bbox 444 1281 532 1312; x_wconf 90' lang='lat' dir='ltr'>adire</span> <span class='ocrx_word' id='word_1_144' title='bbox 552 1281 728 1321; x_wconf 84' lang='lat' dir='ltr'>predictam</span> <span class='ocrx_word' id='word_1_145' title='bbox 754 1290 810 1321; x_wconf 92' lang='lat' dir='ltr'>pro</span> <span class='ocrx_word' id='word_1_146' title='bbox 831 1282 1075 1312; x_wconf 85' lang='lat' dir='ltr'>confirmatione</span> <span class='ocrx_word' id='word_1_147' title='bbox 1096 1291 1153 1312; x_wconf 90' lang='lat' dir='ltr'>sue</span> 
     </span>
     <span class='ocr_line' id='line_1_22' title="bbox 145 1333 1152 1374; baseline -0.001 -8"><span class='ocrx_word' id='word_1_148' title='bbox 145 1333 313 1366; x_wconf 84' lang='lat' dir='ltr'>electionis</span> <span class='ocrx_word' id='word_1_149' title='bbox 333 1334 521 1374; x_wconf 86' lang='lat' dir='ltr'>hujusmodi</span> <span class='ocrx_word' id='word_1_150' title='bbox 545 1335 736 1371; x_wconf 92' lang='lat' dir='ltr'>obtinenda,</span> <span class='ocrx_word' id='word_1_151' title='bbox 757 1335 957 1365; x_wconf 87' lang='lat' dir='ltr'>committere</span> <span class='ocrx_word' id='word_1_152' title='bbox 981 1335 1152 1366; x_wconf 84' lang='lat' dir='ltr'>conflrma-</span> 
     </span>
     <span class='ocr_line' id='line_1_23' title="bbox 147 1387 1153 1428; baseline 0 -10"><span class='ocrx_word' id='word_1_153' title='bbox 147 1388 267 1418; x_wconf 88' lang='lat' dir='ltr'>tionem</span> <span class='ocrx_word' id='word_1_154' title='bbox 290 1387 427 1418; x_wconf 85' lang='lat' dir='ltr'>eandem</span> <span class='ocrx_word' id='word_1_155' title='bbox 448 1388 482 1418; x_wconf 90' lang='lat' dir='ltr'>in</span> <span class='ocrx_word' id='word_1_156' title='bbox 506 1387 573 1418; x_wconf 91' lang='lat' dir='ltr'>illis</span> <span class='ocrx_word' id='word_1_157' title='bbox 593 1388 735 1428; x_wconf 89' lang='lat' dir='ltr'>partibus</span> <span class='ocrx_word' id='word_1_158' title='bbox 757 1387 982 1426; x_wconf 84' lang='lat' dir='ltr'>dignaremur,</span> <span class='ocrx_word' id='word_1_159' title='bbox 1002 1388 1092 1418; x_wconf 89' lang='lat' dir='ltr'>nulla</span> <span class='ocrx_word' id='word_1_160' title='bbox 1114 1389 1153 1419; x_wconf 86' lang='lat' dir='ltr'>de</span> 
     </span>
     <span class='ocr_line' id='line_1_24' title="bbox 143 1431 1154 1481; baseline 0.001 -9"><span class='ocrx_word' id='word_1_161' title='bbox 143 1439 236 1481; x_wconf 78' lang='lat' dir='ltr'>lapsu</span> <span class='ocrx_word' id='word_1_162' title='bbox 252 1441 403 1480; x_wconf 87' lang='lat' dir='ltr'>temporis</span> <span class='ocrx_word' id='word_1_163' title='bbox 418 1445 450 1472; x_wconf 92' lang='lat' dir='ltr'>et</span> <span class='ocrx_word' id='word_1_164' title='bbox 463 1440 538 1471; x_wconf 90' lang='lat' dir='ltr'>aliis</span> <span class='ocrx_word' id='word_1_165' title='bbox 553 1431 743 1480; x_wconf 83' lang='lat' dir='ltr'>supradictis</span> <span class='ocrx_word' id='word_1_166' title='bbox 758 1441 867 1472; x_wconf 78' lang='lat' dir='ltr'>habita</span> <span class='ocrx_word' id='word_1_167' title='bbox 884 1442 1064 1478; x_wconf 87' lang='lat' dir='ltr'>mentione,</span> <span class='ocrx_word' id='word_1_168' title='bbox 1083 1451 1154 1473; x_wconf 90' lang='lat' dir='ltr'>nos-</span> 
     </span>
     <span class='ocr_line' id='line_1_25' title="bbox 144 1493 1153 1534; baseline 0.002 -10"><span class='ocrx_word' id='word_1_169' title='bbox 144 1502 208 1534; x_wconf 81' lang='lat' dir='ltr'>que</span> <span class='ocrx_word' id='word_1_170' title='bbox 230 1493 407 1525; x_wconf 85' lang='lat' dir='ltr'>venerabili</span> <span class='ocrx_word' id='word_1_171' title='bbox 429 1495 521 1524; x_wconf 80' lang='lat' dir='ltr'>fratri</span> <span class='ocrx_word' id='word_1_172' title='bbox 547 1499 655 1525; x_wconf 90' lang='lat' dir='ltr'>nostro</span> <span class='ocrx_word' id='word_1_173' title='bbox 675 1495 725 1532; x_wconf 90' lang='lat' dir='ltr'>L.,</span> <span class='ocrx_word' id='word_1_174' title='bbox 742 1494 884 1525; x_wconf 80' lang='lat' dir='ltr'>Ostiensi</span> <span class='ocrx_word' id='word_1_175' title='bbox 906 1500 937 1525; x_wconf 90' lang='lat' dir='ltr'>et</span> <span class='ocrx_word' id='word_1_176' title='bbox 960 1495 1153 1526; x_wconf 87' lang='lat' dir='ltr'>Velletrensi</span> 
     </span>
     <span class='ocr_line' id='line_1_26' title="bbox 144 1547 1152 1588; baseline 0.001 -10"><span class='ocrx_word' id='word_1_177' title='bbox 144 1547 307 1588; x_wconf 87' lang='lat' dir='ltr'>episcopo,</span> <span class='ocrx_word' id='word_1_178' title='bbox 323 1547 528 1578; x_wconf 86' lang='lat' dir='ltr'>duxissemus</span> <span class='ocrx_word' id='word_1_179' title='bbox 549 1548 609 1578; x_wconf 90' lang='lat' dir='ltr'>sub</span> <span class='ocrx_word' id='word_1_180' title='bbox 628 1552 714 1578; x_wconf 88' lang='lat' dir='ltr'>certa</span> <span class='ocrx_word' id='word_1_181' title='bbox 733 1548 835 1578; x_wconf 81' lang='lat' dir='ltr'>forma</span> <span class='ocrx_word' id='word_1_182' title='bbox 850 1548 971 1578; x_wconf 91' lang='lat' dir='ltr'>dictum</span> <span class='ocrx_word' id='word_1_183' title='bbox 988 1550 1152 1587; x_wconf 82' lang='lat' dir='ltr'>negotium</span> 
     </span>
     <span class='ocr_line' id='line_1_27' title="bbox 142 1601 1153 1641; baseline 0.001 -9"><span class='ocrx_word' id='word_1_184' title='bbox 142 1601 410 1632; x_wconf 69' lang='lat' dir='ltr'>committendum</span> <span class='ocrx_word' id='word_1_185' title='bbox 424 1626 431 1638; x_wconf 89' lang='lat'><strong>‚</strong></span> <span class='ocrx_word' id='word_1_186' title='bbox 461 1611 498 1632; x_wconf 80' lang='lat' dir='ltr'>ex</span> <span class='ocrx_word' id='word_1_187' title='bbox 531 1605 618 1641; x_wconf 89' lang='lat' dir='ltr'>parte</span> <span class='ocrx_word' id='word_1_188' title='bbox 645 1602 804 1632; x_wconf 88' lang='lat' dir='ltr'>dictorum</span> <span class='ocrx_word' id='word_1_189' title='bbox 833 1603 1063 1633; x_wconf 87' lang='lat' dir='ltr'>canonicorum</span> <span class='ocrx_word' id='word_1_190' title='bbox 1094 1603 1153 1633; x_wconf 82' lang='lat' dir='ltr'>suit</span> 
     </span>
     <span class='ocr_line' id='line_1_28' title="bbox 142 1654 1152 1695; baseline 0.001 -10"><span class='ocrx_word' id='word_1_191' title='bbox 142 1654 237 1686; x_wconf 91' lang='lat' dir='ltr'>nobis</span> <span class='ocrx_word' id='word_1_192' title='bbox 252 1654 420 1685; x_wconf 88' lang='lat' dir='ltr'>humiliter</span> <span class='ocrx_word' id='word_1_193' title='bbox 430 1655 643 1694; x_wconf 85' lang='lat' dir='ltr'>supplicatum</span> <span class='ocrx_word' id='word_1_194' title='bbox 657 1660 702 1692; x_wconf 85' lang='lat' dir='ltr'>ut,</span> <span class='ocrx_word' id='word_1_195' title='bbox 715 1664 788 1685; x_wconf 91' lang='lat' dir='ltr'>cum</span> <span class='ocrx_word' id='word_1_196' title='bbox 801 1655 886 1686; x_wconf 90' lang='lat' dir='ltr'>dicta</span> <span class='ocrx_word' id='word_1_197' title='bbox 899 1655 1041 1691; x_wconf 83' lang='lat' dir='ltr'>ecclesia,</span> <span class='ocrx_word' id='word_1_198' title='bbox 1055 1665 1152 1695; x_wconf 87' lang='lat' dir='ltr'>quam</span> 
     </span>
     <span class='ocr_line' id='line_1_29' title="bbox 141 1708 1152 1748; baseline 0.002 -10"><span class='ocrx_word' id='word_1_199' title='bbox 141 1711 270 1748; x_wconf 87' lang='lat' dir='ltr'>propter</span> <span class='ocrx_word' id='word_1_200' title='bbox 283 1708 526 1747; x_wconf 87' lang='lat' dir='ltr'>occupationem</span> <span class='ocrx_word' id='word_1_201' title='bbox 547 1708 736 1748; x_wconf 89' lang='lat' dir='ltr'>hujusmodi</span> <span class='ocrx_word' id='word_1_202' title='bbox 759 1709 856 1739; x_wconf 83' lang='lat' dir='ltr'>fuisse</span> <span class='ocrx_word' id='word_1_203' title='bbox 878 1709 1025 1740; x_wconf 87' lang='lat' dir='ltr'>dicebant</span> <span class='ocrx_word' id='word_1_204' title='bbox 1040 1710 1152 1740; x_wconf 90' lang='lat' dir='ltr'>multi-</span> 
     </span>
     <span class='ocr_line' id='line_1_30' title="bbox 142 1760 1152 1803; baseline 0.003 -12"><span class='ocrx_word' id='word_1_205' title='bbox 142 1760 268 1801; x_wconf 85' lang='lat' dir='ltr'>pliciter</span> <span class='ocrx_word' id='word_1_206' title='bbox 281 1760 465 1798; x_wconf 85' lang='lat' dir='ltr'>laceratam,</span> <span class='ocrx_word' id='word_1_207' title='bbox 485 1766 572 1792; x_wconf 87' lang='lat' dir='ltr'>tanto</span> <span class='ocrx_word' id='word_1_208' title='bbox 589 1766 730 1801; x_wconf 90' lang='lat' dir='ltr'>tempore</span> <span class='ocrx_word' id='word_1_209' title='bbox 742 1763 810 1801; x_wconf 89' lang='lat' dir='ltr'>jam</span> <span class='ocrx_word' id='word_1_210' title='bbox 826 1767 966 1793; x_wconf 79' lang='lat' dir='ltr'>vacasset</span> <span class='ocrx_word' id='word_1_211' title='bbox 982 1764 1066 1802; x_wconf 88' lang='lat' dir='ltr'>quod</span> <span class='ocrx_word' id='word_1_212' title='bbox 1082 1765 1152 1803; x_wconf 87' lang='lat' dir='ltr'>ejus</span> 
     </span>
     <span class='ocr_line' id='line_1_31' title="bbox 142 1814 1151 1855; baseline 0.002 -10"><span class='ocrx_word' id='word_1_213' title='bbox 142 1814 283 1854; x_wconf 79' lang='lat' dir='ltr'>provisio</span> <span class='ocrx_word' id='word_1_214' title='bbox 299 1819 367 1845; x_wconf 87' lang='lat' dir='ltr'>erat</span> <span class='ocrx_word' id='word_1_215' title='bbox 383 1815 423 1845; x_wconf 90' lang='lat' dir='ltr'>ad</span> <span class='ocrx_word' id='word_1_216' title='bbox 439 1824 497 1846; x_wconf 92' lang='lat' dir='ltr'>nos</span> <span class='ocrx_word' id='word_1_217' title='bbox 518 1824 574 1855; x_wconf 86' lang='lat' dir='ltr'>per</span> <span class='ocrx_word' id='word_1_218' title='bbox 588 1815 714 1855; x_wconf 88' lang='lat' dir='ltr'>lapsum</span> <span class='ocrx_word' id='word_1_219' title='bbox 734 1814 902 1855; x_wconf 82' lang='lat' dir='ltr'>temporis,</span> <span class='ocrx_word' id='word_1_220' title='bbox 916 1817 1006 1855; x_wconf 77' lang='lat' dir='ltr'>juxta</span> <span class='ocrx_word' id='word_1_221' title='bbox 1023 1817 1151 1847; x_wconf 82' lang='lat' dir='ltr'>Latera-</span> 
     </span>
     <span class='ocr_line' id='line_1_32' title="bbox 143 1868 1152 1910; baseline 0.003 -12"><span class='ocrx_word' id='word_1_222' title='bbox 143 1868 256 1898; x_wconf 83' lang='lat' dir='ltr'>nensis</span> <span class='ocrx_word' id='word_1_223' title='bbox 266 1872 382 1899; x_wconf 86' lang='lat' dir='ltr'>statuta</span> <span class='ocrx_word' id='word_1_224' title='bbox 394 1869 536 1906; x_wconf 87' lang='lat' dir='ltr'>concilii,</span> <span class='ocrx_word' id='word_1_225' title='bbox 548 1868 691 1908; x_wconf 82' lang='lat' dir='ltr'>legitime</span> <span class='ocrx_word' id='word_1_226' title='bbox 701 1869 861 1906; x_wconf 83' lang='lat' dir='ltr'>devoluta,</span> <span class='ocrx_word' id='word_1_227' title='bbox 879 1871 1045 1909; x_wconf 88' lang='lat' dir='ltr'>providere</span> <span class='ocrx_word' id='word_1_228' title='bbox 1057 1880 1152 1910; x_wconf 86' lang='lat' dir='ltr'>super</span> 
     </span>
     <span class='ocr_line' id='line_1_33' title="bbox 142 1920 1150 1962; baseline 0.003 -11"><span class='ocrx_word' id='word_1_229' title='bbox 142 1920 203 1952; x_wconf 88' lang='lat' dir='ltr'>hoc</span> <span class='ocrx_word' id='word_1_230' title='bbox 218 1921 363 1961; x_wconf 78' lang='lat' dir='ltr'>ejusdem</span> <span class='ocrx_word' id='word_1_231' title='bbox 383 1921 515 1952; x_wconf 87' lang='lat' dir='ltr'>ecclesie</span> <span class='ocrx_word' id='word_1_232' title='bbox 538 1922 715 1953; x_wconf 88' lang='lat' dir='ltr'>miserabili</span> <span class='ocrx_word' id='word_1_233' title='bbox 733 1923 828 1953; x_wconf 83' lang='lat' dir='ltr'>statui</span> <span class='ocrx_word' id='word_1_234' title='bbox 844 1928 973 1962; x_wconf 85' lang='lat' dir='ltr'>paterna</span> <span class='ocrx_word' id='word_1_235' title='bbox 991 1923 1150 1954; x_wconf 87' lang='lat' dir='ltr'>sollicitu-</span> 
     </span>
     <span class='ocr_line' id='line_1_34' title="bbox 142 1973 1151 2016; baseline 0.003 -12"><span class='ocrx_word' id='word_1_236' title='bbox 142 1973 219 2005; x_wconf 87' lang='lat' dir='ltr'>dine</span> <span class='ocrx_word' id='word_1_237' title='bbox 243 1973 465 2013; x_wconf 85' lang='lat' dir='ltr'>dignaremur.</span> <span class='ocrx_word' id='word_1_238' title='bbox 495 1975 561 2006; x_wconf 86' lang='lat' dir='ltr'>Nos</span> <span class='ocrx_word' id='word_1_239' title='bbox 590 1975 726 2014; x_wconf 82' lang='lat' dir='ltr'>igitur...</span> <span class='ocrx_word' id='word_1_240' title='bbox 752 1975 937 2006; x_wconf 88' lang='lat' dir='ltr'>discretioni</span> <span class='ocrx_word' id='word_1_241' title='bbox 964 1982 1066 2007; x_wconf 79' lang='lat' dir='ltr'>vestre</span> <span class='ocrx_word' id='word_1_242' title='bbox 1096 1987 1151 2016; x_wconf 86' lang='lat' dir='ltr'>per</span> 
     </span>
     <span class='ocr_line' id='line_1_35' title="bbox 141 2027 1150 2068; baseline 0.003 -10"><span class='ocrx_word' id='word_1_243' title='bbox 141 2027 314 2067; x_wconf 78' lang='lat' dir='ltr'>apostolica</span> <span class='ocrx_word' id='word_1_244' title='bbox 332 2029 451 2068; x_wconf 85' lang='lat' dir='ltr'>scripta</span> <span class='ocrx_word' id='word_1_245' title='bbox 474 2029 682 2068; x_wconf 87' lang='lat' dir='ltr'>precipiendo</span> <span class='ocrx_word' id='word_1_246' title='bbox 702 2029 895 2059; x_wconf 85' lang='lat' dir='ltr'>mandamus</span> <span class='ocrx_word' id='word_1_247' title='bbox 915 2035 1074 2068; x_wconf 80' lang='lat' dir='ltr'>quatenus</span> <span class='ocrx_word' id='word_1_248' title='bbox 1097 2039 1150 2061; x_wconf 81' lang='lat' dir='ltr'>vos</span> 
     </span>
    </p>
   </div>
   <div class='ocr_carea' id='block_1_4' title="bbox 91 2079 1148 2122">
    <p class='ocr_par' dir='ltr' id='par_1_4' title="bbox 91 2079 1148 2122">
     <span class='ocr_line' id='line_1_36' title="bbox 91 2079 1148 2122; baseline 0.003 -12"><span class='ocrx_word' id='word_1_249' title='bbox 91 2092 94 2095; x_wconf 53' lang='lat'><em>&gt;</em></span> <span class='ocrx_word' id='word_1_250' title='bbox 141 2079 193 2110; x_wconf 82' lang='lat' dir='ltr'>vel</span> <span class='ocrx_word' id='word_1_251' title='bbox 207 2079 289 2111; x_wconf 85' lang='lat' dir='ltr'>alter</span> <span class='ocrx_word' id='word_1_252' title='bbox 306 2085 447 2111; x_wconf 89' lang='lat' dir='ltr'>vestrum</span> <span class='ocrx_word' id='word_1_253' title='bbox 458 2105 466 2118; x_wconf 93' lang='lat'>,</span> <span class='ocrx_word' id='word_1_254' title='bbox 483 2091 538 2120; x_wconf 85' lang='lat' dir='ltr'>per</span> <span class='ocrx_word' id='word_1_255' title='bbox 552 2090 607 2112; x_wconf 87' lang='lat' dir='ltr'>vos</span> <span class='ocrx_word' id='word_1_256' title='bbox 624 2081 674 2110; x_wconf 71' lang='lat' dir='ltr'>vet</span> <span class='ocrx_word' id='word_1_257' title='bbox 689 2081 788 2111; x_wconf 85' lang='lat' dir='ltr'>alium</span> <span class='ocrx_word' id='word_1_258' title='bbox 808 2091 863 2112; x_wconf 92' lang='lat' dir='ltr'>seu</span> <span class='ocrx_word' id='word_1_259' title='bbox 880 2082 975 2118; x_wconf 87' lang='lat' dir='ltr'>alios,</span> <span class='ocrx_word' id='word_1_260' title='bbox 993 2084 1148 2122; x_wconf 81' lang='lat' dir='ltr'>prefatum</span> 
     </span>
    </p>
   </div>
   <div class='ocr_carea' id='block_1_5' title="bbox 139 2133 1150 2546">
    <p class='ocr_par' dir='ltr' id='par_1_5' title="bbox 139 2133 1150 2546">
     <span class='ocr_line' id='line_1_37' title="bbox 140 2133 1148 2175; baseline 0.003 -11"><span class='ocrx_word' id='word_1_261' title='bbox 140 2133 311 2171; x_wconf 78' lang='lat' dir='ltr'>Actonem,</span> <span class='ocrx_word' id='word_1_262' title='bbox 330 2134 385 2173; x_wconf 91' lang='lat' dir='ltr'>qui</span> <span class='ocrx_word' id='word_1_263' title='bbox 401 2143 435 2164; x_wconf 86' lang='lat' dir='ltr'>se</span> <span class='ocrx_word' id='word_1_264' title='bbox 447 2135 529 2172; x_wconf 82' lang='lat' dir='ltr'>gerit</span> <span class='ocrx_word' id='word_1_265' title='bbox 544 2143 600 2173; x_wconf 86' lang='lat' dir='ltr'>pro</span> <span class='ocrx_word' id='word_1_266' title='bbox 615 2134 891 2174; x_wconf 82' lang='lat' dir='ltr'>archipresbytero</span> <span class='ocrx_word' id='word_1_267' title='bbox 907 2135 1038 2166; x_wconf 83' lang='lat' dir='ltr'>ecclesie</span> <span class='ocrx_word' id='word_1_268' title='bbox 1055 2137 1148 2175; x_wconf 89' lang='lat' dir='ltr'>preli-</span> 
     </span>
     <span class='ocr_line' id='line_1_38' title="bbox 140 2186 1150 2226; baseline 0.003 -9"><span class='ocrx_word' id='word_1_269' title='bbox 140 2186 232 2225; x_wconf 81' lang='lat' dir='ltr'>bate,</span> <span class='ocrx_word' id='word_1_270' title='bbox 249 2196 286 2217; x_wconf 86' lang='lat' dir='ltr'>ex</span> <span class='ocrx_word' id='word_1_271' title='bbox 301 2191 390 2226; x_wconf 89' lang='lat' dir='ltr'>parte</span> <span class='ocrx_word' id='word_1_272' title='bbox 412 2192 519 2217; x_wconf 86' lang='lat' dir='ltr'>nostra</span> <span class='ocrx_word' id='word_1_273' title='bbox 537 2187 747 2225; x_wconf 86' lang='lat' dir='ltr'>peremptorie</span> <span class='ocrx_word' id='word_1_274' title='bbox 766 2187 864 2217; x_wconf 86' lang='lat' dir='ltr'>citare</span> <span class='ocrx_word' id='word_1_275' title='bbox 879 2189 996 2218; x_wconf 83' lang='lat' dir='ltr'>curetis</span> <span class='ocrx_word' id='word_1_276' title='bbox 1018 2194 1050 2218; x_wconf 86' lang='lat' dir='ltr'>nt</span> <span class='ocrx_word' id='word_1_277' title='bbox 1066 2190 1150 2220; x_wconf 83' lang='lat' dir='ltr'>insi-a</span> 
     </span>
     <span class='ocr_line' id='line_1_39' title="bbox 142 2239 1148 2279; baseline 0.002 -9"><span class='ocrx_word' id='word_1_278' title='bbox 142 2239 239 2270; x_wconf 84' lang='lat' dir='ltr'>unius</span> <span class='ocrx_word' id='word_1_279' title='bbox 252 2240 375 2270; x_wconf 89' lang='lat' dir='ltr'>mensis</span> <span class='ocrx_word' id='word_1_280' title='bbox 389 2240 526 2279; x_wconf 86' lang='lat' dir='ltr'>spatium</span> <span class='ocrx_word' id='word_1_281' title='bbox 542 2245 608 2279; x_wconf 84' lang='lat' dir='ltr'>post</span> <span class='ocrx_word' id='word_1_282' title='bbox 622 2244 723 2270; x_wconf 85' lang='lat' dir='ltr'>vestre</span> <span class='ocrx_word' id='word_1_283' title='bbox 738 2241 899 2271; x_wconf 86' lang='lat' dir='ltr'>citationis</span> <span class='ocrx_word' id='word_1_284' title='bbox 912 2242 1063 2278; x_wconf 86' lang='lat' dir='ltr'>edictum,</span> <span class='ocrx_word' id='word_1_285' title='bbox 1075 2252 1148 2272; x_wconf 88' lang='lat' dir='ltr'>cnm</span> 
     </span>
     <span class='ocr_line' id='line_1_40' title="bbox 140 2292 1148 2333; baseline 0.002 -10"><span class='ocrx_word' id='word_1_286' title='bbox 140 2292 291 2323; x_wconf 91' lang='lat' dir='ltr'>omnibus</span> <span class='ocrx_word' id='word_1_287' title='bbox 306 2293 400 2329; x_wconf 79' lang='lat' dir='ltr'>actiS,</span> <span class='ocrx_word' id='word_1_288' title='bbox 418 2294 548 2332; x_wconf 85' lang='lat' dir='ltr'>juribus</span> <span class='ocrx_word' id='word_1_289' title='bbox 564 2298 595 2323; x_wconf 90' lang='lat' dir='ltr'>et</span> <span class='ocrx_word' id='word_1_290' title='bbox 613 2294 827 2324; x_wconf 87' lang='lat' dir='ltr'>munimentis</span> <span class='ocrx_word' id='word_1_291' title='bbox 845 2294 1031 2333; x_wconf 86' lang='lat' dir='ltr'>hujusmodi</span> <span class='ocrx_word' id='word_1_292' title='bbox 1052 2304 1148 2333; x_wconf 69' lang='lat' dir='ltr'>nego-</span> 
     </span>
     <span class='ocr_line' id='line_1_41' title="bbox 143 2346 1149 2387; baseline 0.002 -11"><span class='ocrx_word' id='word_1_293' title='bbox 143 2346 222 2376; x_wconf 86' lang='lat' dir='ltr'>tium</span> <span class='ocrx_word' id='word_1_294' title='bbox 233 2346 508 2384; x_wconf 84' lang='lat' dir='ltr'>contingentibus,</span> <span class='ocrx_word' id='word_1_295' title='bbox 521 2346 691 2385; x_wconf 84' lang='lat' dir='ltr'>apostolico</span> <span class='ocrx_word' id='word_1_296' title='bbox 701 2355 736 2377; x_wconf 88' lang='lat' dir='ltr'>se</span> <span class='ocrx_word' id='word_1_297' title='bbox 745 2348 927 2386; x_wconf 88' lang='lat' dir='ltr'>conspectui</span> <span class='ocrx_word' id='word_1_298' title='bbox 939 2348 1149 2387; x_wconf 79' lang='lat' dir='ltr'>personaliter</span> 
     </span>
     <span class='ocr_line' id='line_1_42' title="bbox 139 2399 1148 2440; baseline 0.002 -11"><span class='ocrx_word' id='word_1_299' title='bbox 139 2403 352 2438; x_wconf 86' lang='lat' dir='ltr'>representet,</span> <span class='ocrx_word' id='word_1_300' title='bbox 369 2399 509 2430; x_wconf 83' lang='lat' dir='ltr'>facturus</span> <span class='ocrx_word' id='word_1_301' title='bbox 526 2404 555 2429; x_wconf 88' lang='lat' dir='ltr'>et</span> <span class='ocrx_word' id='word_1_302' title='bbox 574 2405 759 2439; x_wconf 88' lang='lat' dir='ltr'>recepturus</span> <span class='ocrx_word' id='word_1_303' title='bbox 780 2410 875 2440; x_wconf 90' lang='lat' dir='ltr'>super</span> <span class='ocrx_word' id='word_1_304' title='bbox 898 2402 1047 2440; x_wconf 82' lang='lat' dir='ltr'>predictis</span> <span class='ocrx_word' id='word_1_305' title='bbox 1064 2402 1148 2440; x_wconf 85' lang='lat' dir='ltr'>quod</span> 
     </span>
     <span class='ocr_line' id='line_1_43' title="bbox 139 2451 1148 2493; baseline 0.001 -10"><span class='ocrx_word' id='word_1_306' title='bbox 139 2451 218 2483; x_wconf 86' lang='lat' dir='ltr'>ordo</span> <span class='ocrx_word' id='word_1_307' title='bbox 232 2452 374 2490; x_wconf 75' lang='lat' dir='ltr'>exegerit</span> <span class='ocrx_word' id='word_1_308' title='bbox 390 2452 535 2482; x_wconf 74' lang='lat' dir='ltr'>rationis.</span> <span class='ocrx_word' id='word_1_309' title='bbox 553 2452 646 2482; x_wconf 89' lang='lat' dir='ltr'>Diem</span> <span class='ocrx_word' id='word_1_310' title='bbox 663 2461 775 2483; x_wconf 83' lang='lat' dir='ltr'>vero...</span> <span class='ocrx_word' id='word_1_311' title='bbox 792 2453 862 2483; x_wconf 89' lang='lat' dir='ltr'>Dat.</span> <span class='ocrx_word' id='word_1_312' title='bbox 877 2455 958 2493; x_wconf 89' lang='lat' dir='ltr'>apud</span> <span class='ocrx_word' id='word_1_313' title='bbox 976 2455 1148 2485; x_wconf 77' lang='lat' dir='ltr'>[Ji-benive-</span> 
     </span>
     <span class='ocr_line' id='line_1_44' title="bbox 143 2505 887 2546; baseline 0 -11"><span class='ocrx_word' id='word_1_314' title='bbox 143 2510 254 2543; x_wconf 80' lang='lat' dir='ltr'>terem,</span> <span class='ocrx_word' id='word_1_315' title='bbox 271 2515 326 2536; x_wconf 83' lang='lat' dir='ltr'>vni</span> <span class='ocrx_word' id='word_1_316' title='bbox 343 2505 496 2536; x_wconf 83' lang='lat' dir='ltr'>kalendas</span> <span class='ocrx_word' id='word_1_317' title='bbox 509 2506 610 2545; x_wconf 89' lang='lat' dir='ltr'>junii,</span> <span class='ocrx_word' id='word_1_318' title='bbox 629 2514 715 2537; x_wconf 87' lang='lat' dir='ltr'>anno</span> <span class='ocrx_word' id='word_1_319' title='bbox 730 2512 854 2546; x_wconf 85' lang='lat' dir='ltr'>quarto.</span> <span class='ocrx_word' id='word_1_320' title='bbox 874 2520 887 2535; x_wconf 78' lang='grc'><strong>»</strong></span> 
     </span>
    </p>
   </div>
   <div class='ocr_carea' id='block_1_6' title="bbox 212 2664 469 2695">
    <p class='ocr_par' dir='ltr' id='par_1_6' title="bbox 212 2664 469 2695">
     <span class='ocr_line' id='line_1_45' title="bbox 212 2664 469 2695; baseline -0.008 0"><span class='ocrx_word' id='word_1_321' title='bbox 212 2666 266 2695; x_wconf 73' lang='grc'>51</span> <span class='ocrx_word' id='word_1_322' title='bbox 275 2666 376 2694; x_wconf 56' lang='grc' dir='ltr'>Ἰᾶὔ</span> <span class='ocrx_word' id='word_1_323' title='bbox 384 2666 402 2693; x_wconf 83' lang='grc' dir='ltr'>Ι</span> <span class='ocrx_word' id='word_1_324' title='bbox 413 2664 469 2694; x_wconf 65' lang='grc' dir='ltr'>ἵῧ</span> 
     </span>
    </p>
   </div>
   <div class='ocr_carea' id='block_1_7' title="bbox 142 2726 1150 2810">
    <p class='ocr_par' dir='ltr' id='par_1_7' title="bbox 142 2726 1150 2810">
     <span class='ocr_line' id='line_1_46' title="bbox 176 2726 1150 2764; baseline 0.002 -10"><span class='ocrx_word' id='word_1_325' title='bbox 176 2726 296 2754; x_wconf 87' lang='lat' dir='ltr'>Collatio</span> <span class='ocrx_word' id='word_1_326' title='bbox 314 2727 445 2754; x_wconf 83' lang='lat' dir='ltr'>beneficii</span> <span class='ocrx_word' id='word_1_327' title='bbox 461 2731 490 2753; x_wconf 79' lang='lat' dir='ltr'>ct</span> <span class='ocrx_word' id='word_1_328' title='bbox 508 2727 686 2762; x_wconf 82' lang='lat' dir='ltr'>dispensatio</span> <span class='ocrx_word' id='word_1_329' title='bbox 706 2736 794 2764; x_wconf 78' lang='lat' dir='ltr'>super</span> <span class='ocrx_word' id='word_1_330' title='bbox 815 2729 974 2763; x_wconf 74' lang='lat' dir='ltr'>pluralitate</span> <span class='ocrx_word' id='word_1_331' title='bbox 996 2730 1150 2756; x_wconf 81' lang='lat' dir='ltr'>beneficio-</span> 
     </span>
     <span class='ocr_line' id='line_1_47' title="bbox 142 2776 649 2810; baseline -0.002 -6"><span class='ocrx_word' id='word_1_332' title='bbox 142 2783 216 2804; x_wconf 86' lang='lat' dir='ltr'>rum.</span> <span class='ocrx_word' id='word_1_333' title='bbox 232 2776 316 2810; x_wconf 71' lang='lat' dir='ltr'>(Rae.</span> <span class='ocrx_word' id='word_1_334' title='bbox 333 2777 377 2808; x_wconf 69' lang='lat'>⁴6,</span> <span class='ocrx_word' id='word_1_335' title='bbox 393 2785 418 2803; x_wconf 91' lang='lat' dir='ltr'>e.</span> <span class='ocrx_word' id='word_1_336' title='bbox 435 2776 498 2807; x_wconf 61' lang='lat'>23⁴,</span> <span class='ocrx_word' id='word_1_337' title='bbox 515 2777 535 2803; x_wconf 80' lang='lat' dir='ltr'>f.</span> <span class='ocrx_word' id='word_1_338' title='bbox 553 2777 585 2803; x_wconf 72' lang='lat'>⁴8</span> <span class='ocrx_word' id='word_1_339' title='bbox 602 2778 649 2809; x_wconf 62' lang='grc' dir='ltr'><strong>ιο.)</strong></span> 
     </span>
    </p>
   </div>
   <div class='ocr_carea' id='block_1_8' title="bbox 735 2666 1077 2698">
    <p class='ocr_par' dir='ltr' id='par_1_8' title="bbox 735 2666 1077 2698">
     <span class='ocr_line' id='line_1_48' title="bbox 735 2666 1077 2698; baseline 0 -4"><span class='ocrx_word' id='word_1_340' title='bbox 735 2666 860 2698; x_wconf 85' lang='lat' dir='ltr'>Orvieto.</span> <span class='ocrx_word' id='word_1_341' title='bbox 878 2667 911 2694; x_wconf 63' lang='grc' dir='ltr'><em>Ἦ</em></span> <span class='ocrx_word' id='word_1_342' title='bbox 928 2668 982 2694; x_wconf 80' lang='lat' dir='ltr'>mai</span> <span class='ocrx_word' id='word_1_343' title='bbox 1002 2668 1077 2694; x_wconf 67' lang='lat'>¹29¹.</span> 
     </span>
    </p>
   </div>
   <div class='ocr_carea' id='block_1_9' title="bbox 182 2879 1148 2916">
    <p class='ocr_par' dir='ltr' id='par_1_9' title="bbox 182 2879 1148 2916">
     <span class='ocr_line' id='line_1_49' title="bbox 182 2879 1148 2916; baseline 0.001 -8"><span class='ocrx_word' id='word_1_344' title='bbox 182 2879 356 2908; x_wconf 81' lang='lat' dir='ltr'>Hermanno</span> <span class='ocrx_word' id='word_1_345' title='bbox 380 2879 414 2908; x_wconf 79' lang='lat' dir='ltr'>de</span> <span class='ocrx_word' id='word_1_346' title='bbox 444 2879 627 2916; x_wconf 55' lang='lat' dir='ltr'>nittenowe,</span> <span class='ocrx_word' id='word_1_347' title='bbox 650 2880 868 2909; x_wconf 79' lang='lat' dir='ltr'>archidiacono</span> <span class='ocrx_word' id='word_1_348' title='bbox 899 2881 932 2909; x_wconf 81' lang='lat' dir='ltr'>dc</span> <span class='ocrx_word' id='word_1_349' title='bbox 955 2881 1091 2910; x_wconf 76' lang='lat' dir='ltr'>Cardono</span> <span class='ocrx_word' id='word_1_350' title='bbox 1118 2882 1148 2909; x_wconf 81' lang='grc' dir='ltr'>ιἰι</span> 
     </span>
    </p>
   </div>
   <div class='ocr_carea' id='block_1_10' title="bbox 141 2931 1169 2975">
    <p class='ocr_par' dir='ltr' id='par_1_10' title="bbox 141 2931 1169 2975">
     <span class='ocr_line' id='line_1_50' title="bbox 141 2931 1169 2975; baseline 0.002 -14"><span class='ocrx_word' id='word_1_351' title='bbox 141 2932 263 2962; x_wconf 78' lang='lat' dir='ltr'>ecclesia</span> <span class='ocrx_word' id='word_1_352' title='bbox 282 2931 474 2968; x_wconf 59' lang='lat' dir='ltr'>stetinensi,</span> <span class='ocrx_word' id='word_1_353' title='bbox 490 2931 531 2962; x_wconf 89' lang='lat' dir='ltr'>ad</span> <span class='ocrx_word' id='word_1_354' title='bbox 549 2931 796 2971; x_wconf 86' lang='lat' dir='ltr'>supplicationes</span> <span class='ocrx_word' id='word_1_355' title='bbox 812 2933 857 2969; x_wconf 85' lang='lat' dir='ltr'>J.,</span> <span class='ocrx_word' id='word_1_356' title='bbox 874 2932 1010 2964; x_wconf 78' lang='lat' dir='ltr'>Sanctae</span> <span class='ocrx_word' id='word_1_357' title='bbox 1029 2933 1150 2964; x_wconf 82' lang='lat' dir='ltr'>Mariae</span> <span class='ocrx_word' id='word_1_358' title='bbox 1162 2968 1169 2975; x_wconf 49' lang='lat'><strong>·</strong></span> 
     </span>
    </p>
   </div>
   <div class='ocr_carea' id='block_1_11' title="bbox 285 2997 575 3026">
    <p class='ocr_par' dir='ltr' id='par_1_11' title="bbox 285 2997 575 3026">
     <span class='ocr_line' id='line_1_51' title="bbox 285 2997 575 3026; baseline 0.003 -1"><span class='ocrx_word' id='word_1_359' title='bbox 285 2997 357 3026; x_wconf 72' lang='lat' dir='ltr'>Rso.</span> <span class='ocrx_word' id='word_1_360' title='bbox 380 2997 503 3026; x_wconf 67' lang='lat' dir='ltr'>Niconis</span> <span class='ocrx_word' id='word_1_361' title='bbox 524 2997 575 3026; x_wconf 88' lang='lat' dir='ltr'>IV.</span> 
     </span>
    </p>
   </div>
   <div class='ocr_carea' id='block_1_12' title="bbox 1233 320 2243 1474">
    <p class='ocr_par' dir='ltr' id='par_1_12' title="bbox 1233 320 2243 934">
     <span class='ocr_line' id='line_1_52' title="bbox 1234 320 2242 358; baseline 0.004 -8"><span class='ocrx_word' id='word_1_362' title='bbox 1234 321 1268 350; x_wconf 94' lang='lat' dir='ltr'>in</span> <span class='ocrx_word' id='word_1_363' title='bbox 1284 321 1346 351; x_wconf 82' lang='lat' dir='ltr'>Via</span> <span class='ocrx_word' id='word_1_364' title='bbox 1362 321 1424 352; x_wconf 87' lang='lat' dir='ltr'>lata</span> <span class='ocrx_word' id='word_1_365' title='bbox 1440 321 1567 352; x_wconf 90' lang='lat' dir='ltr'>diaconi</span> <span class='ocrx_word' id='word_1_366' title='bbox 1582 320 1756 352; x_wconf 87' lang='lat' dir='ltr'>cardinalis</span> <span class='ocrx_word' id='word_1_367' title='bbox 1768 344 1775 358; x_wconf 94' lang='lat'>,</span> <span class='ocrx_word' id='word_1_368' title='bbox 1796 321 2091 352; x_wconf 85' lang='lat' dir='ltr'>archidiaconatum</span> <span class='ocrx_word' id='word_1_369' title='bbox 2111 323 2149 353; x_wconf 87' lang='lat' dir='ltr'>de</span> <span class='ocrx_word' id='word_1_370' title='bbox 2164 324 2242 354; x_wconf 87' lang='lat' dir='ltr'>Car-</span> 
     </span>
     <span class='ocr_line' id='line_1_53' title="bbox 1233 373 2242 416; baseline 0.004 -13"><span class='ocrx_word' id='word_1_371' title='bbox 1233 373 1318 404; x_wconf 88' lang='lat' dir='ltr'>dono</span> <span class='ocrx_word' id='word_1_372' title='bbox 1334 373 1368 403; x_wconf 88' lang='lat' dir='ltr'>in</span> <span class='ocrx_word' id='word_1_373' title='bbox 1385 374 1516 404; x_wconf 89' lang='lat' dir='ltr'>ecclesia</span> <span class='ocrx_word' id='word_1_374' title='bbox 1532 374 1733 409; x_wconf 81' lang='lat' dir='ltr'>Treverensi,</span> <span class='ocrx_word' id='word_1_375' title='bbox 1750 378 1916 404; x_wconf 82' lang='lat' dir='ltr'>vacantem</span> <span class='ocrx_word' id='word_1_376' title='bbox 1931 374 2015 412; x_wconf 89' lang='lat' dir='ltr'>apud</span> <span class='ocrx_word' id='word_1_377' title='bbox 2027 375 2134 405; x_wconf 87' lang='lat' dir='ltr'>sedem</span> <span class='ocrx_word' id='word_1_378' title='bbox 2151 385 2242 416; x_wconf 86' lang='lat' dir='ltr'>apos—</span> 
     </span>
     <span class='ocr_line' id='line_1_54' title="bbox 1235 426 2241 468; baseline 0.003 -12"><span class='ocrx_word' id='word_1_379' title='bbox 1235 426 1363 456; x_wconf 88' lang='lat' dir='ltr'>tolicam</span> <span class='ocrx_word' id='word_1_380' title='bbox 1381 436 1436 466; x_wconf 89' lang='lat' dir='ltr'>per</span> <span class='ocrx_word' id='word_1_381' title='bbox 1455 427 1728 458; x_wconf 88' lang='lat' dir='ltr'>consecrationem</span> <span class='ocrx_word' id='word_1_382' title='bbox 1754 426 1930 463; x_wconf 79' lang='lat' dir='ltr'>Johannis,</span> <span class='ocrx_word' id='word_1_383' title='bbox 1953 427 2092 466; x_wconf 76' lang='lat' dir='ltr'>episcopi</span> <span class='ocrx_word' id='word_1_384' title='bbox 2116 428 2241 468; x_wconf 80' lang='lat' dir='ltr'>&#39;l&#39;raJ&#39;ec-</span> 
     </span>
     <span class='ocr_line' id='line_1_55' title="bbox 1235 479 2243 519; baseline 0.002 -10"><span class='ocrx_word' id='word_1_385' title='bbox 1235 480 1348 516; x_wconf 88' lang='lat' dir='ltr'>tensis,</span> <span class='ocrx_word' id='word_1_386' title='bbox 1365 480 1503 517; x_wconf 79' lang='lat' dir='ltr'>confert,</span> <span class='ocrx_word' id='word_1_387' title='bbox 1521 489 1660 519; x_wconf 91' lang='lat' dir='ltr'>eumque</span> <span class='ocrx_word' id='word_1_388' title='bbox 1676 480 1714 509; x_wconf 93' lang='lat' dir='ltr'>de</span> <span class='ocrx_word' id='word_1_389' title='bbox 1730 480 1798 518; x_wconf 87' lang='lat' dir='ltr'>ipso</span> <span class='ocrx_word' id='word_1_390' title='bbox 1812 479 2074 510; x_wconf 85' lang='lat' dir='ltr'>archidiaconatu</span> <span class='ocrx_word' id='word_1_391' title='bbox 2093 490 2243 519; x_wconf 88' lang='lat' dir='ltr'>praesen-</span> 
     </span>
     <span class='ocr_line' id='line_1_56' title="bbox 1235 532 2240 572; baseline 0.002 -10"><span class='ocrx_word' id='word_1_392' title='bbox 1235 532 1353 563; x_wconf 86' lang='lat' dir='ltr'>tialiter</span> <span class='ocrx_word' id='word_1_393' title='bbox 1370 542 1426 572; x_wconf 87' lang='lat' dir='ltr'>per</span> <span class='ocrx_word' id='word_1_394' title='bbox 1439 533 1597 563; x_wconf 86' lang='lat' dir='ltr'>annulum</span> <span class='ocrx_word' id='word_1_395' title='bbox 1614 533 1756 563; x_wconf 78' lang='lat' dir='ltr'>investit.</span> <span class='ocrx_word' id='word_1_396' title='bbox 1771 532 1905 563; x_wconf 89' lang='lat' dir='ltr'>Proviso</span> <span class='ocrx_word' id='word_1_397' title='bbox 1920 532 2005 572; x_wconf 88' lang='lat' dir='ltr'>quod</span> <span class='ocrx_word' id='word_1_398' title='bbox 2022 533 2240 571; x_wconf 81' lang='lat' dir='ltr'>Hermannus,</span> 
     </span>
     <span class='ocr_line' id='line_1_57' title="bbox 1234 585 2241 625; baseline 0.002 -10"><span class='ocrx_word' id='word_1_399' title='bbox 1234 590 1400 625; x_wconf 87' lang='lat' dir='ltr'>postquam</span> <span class='ocrx_word' id='word_1_400' title='bbox 1420 585 1513 615; x_wconf 88' lang='lat' dir='ltr'>illum</span> <span class='ocrx_word' id='word_1_401' title='bbox 1535 586 1828 616; x_wconf 83' lang='lat' dir='ltr'>archidiaconatum</span> <span class='ocrx_word' id='word_1_402' title='bbox 1849 585 1945 615; x_wconf 80' lang='lat' dir='ltr'>fuerit</span> <span class='ocrx_word' id='word_1_403' title='bbox 1961 591 2140 623; x_wconf 78' lang='lat' dir='ltr'>assecutuS,</span> <span class='ocrx_word' id='word_1_404' title='bbox 2157 596 2241 625; x_wconf 86' lang='lat' dir='ltr'>prae-</span> 
     </span>
     <span class='ocr_line' id='line_1_58' title="bbox 1235 639 2243 679; baseline 0 -9"><span class='ocrx_word' id='word_1_405' title='bbox 1235 641 1407 679; x_wconf 87' lang='lat' dir='ltr'>posituram</span> <span class='ocrx_word' id='word_1_406' title='bbox 1425 648 1522 678; x_wconf 85' lang='lat' dir='ltr'>quam</span> <span class='ocrx_word' id='word_1_407' title='bbox 1541 639 1575 668; x_wconf 89' lang='lat' dir='ltr'>in</span> <span class='ocrx_word' id='word_1_408' title='bbox 1600 639 1735 670; x_wconf 88' lang='lat' dir='ltr'>ecclesia</span> <span class='ocrx_word' id='word_1_409' title='bbox 1753 639 1990 677; x_wconf 82' lang='lat' dir='ltr'>Joheburgensi</span> <span class='ocrx_word' id='word_1_410' title='bbox 2004 663 2011 676; x_wconf 90' lang='lat'>,</span> <span class='ocrx_word' id='word_1_411' title='bbox 2033 639 2243 677; x_wconf 85' lang='lat' dir='ltr'>Maguntinae</span> 
     </span>
     <span class='ocr_line' id='line_1_59' title="bbox 1234 691 2243 730; baseline -0.001 -7"><span class='ocrx_word' id='word_1_412' title='bbox 1234 693 1407 728; x_wconf 82' lang='lat' dir='ltr'>dioecesis,</span> <span class='ocrx_word' id='word_1_413' title='bbox 1435 692 1559 722; x_wconf 89' lang='lat' dir='ltr'>obtinet</span> <span class='ocrx_word' id='word_1_414' title='bbox 1588 691 1738 722; x_wconf 87' lang='lat' dir='ltr'>dimittat.</span> <span class='ocrx_word' id='word_1_415' title='bbox 1773 692 2008 730; x_wconf 87' lang='lat' dir='ltr'>Dispensatque</span> <span class='ocrx_word' id='word_1_416' title='bbox 2040 701 2113 722; x_wconf 91' lang='lat' dir='ltr'>cum</span> <span class='ocrx_word' id='word_1_417' title='bbox 2143 700 2179 723; x_wconf 92' lang='lat' dir='ltr'>eo</span> <span class='ocrx_word' id='word_1_418' title='bbox 2209 697 2243 722; x_wconf 95' lang='lat' dir='ltr'>ut</span> 
     </span>
     <span class='ocr_line' id='line_1_60' title="bbox 1234 744 2242 785; baseline -0.001 -10"><span class='ocrx_word' id='word_1_419' title='bbox 1234 745 1486 785; x_wconf 85' lang='lat' dir='ltr'>praeposituram</span> <span class='ocrx_word' id='word_1_420' title='bbox 1522 745 1555 773; x_wconf 93' lang='lat' dir='ltr'>in</span> <span class='ocrx_word' id='word_1_421' title='bbox 1593 745 1820 783; x_wconf 84' lang='lat' dir='ltr'>Limpurgensi</span> <span class='ocrx_word' id='word_1_422' title='bbox 1856 744 2005 781; x_wconf 87' lang='lat' dir='ltr'>ecclesia,</span> <span class='ocrx_word' id='word_1_423' title='bbox 2036 745 2242 775; x_wconf 85' lang='lat' dir='ltr'>Treverensis</span> 
     </span>
     <span class='ocr_line' id='line_1_61' title="bbox 1234 797 2242 836; baseline -0.001 -8"><span class='ocrx_word' id='word_1_424' title='bbox 1234 798 1405 833; x_wconf 90' lang='lat' dir='ltr'>dioecesis,</span> <span class='ocrx_word' id='word_1_425' title='bbox 1430 801 1460 827; x_wconf 90' lang='lat' dir='ltr'>et</span> <span class='ocrx_word' id='word_1_426' title='bbox 1482 797 1690 827; x_wconf 86' lang='lat' dir='ltr'>canonicatus</span> <span class='ocrx_word' id='word_1_427' title='bbox 1716 802 1746 826; x_wconf 90' lang='lat' dir='ltr'>et</span> <span class='ocrx_word' id='word_1_428' title='bbox 1771 797 1968 835; x_wconf 87' lang='lat' dir='ltr'>praebendas</span> <span class='ocrx_word' id='word_1_429' title='bbox 1993 799 2024 827; x_wconf 90' lang='lat' dir='ltr'>in</span> <span class='ocrx_word' id='word_1_430' title='bbox 2051 798 2242 836; x_wconf 81' lang='lat' dir='ltr'>Maguntiua</span> 
     </span>
     <span class='ocr_line' id='line_1_62' title="bbox 1235 849 2240 889; baseline -0.001 -8"><span class='ocrx_word' id='word_1_431' title='bbox 1235 856 1265 881; x_wconf 90' lang='lat' dir='ltr'>et</span> <span class='ocrx_word' id='word_1_432' title='bbox 1280 850 1469 881; x_wconf 88' lang='lat' dir='ltr'>Treverensi</span> <span class='ocrx_word' id='word_1_433' title='bbox 1487 849 1629 880; x_wconf 87' lang='lat' dir='ltr'>ecclesiis</span> <span class='ocrx_word' id='word_1_434' title='bbox 1649 858 1712 879; x_wconf 87' lang='lat' dir='ltr'>una</span> <span class='ocrx_word' id='word_1_435' title='bbox 1729 858 1802 879; x_wconf 90' lang='lat' dir='ltr'>cum</span> <span class='ocrx_word' id='word_1_436' title='bbox 1820 850 1958 889; x_wconf 83' lang='lat' dir='ltr'>praefato</span> <span class='ocrx_word' id='word_1_437' title='bbox 1980 850 2240 881; x_wconf 87' lang='lat' dir='ltr'>archidiaconatu</span> 
     </span>
     <span class='ocr_line' id='line_1_63' title="bbox 1235 903 1499 934; baseline -0.008 0"><span class='ocrx_word' id='word_1_438' title='bbox 1235 905 1373 934; x_wconf 88' lang='lat' dir='ltr'>retinere</span> <span class='ocrx_word' id='word_1_439' title='bbox 1386 903 1499 933; x_wconf 82' lang='lat' dir='ltr'>valeat.</span> 
     </span>
    </p>

    <p class='ocr_par' dir='ltr' id='par_1_13' title="bbox 1235 956 2242 1048">
     <span class='ocr_line' id='line_1_64' title="bbox 1277 956 2242 995; baseline 0.002 -10"><span class='ocrx_word' id='word_1_440' title='bbox 1277 969 1290 985; x_wconf 74' lang='grc' dir='ltr'><strong>ι</strong></span> <span class='ocrx_word' id='word_1_441' title='bbox 1309 958 1483 987; x_wconf 87' lang='lat' dir='ltr'>Personam</span> <span class='ocrx_word' id='word_1_442' title='bbox 1501 960 1587 986; x_wconf 89' lang='lat' dir='ltr'>tuam</span> <span class='ocrx_word' id='word_1_443' title='bbox 1603 956 1772 986; x_wconf 86' lang='lat' dir='ltr'>obtentu...</span> <span class='ocrx_word' id='word_1_444' title='bbox 1789 973 1828 978; x_wconf 95' lang='lat'>—</span> <span class='ocrx_word' id='word_1_445' title='bbox 1844 956 1916 986; x_wconf 87' lang='lat' dir='ltr'>Dat.</span> <span class='ocrx_word' id='word_1_446' title='bbox 1935 956 2018 995; x_wconf 85' lang='lat' dir='ltr'>apud</span> <span class='ocrx_word' id='word_1_447' title='bbox 2038 957 2242 987; x_wconf 80' lang='lat' dir='ltr'>Urbemvete-</span> 
     </span>
     <span class='ocr_line' id='line_1_65' title="bbox 1235 1009 1942 1048; baseline -0.003 -8"><span class='ocrx_word' id='word_1_448' title='bbox 1235 1019 1321 1047; x_wconf 91' lang='lat' dir='ltr'>rem,</span> <span class='ocrx_word' id='word_1_449' title='bbox 1339 1020 1370 1040; x_wconf 76' lang='lat' dir='ltr'>xr</span> <span class='ocrx_word' id='word_1_450' title='bbox 1386 1009 1540 1040; x_wconf 87' lang='lat' dir='ltr'>kalendas</span> <span class='ocrx_word' id='word_1_451' title='bbox 1552 1010 1657 1048; x_wconf 88' lang='lat' dir='ltr'>junii,</span> <span class='ocrx_word' id='word_1_452' title='bbox 1676 1017 1762 1039; x_wconf 90' lang='lat' dir='ltr'>anno</span> <span class='ocrx_word' id='word_1_453' title='bbox 1786 1015 1908 1048; x_wconf 87' lang='lat' dir='ltr'>quarto.</span> <span class='ocrx_word' id='word_1_454' title='bbox 1930 1022 1942 1035; x_wconf 76' lang='lat' dir='ltr'>n</span> 
     </span>
    </p>

    <p class='ocr_par' dir='ltr' id='par_1_14' title="bbox 1234 1062 2242 1422">
     <span class='ocr_line' id='line_1_66' title="bbox 1275 1062 2242 1102; baseline 0.001 -9"><span class='ocrx_word' id='word_1_455' title='bbox 1275 1064 1314 1094; x_wconf 89' lang='lat' dir='ltr'>In</span> <span class='ocrx_word' id='word_1_456' title='bbox 1341 1073 1368 1093; x_wconf 86' lang='lat' dir='ltr'>e.</span> <span class='ocrx_word' id='word_1_457' title='bbox 1396 1072 1439 1092; x_wconf 89' lang='lat' dir='ltr'>m.</span> <span class='ocrx_word' id='word_1_458' title='bbox 1464 1063 1627 1101; x_wconf 84' lang='lat' dir='ltr'>magistris</span> <span class='ocrx_word' id='word_1_459' title='bbox 1649 1062 1787 1092; x_wconf 77' lang='lat' dir='ltr'>Giffrido</span> <span class='ocrx_word' id='word_1_460' title='bbox 1811 1062 1850 1092; x_wconf 85' lang='lat' dir='ltr'>de</span> <span class='ocrx_word' id='word_1_461' title='bbox 1873 1062 2051 1099; x_wconf 86' lang='lat' dir='ltr'>Placentia,</span> <span class='ocrx_word' id='word_1_462' title='bbox 2079 1062 2242 1102; x_wconf 86' lang='lat' dir='ltr'>capellano</span> 
     </span>
     <span class='ocr_line' id='line_1_67' title="bbox 1235 1116 2241 1155; baseline -0.001 -7"><span class='ocrx_word' id='word_1_463' title='bbox 1235 1126 1309 1155; x_wconf 88' lang='lat' dir='ltr'>suo,</span> <span class='ocrx_word' id='word_1_464' title='bbox 1326 1117 1558 1153; x_wconf 76' lang='lat' dir='ltr'>Toruacensis,</span> <span class='ocrx_word' id='word_1_465' title='bbox 1584 1116 1702 1147; x_wconf 85' lang='lat' dir='ltr'>Jacobo</span> <span class='ocrx_word' id='word_1_466' title='bbox 1723 1116 1763 1146; x_wconf 88' lang='lat' dir='ltr'>de</span> <span class='ocrx_word' id='word_1_467' title='bbox 1787 1116 1906 1153; x_wconf 82' lang='lat' dir='ltr'>Labro,</span> <span class='ocrx_word' id='word_1_468' title='bbox 1934 1117 2104 1153; x_wconf 86' lang='lat' dir='ltr'>Reatinae,</span> <span class='ocrx_word' id='word_1_469' title='bbox 2121 1126 2157 1147; x_wconf 89' lang='lat' dir='ltr'>ac</span> <span class='ocrx_word' id='word_1_470' title='bbox 2177 1117 2241 1147; x_wconf 92' lang='lat' dir='ltr'>Ve-</span> 
     </span>
     <span class='ocr_line' id='line_1_68' title="bbox 1234 1169 2242 1206; baseline -0.001 -6"><span class='ocrx_word' id='word_1_471' title='bbox 1234 1171 1318 1201; x_wconf 89' lang='lat' dir='ltr'>lasco</span> <span class='ocrx_word' id='word_1_472' title='bbox 1336 1170 1441 1206; x_wconf 83' lang='lat' dir='ltr'>Petri,</span> <span class='ocrx_word' id='word_1_473' title='bbox 1461 1170 1666 1200; x_wconf 87' lang='lat' dir='ltr'>Civitatensis</span> <span class='ocrx_word' id='word_1_474' title='bbox 1687 1169 1895 1200; x_wconf 89' lang='lat' dir='ltr'>ecclesiarum</span> <span class='ocrx_word' id='word_1_475' title='bbox 1913 1170 2092 1206; x_wconf 86' lang='lat' dir='ltr'>canonicis,</span> <span class='ocrx_word' id='word_1_476' title='bbox 2111 1170 2242 1199; x_wconf 88' lang='lat' dir='ltr'>mandat</span> 
     </span>
     <span class='ocr_line' id='line_1_69' title="bbox 1236 1222 2239 1261; baseline -0.003 -6"><span class='ocrx_word' id='word_1_477' title='bbox 1236 1229 1270 1254; x_wconf 92' lang='lat' dir='ltr'>ut</span> <span class='ocrx_word' id='word_1_478' title='bbox 1284 1224 1434 1255; x_wconf 89' lang='lat' dir='ltr'>eumdem</span> <span class='ocrx_word' id='word_1_479' title='bbox 1445 1223 1669 1253; x_wconf 85' lang='lat' dir='ltr'>Hei-mannum</span> <span class='ocrx_word' id='word_1_480' title='bbox 1681 1222 1719 1252; x_wconf 89' lang='lat' dir='ltr'>de</span> <span class='ocrx_word' id='word_1_481' title='bbox 1730 1222 1928 1253; x_wconf 88' lang='lat' dir='ltr'>Willenowe</span> <span class='ocrx_word' id='word_1_482' title='bbox 1941 1222 1990 1252; x_wconf 91' lang='lat' dir='ltr'>vel</span> <span class='ocrx_word' id='word_1_483' title='bbox 2006 1228 2239 1261; x_wconf 85' lang='lat' dir='ltr'>procuratorem</span> 
     </span>
     <span class='ocr_line' id='line_1_70' title="bbox 1235 1275 2241 1317; baseline -0.003 -9"><span class='ocrx_word' id='word_1_484' title='bbox 1235 1279 1303 1317; x_wconf 77' lang='lat' dir='ltr'>eJus</span> <span class='ocrx_word' id='word_1_485' title='bbox 1320 1279 1362 1308; x_wconf 74' lang='lat' dir='ltr'>vin</span> <span class='ocrx_word' id='word_1_486' title='bbox 1383 1276 1526 1316; x_wconf 86' lang='lat' dir='ltr'>ejusdem</span> <span class='ocrx_word' id='word_1_487' title='bbox 1549 1275 1828 1306; x_wconf 81' lang='lat' dir='ltr'>archidiaconatus</span> <span class='ocrx_word' id='word_1_488' title='bbox 1848 1275 2045 1314; x_wconf 88' lang='lat' dir='ltr'>corporalem</span> <span class='ocrx_word' id='word_1_489' title='bbox 2070 1276 2241 1314; x_wconf 85' lang='lat' dir='ltr'>possessio-</span> 
     </span>
     <span class='ocr_line' id='line_1_71' title="bbox 1235 1328 2241 1369; baseline -0.003 -8"><span class='ocrx_word' id='word_1_490' title='bbox 1235 1341 1310 1362; x_wconf 88' lang='lat' dir='ltr'>nem</span> <span class='ocrx_word' id='word_1_491' title='bbox 1329 1332 1501 1367; x_wconf 86' lang='lat' dir='ltr'>inducant,</span> <span class='ocrx_word' id='word_1_492' title='bbox 1521 1330 1614 1369; x_wconf 84' lang='lat' dir='ltr'>eique</span> <span class='ocrx_word' id='word_1_493' title='bbox 1638 1329 1677 1359; x_wconf 91' lang='lat' dir='ltr'>de</span> <span class='ocrx_word' id='word_1_494' title='bbox 1700 1330 1845 1368; x_wconf 89' lang='lat' dir='ltr'>ejusdem</span> <span class='ocrx_word' id='word_1_495' title='bbox 1861 1328 2138 1359; x_wconf 85' lang='lat' dir='ltr'>archidiaconatus</span> <span class='ocrx_word' id='word_1_496' title='bbox 2156 1329 2241 1359; x_wconf 83' lang='lat' dir='ltr'>sruc-</span> 
     </span>
     <span class='ocr_line' id='line_1_72' title="bbox 1236 1382 2187 1422; baseline -0.004 -7"><span class='ocrx_word' id='word_1_497' title='bbox 1236 1385 1321 1415; x_wconf 89' lang='lat' dir='ltr'>tibus</span> <span class='ocrx_word' id='word_1_498' title='bbox 1338 1389 1369 1414; x_wconf 87' lang='lat' dir='ltr'>et</span> <span class='ocrx_word' id='word_1_499' title='bbox 1381 1383 1509 1422; x_wconf 86' lang='lat' dir='ltr'>juribus</span> <span class='ocrx_word' id='word_1_500' title='bbox 1525 1382 1686 1413; x_wconf 89' lang='lat' dir='ltr'>universis</span> <span class='ocrx_word' id='word_1_501' title='bbox 1702 1382 1888 1422; x_wconf 88' lang='lat' dir='ltr'>responderi</span> <span class='ocrx_word' id='word_1_502' title='bbox 1904 1382 2046 1420; x_wconf 85' lang='lat' dir='ltr'>intregre</span> <span class='ocrx_word' id='word_1_503' title='bbox 2059 1382 2187 1412; x_wconf 80' lang='lat' dir='ltr'>saciant.</span> 
     </span>
    </p>

    <p class='ocr_par' dir='ltr' id='par_1_15' title="bbox 1276 1434 2069 1474">
     <span class='ocr_line' id='line_1_73' title="bbox 1276 1434 2069 1474; baseline -0.001 -10"><span class='ocrx_word' id='word_1_504' title='bbox 1276 1450 1290 1464; x_wconf 61' lang='grc' dir='ltr'><strong>α</strong></span> <span class='ocrx_word' id='word_1_505' title='bbox 1310 1437 1484 1467; x_wconf 85' lang='lat' dir='ltr'>Personam</span> <span class='ocrx_word' id='word_1_506' title='bbox 1499 1435 1607 1465; x_wconf 88' lang='lat' dir='ltr'>dilecti</span> <span class='ocrx_word' id='word_1_507' title='bbox 1623 1434 1720 1465; x_wconf 87' lang='lat' dir='ltr'>filii...</span> <span class='ocrx_word' id='word_1_508' title='bbox 1736 1451 1776 1458; x_wconf 93' lang='lat'><strong>—</strong></span> <span class='ocrx_word' id='word_1_509' title='bbox 1792 1435 1862 1465; x_wconf 85' lang='lat' dir='ltr'>Dat.</span> <span class='ocrx_word' id='word_1_510' title='bbox 1883 1439 1916 1464; x_wconf 94' lang='lat' dir='ltr'>ut</span> <span class='ocrx_word' id='word_1_511' title='bbox 1931 1443 2036 1474; x_wconf 86' lang='lat' dir='ltr'>supra.</span> <span class='ocrx_word' id='word_1_512' title='bbox 2056 1447 2069 1461; x_wconf 73' lang='grc' dir='ltr'>ιι</span> 
     </span>
    </p>
   </div>
   <div class='ocr_carea' id='block_1_13' title="bbox 1305 1579 2170 1614">
    <p class='ocr_par' dir='ltr' id='par_1_16' title="bbox 1305 1579 2170 1614">
     <span class='ocr_line' id='line_1_74' title="bbox 1305 1579 2170 1614; baseline -0.007 -2"><span class='ocrx_word' id='word_1_513' title='bbox 1305 1582 1561 1612; x_wconf 59' lang='lat'>5122-5178</span> <span class='ocrx_word' id='word_1_514' title='bbox 1831 1579 1965 1611; x_wconf 74' lang='lat' dir='ltr'>Orvieto‚</span> <span class='ocrx_word' id='word_1_515' title='bbox 1982 1580 1997 1606; x_wconf 65' lang='grc' dir='ltr'>Ξ</span> <span class='ocrx_word' id='word_1_516' title='bbox 2011 1580 2075 1614; x_wconf 87' lang='lat' dir='ltr'>juin</span> <span class='ocrx_word' id='word_1_517' title='bbox 2094 1579 2170 1607; x_wconf 65' lang='lat'><strong>120¹.</strong></span> 
     </span>
    </p>
   </div>
   <div class='ocr_carea' id='block_1_14' title="bbox 1234 1641 2240 1729">
    <p class='ocr_par' dir='ltr' id='par_1_17' title="bbox 1234 1641 2240 1729">
     <span class='ocr_line' id='line_1_75' title="bbox 1270 1641 2240 1677; baseline -0.005 -4"><span class='ocrx_word' id='word_1_518' title='bbox 1270 1645 1446 1673; x_wconf 86' lang='lat' dir='ltr'>Gubernatio</span> <span class='ocrx_word' id='word_1_519' title='bbox 1464 1644 1604 1671; x_wconf 86' lang='lat' dir='ltr'>ecclesiae</span> <span class='ocrx_word' id='word_1_520' title='bbox 1623 1642 1794 1670; x_wconf 82' lang='lat' dir='ltr'>Bisatiensis</span> <span class='ocrx_word' id='word_1_521' title='bbox 1809 1641 1971 1673; x_wconf 68' lang='lat' dir='ltr'>Mauri-edo,</span> <span class='ocrx_word' id='word_1_522' title='bbox 1989 1643 2125 1677; x_wconf 83' lang='lat' dir='ltr'>episcopo</span> <span class='ocrx_word' id='word_1_523' title='bbox 2143 1642 2240 1668; x_wconf 79' lang='lat' dir='ltr'>Sancti</span> 
     </span>
     <span class='ocr_line' id='line_1_76' title="bbox 1234 1690 2095 1729; baseline -0.007 -7"><span class='ocrx_word' id='word_1_524' title='bbox 1234 1695 1334 1729; x_wconf 79' lang='lat' dir='ltr'>Marci,</span> <span class='ocrx_word' id='word_1_525' title='bbox 1350 1694 1437 1728; x_wconf 83' lang='lat' dir='ltr'>exuti,</span> <span class='ocrx_word' id='word_1_526' title='bbox 1455 1693 1653 1720; x_wconf 88' lang='lat' dir='ltr'>committitur.</span> <span class='ocrx_word' id='word_1_527' title='bbox 1675 1691 1758 1726; x_wconf 69' lang='lat' dir='ltr'>(Rau.</span> <span class='ocrx_word' id='word_1_528' title='bbox 1775 1691 1817 1722; x_wconf 70' lang='lat'>46,</span> <span class='ocrx_word' id='word_1_529' title='bbox 1835 1699 1860 1718; x_wconf 85' lang='lat' dir='ltr'>e.</span> <span class='ocrx_word' id='word_1_530' title='bbox 1881 1691 1944 1725; x_wconf 65' lang='lat'>235,</span> <span class='ocrx_word' id='word_1_531' title='bbox 1960 1691 1980 1717; x_wconf 77' lang='lat' dir='ltr'>s.</span> <span class='ocrx_word' id='word_1_532' title='bbox 1995 1690 2028 1717; x_wconf 67' lang='lat'>118</span> <span class='ocrx_word' id='word_1_533' title='bbox 2044 1692 2095 1723; x_wconf 68' lang='grc' dir='ltr'>νο.)</span> 
     </span>
    </p>
   </div>
   <div class='ocr_carea' id='block_1_15' title="bbox 1231 1791 2240 2465">
    <p class='ocr_par' dir='ltr' id='par_1_18' title="bbox 1232 1791 2240 2260">
     <span class='ocr_line' id='line_1_77' title="bbox 1280 1791 2239 1833; baseline -0.006 -6"><span class='ocrx_word' id='word_1_534' title='bbox 1280 1797 1447 1827; x_wconf 74' lang='lat' dir='ltr'>Venerabili</span> <span class='ocrx_word' id='word_1_535' title='bbox 1461 1796 1557 1833; x_wconf 74' lang='lat' dir='ltr'>fratri</span> <span class='ocrx_word' id='word_1_536' title='bbox 1571 1795 1738 1831; x_wconf 73' lang='lat' dir='ltr'>Mansrcdo,</span> <span class='ocrx_word' id='word_1_537' title='bbox 1755 1795 1889 1832; x_wconf 77' lang='lat' dir='ltr'>epe&#39;scopo</span> <span class='ocrx_word' id='word_1_538' title='bbox 1903 1793 2008 1823; x_wconf 77' lang='lat' dir='ltr'>Sancti</span> <span class='ocrx_word' id='word_1_539' title='bbox 2024 1793 2128 1822; x_wconf 73' lang='lat' dir='ltr'>Marci.</span> <span class='ocrx_word' id='word_1_540' title='bbox 2146 1791 2239 1822; x_wconf 89' lang='lat' dir='ltr'>Com-</span> 
     </span>
     <span class='ocr_line' id='line_1_78' title="bbox 1235 1844 2239 1887; baseline -0.008 -6"><span class='ocrx_word' id='word_1_541' title='bbox 1235 1850 1424 1880; x_wconf 86' lang='lat' dir='ltr'>missionem</span> <span class='ocrx_word' id='word_1_542' title='bbox 1437 1849 1477 1883; x_wconf 87' lang='lat' dir='ltr'>ei,</span> <span class='ocrx_word' id='word_1_543' title='bbox 1487 1858 1504 1878; x_wconf 87' lang='lat' dir='ltr'>a</span> <span class='ocrx_word' id='word_1_544' title='bbox 1515 1847 1721 1887; x_wconf 82' lang='lat' dir='ltr'>proventibus</span> <span class='ocrx_word' id='word_1_545' title='bbox 1732 1845 1961 1885; x_wconf 85' lang='lat' dir='ltr'>episcopalibus</span> <span class='ocrx_word' id='word_1_546' title='bbox 1971 1845 2121 1875; x_wconf 85' lang='lat' dir='ltr'>ecclesiae</span> <span class='ocrx_word' id='word_1_547' title='bbox 2131 1844 2239 1874; x_wconf 77' lang='lat' dir='ltr'>Sancti</span> 
     </span>
     <span class='ocr_line' id='line_1_79' title="bbox 1235 1897 2239 1937; baseline -0.008 -4"><span class='ocrx_word' id='word_1_548' title='bbox 1235 1903 1336 1933; x_wconf 82' lang='lat' dir='ltr'>Marci</span> <span class='ocrx_word' id='word_1_549' title='bbox 1352 1907 1382 1932; x_wconf 88' lang='lat' dir='ltr'>et</span> <span class='ocrx_word' id='word_1_550' title='bbox 1397 1902 1468 1932; x_wconf 87' lang='lat' dir='ltr'>aliis</span> <span class='ocrx_word' id='word_1_551' title='bbox 1484 1901 1575 1931; x_wconf 82' lang='lat' dir='ltr'>bonis</span> <span class='ocrx_word' id='word_1_552' title='bbox 1593 1901 1659 1930; x_wconf 86' lang='lat' dir='ltr'>suis</span> <span class='ocrx_word' id='word_1_553' title='bbox 1675 1901 1709 1929; x_wconf 91' lang='lat' dir='ltr'>in</span> <span class='ocrx_word' id='word_1_554' title='bbox 1725 1898 1869 1929; x_wconf 86' lang='lat' dir='ltr'>Calabria</span> <span class='ocrx_word' id='word_1_555' title='bbox 1884 1908 1940 1937; x_wconf 88' lang='lat' dir='ltr'>per</span> <span class='ocrx_word' id='word_1_556' title='bbox 1955 1897 2101 1927; x_wconf 78' lang='lat' dir='ltr'>infideles</span> <span class='ocrx_word' id='word_1_557' title='bbox 2117 1897 2239 1935; x_wconf 77' lang='lat' dir='ltr'>privato</span> 
     </span>
     <span class='ocr_line' id='line_1_80' title="bbox 1235 1950 2238 1992; baseline -0.01 -4"><span class='ocrx_word' id='word_1_558' title='bbox 1235 1962 1264 1988; x_wconf 87' lang='lat' dir='ltr'>et</span> <span class='ocrx_word' id='word_1_559' title='bbox 1285 1956 1387 1992; x_wconf 85' lang='lat' dir='ltr'>exuli,</span> <span class='ocrx_word' id='word_1_560' title='bbox 1410 1956 1523 1986; x_wconf 82' lang='lat' dir='ltr'>factam</span> <span class='ocrx_word' id='word_1_561' title='bbox 1544 1964 1562 1984; x_wconf 84' lang='lat' dir='ltr'>a</span> <span class='ocrx_word' id='word_1_562' title='bbox 1584 1954 1685 1984; x_wconf 86' lang='lat' dir='ltr'>bonae</span> <span class='ocrx_word' id='word_1_563' title='bbox 1701 1953 1872 1982; x_wconf 83' lang='lat' dir='ltr'>memoriae</span> <span class='ocrx_word' id='word_1_564' title='bbox 1894 1951 1943 1988; x_wconf 63' lang='lat' dir='ltr'>B„</span> <span class='ocrx_word' id='word_1_565' title='bbox 1960 1952 2104 1990; x_wconf 84' lang='lat' dir='ltr'>episcopo</span> <span class='ocrx_word' id='word_1_566' title='bbox 2120 1950 2238 1980; x_wconf 79' lang='lat' dir='ltr'>Penes-</span> 
     </span>
     <span class='ocr_line' id='line_1_81' title="bbox 1235 2003 2240 2046; baseline -0.008 -6"><span class='ocrx_word' id='word_1_567' title='bbox 1235 2011 1329 2046; x_wconf 78' lang='lat' dir='ltr'>trino,</span> <span class='ocrx_word' id='word_1_568' title='bbox 1348 2015 1422 2039; x_wconf 89' lang='lat' dir='ltr'>tunc</span> <span class='ocrx_word' id='word_1_569' title='bbox 1438 2009 1472 2038; x_wconf 88' lang='lat' dir='ltr'>in</span> <span class='ocrx_word' id='word_1_570' title='bbox 1486 2016 1585 2046; x_wconf 83' lang='lat' dir='ltr'>regno</span> <span class='ocrx_word' id='word_1_571' title='bbox 1596 2006 1723 2036; x_wconf 80' lang='lat' dir='ltr'>Siciliae</span> <span class='ocrx_word' id='word_1_572' title='bbox 1732 2005 1918 2044; x_wconf 76' lang='lat' dir='ltr'>apostolicae</span> <span class='ocrx_word' id='word_1_573' title='bbox 1930 2004 2012 2034; x_wconf 86' lang='lat' dir='ltr'>sedis</span> <span class='ocrx_word' id='word_1_574' title='bbox 2024 2003 2137 2041; x_wconf 66' lang='lat' dir='ltr'>legato,</span> <span class='ocrx_word' id='word_1_575' title='bbox 2153 2012 2240 2033; x_wconf 87' lang='lat' dir='ltr'>nunc</span> 
     </span>
     <span class='ocr_line' id='line_1_82' title="bbox 1233 2057 2236 2103; baseline -0.008 -10"><span class='ocrx_word' id='word_1_576' title='bbox 1233 2064 1422 2103; x_wconf 73' lang='lat' dir='ltr'>expilatam,</span> <span class='ocrx_word' id='word_1_577' title='bbox 1441 2066 1587 2093; x_wconf 77' lang='lat' dir='ltr'>renovat,</span> <span class='ocrx_word' id='word_1_578' title='bbox 1610 2059 1732 2089; x_wconf 80' lang='lat' dir='ltr'>scilicet</span> <span class='ocrx_word' id='word_1_579' title='bbox 1753 2062 1785 2088; x_wconf 90' lang='lat' dir='ltr'>ut</span> <span class='ocrx_word' id='word_1_580' title='bbox 1802 2058 1856 2088; x_wconf 83' lang='lat' dir='ltr'>ille</span> <span class='ocrx_word' id='word_1_581' title='bbox 1875 2057 2024 2088; x_wconf 79' lang='lat' dir='ltr'>ecclesiae</span> <span class='ocrx_word' id='word_1_582' title='bbox 2049 2057 2236 2086; x_wconf 78' lang='lat' dir='ltr'>Bisatiensis</span> 
     </span>
     <span class='ocr_line' id='line_1_83' title="bbox 1232 2109 2238 2155; baseline -0.007 -9"><span class='ocrx_word' id='word_1_583' title='bbox 1232 2116 1500 2155; x_wconf 84' lang='lat' dir='ltr'>gubernationem</span> <span class='ocrx_word' id='word_1_584' title='bbox 1517 2114 1632 2143; x_wconf 86' lang='lat' dir='ltr'>habeat</span> <span class='ocrx_word' id='word_1_585' title='bbox 1647 2117 1678 2142; x_wconf 88' lang='lat' dir='ltr'>et</span> <span class='ocrx_word' id='word_1_586' title='bbox 1691 2112 1730 2142; x_wconf 88' lang='lat' dir='ltr'>de</span> <span class='ocrx_word' id='word_1_587' title='bbox 1749 2111 1892 2150; x_wconf 88' lang='lat' dir='ltr'>ejusdem</span> <span class='ocrx_word' id='word_1_588' title='bbox 1908 2110 2059 2141; x_wconf 83' lang='lat' dir='ltr'>ecclesiae</span> <span class='ocrx_word' id='word_1_589' title='bbox 2078 2109 2238 2149; x_wconf 81' lang='lat' dir='ltr'>proventi-</span> 
     </span>
     <span class='ocr_line' id='line_1_84' title="bbox 1232 2163 2238 2203; baseline -0.008 -4"><span class='ocrx_word' id='word_1_590' title='bbox 1232 2169 1290 2199; x_wconf 83' lang='lat' dir='ltr'>bus</span> <span class='ocrx_word' id='word_1_591' title='bbox 1304 2177 1356 2198; x_wconf 83' lang='lat' dir='ltr'>sex</span> <span class='ocrx_word' id='word_1_592' title='bbox 1370 2167 1508 2198; x_wconf 85' lang='lat' dir='ltr'>carlinos</span> <span class='ocrx_word' id='word_1_593' title='bbox 1523 2166 1593 2195; x_wconf 90' lang='lat' dir='ltr'>auri</span> <span class='ocrx_word' id='word_1_594' title='bbox 1610 2164 1748 2203; x_wconf 78' lang='lat' dir='ltr'>singulis</span> <span class='ocrx_word' id='word_1_595' title='bbox 1767 2164 1932 2194; x_wconf 87' lang='lat' dir='ltr'>mensibus</span> <span class='ocrx_word' id='word_1_596' title='bbox 1947 2172 2001 2202; x_wconf 90' lang='lat' dir='ltr'>pro</span> <span class='ocrx_word' id='word_1_597' title='bbox 2017 2172 2074 2193; x_wconf 89' lang='lat' dir='ltr'>sua</span> <span class='ocrx_word' id='word_1_598' title='bbox 2090 2163 2238 2192; x_wconf 85' lang='lat' dir='ltr'>substen-</span> 
     </span>
     <span class='ocr_line' id='line_1_85' title="bbox 1234 2218 1654 2260; baseline -0.012 -8"><span class='ocrx_word' id='word_1_599' title='bbox 1234 2223 1350 2252; x_wconf 84' lang='lat' dir='ltr'>tatione</span> <span class='ocrx_word' id='word_1_600' title='bbox 1365 2221 1528 2260; x_wconf 86' lang='lat' dir='ltr'>percipere</span> <span class='ocrx_word' id='word_1_601' title='bbox 1543 2218 1654 2258; x_wconf 87' lang='lat' dir='ltr'>possit.</span> 
     </span>
    </p>

    <p class='ocr_par' dir='ltr' id='par_1_19' title="bbox 1231 2270 2236 2366">
     <span class='ocr_line' id='line_1_86' title="bbox 1273 2270 2236 2312; baseline -0.004 -10"><span class='ocrx_word' id='word_1_602' title='bbox 1273 2288 1285 2302; x_wconf 68' lang='grc' dir='ltr'>«ι</span> <span class='ocrx_word' id='word_1_603' title='bbox 1317 2275 1417 2312; x_wconf 79' lang='lat' dir='ltr'>Angit</span> <span class='ocrx_word' id='word_1_604' title='bbox 1444 2282 1502 2304; x_wconf 85' lang='lat' dir='ltr'>nos</span> <span class='ocrx_word' id='word_1_605' title='bbox 1532 2282 1646 2303; x_wconf 88' lang='lat' dir='ltr'>cura...</span> <span class='ocrx_word' id='word_1_606' title='bbox 1675 2288 1714 2293; x_wconf 89' lang='lat'><em>-</em></span> <span class='ocrx_word' id='word_1_607' title='bbox 1740 2271 1811 2301; x_wconf 88' lang='lat' dir='ltr'>Dat.</span> <span class='ocrx_word' id='word_1_608' title='bbox 1839 2270 1925 2309; x_wconf 84' lang='lat' dir='ltr'>apud</span> <span class='ocrx_word' id='word_1_609' title='bbox 1952 2270 2213 2300; x_wconf 79' lang='lat' dir='ltr'>Urbenivetcrem</span> <span class='ocrx_word' id='word_1_610' title='bbox 2230 2294 2236 2305; x_wconf 79' lang='grc'>,</span> 
     </span>
     <span class='ocr_line' id='line_1_87' title="bbox 1231 2327 1788 2366; baseline -0.009 -8"><span class='ocrx_word' id='word_1_611' title='bbox 1231 2338 1276 2358; x_wconf 91' lang='grc' dir='ltr'><strong>ιιιι</strong></span> <span class='ocrx_word' id='word_1_612' title='bbox 1295 2337 1395 2358; x_wconf 90' lang='lat' dir='ltr'>nonas</span> <span class='ocrx_word' id='word_1_613' title='bbox 1408 2327 1512 2366; x_wconf 81' lang='lat' dir='ltr'>junii,</span> <span class='ocrx_word' id='word_1_614' title='bbox 1530 2333 1616 2355; x_wconf 90' lang='lat' dir='ltr'>anuo</span> <span class='ocrx_word' id='word_1_615' title='bbox 1633 2329 1755 2364; x_wconf 87' lang='lat' dir='ltr'>quarto.</span> <span class='ocrx_word' id='word_1_616' title='bbox 1775 2335 1788 2350; x_wconf 91' lang='lat'>»</span> 
     </span>
    </p>

    <p class='ocr_par' dir='ltr' id='par_1_20' title="bbox 1231 2374 2232 2465">
     <span class='ocr_line' id='line_1_88' title="bbox 1272 2374 2232 2418; baseline -0.008 -7"><span class='ocrx_word' id='word_1_617' title='bbox 1272 2382 1307 2411; x_wconf 90' lang='lat' dir='ltr'>lu</span> <span class='ocrx_word' id='word_1_618' title='bbox 1323 2390 1350 2411; x_wconf 89' lang='lat' dir='ltr'>e.</span> <span class='ocrx_word' id='word_1_619' title='bbox 1361 2389 1404 2410; x_wconf 88' lang='lat' dir='ltr'>m.</span> <span class='ocrx_word' id='word_1_620' title='bbox 1419 2378 1557 2418; x_wconf 86' lang='lat' dir='ltr'>capitulo</span> <span class='ocrx_word' id='word_1_621' title='bbox 1573 2377 1747 2408; x_wconf 84' lang='lat' dir='ltr'>Bisatiensi</span> <span class='ocrx_word' id='word_1_622' title='bbox 1760 2375 1889 2406; x_wconf 87' lang='lat' dir='ltr'>mandat</span> <span class='ocrx_word' id='word_1_623' title='bbox 1901 2380 1935 2405; x_wconf 90' lang='lat' dir='ltr'>ut</span> <span class='ocrx_word' id='word_1_624' title='bbox 1949 2375 2055 2405; x_wconf 86' lang='lat' dir='ltr'>eidem</span> <span class='ocrx_word' id='word_1_625' title='bbox 2068 2374 2232 2404; x_wconf 51' lang='lat' dir='ltr'>§lanfredo</span> 
     </span>
     <span class='ocr_line' id='line_1_89' title="bbox 1231 2429 1970 2465; baseline -0.008 -1"><span class='ocrx_word' id='word_1_626' title='bbox 1231 2434 1314 2465; x_wconf 87' lang='lat' dir='ltr'>hanc</span> <span class='ocrx_word' id='word_1_627' title='bbox 1329 2433 1640 2464; x_wconf 85' lang='lat' dir='ltr'>administrationem</span> <span class='ocrx_word' id='word_1_628' title='bbox 1657 2429 1817 2460; x_wconf 75' lang='lat' dir='ltr'>exercenti</span> <span class='ocrx_word' id='word_1_629' title='bbox 1832 2429 1970 2459; x_wconf 85' lang='lat' dir='ltr'>obediat.</span> 
     </span>
    </p>
   </div>
   <div class='ocr_carea' id='block_1_16' title="bbox 1841 2571 2165 2603">
    <p class='ocr_par' dir='ltr' id='par_1_21' title="bbox 1841 2571 2165 2603">
     <span class='ocr_line' id='line_1_90' title="bbox 1841 2571 2165 2603; baseline -0.009 -4"><span class='ocrx_word' id='word_1_630' title='bbox 1841 2574 1968 2603; x_wconf 81' lang='lat' dir='ltr'>(li-vieto,</span> <span class='ocrx_word' id='word_1_631' title='bbox 1985 2573 2000 2599; x_wconf 80' lang='lat'>5</span> <span class='ocrx_word' id='word_1_632' title='bbox 2016 2572 2070 2598; x_wconf 83' lang='lat' dir='ltr'>mai</span> <span class='ocrx_word' id='word_1_633' title='bbox 2091 2571 2165 2597; x_wconf 58' lang='lat' dir='ltr'>lssill.</span> 
     </span>
    </p>
   </div>
   <div class='ocr_carea' id='block_1_17' title="bbox 1305 2579 1423 2608">
    <p class='ocr_par' dir='ltr' id='par_1_22' title="bbox 1305 2579 1423 2608">
     <span class='ocr_line' id='line_1_91' title="bbox 1305 2579 1423 2608; baseline 0.008 -1"><span class='ocrx_word' id='word_1_634' title='bbox 1305 2579 1423 2608; x_wconf 56' lang='lat'>5¹29</span> 
     </span>
    </p>
   </div>
   <div class='ocr_carea' id='block_1_18' title="bbox 1232 2633 2235 2771">
    <p class='ocr_par' dir='ltr' id='par_1_23' title="bbox 1232 2633 2235 2771">
     <span class='ocr_line' id='line_1_92' title="bbox 1271 2633 2235 2677; baseline -0.012 -8"><span class='ocrx_word' id='word_1_635' title='bbox 1271 2642 1403 2677; x_wconf 72' lang='lat' dir='ltr'>paganus</span> <span class='ocrx_word' id='word_1_636' title='bbox 1418 2645 1447 2667; x_wconf 84' lang='lat' dir='ltr'>et</span> <span class='ocrx_word' id='word_1_637' title='bbox 1465 2639 1603 2666; x_wconf 78' lang='lat' dir='ltr'>Vivianus</span> <span class='ocrx_word' id='word_1_638' title='bbox 1617 2638 1652 2665; x_wconf 79' lang='lat' dir='ltr'>dc·</span> <span class='ocrx_word' id='word_1_639' title='bbox 1669 2637 1797 2669; x_wconf 78' lang='lat' dir='ltr'>Verona,</span> <span class='ocrx_word' id='word_1_640' title='bbox 1810 2636 1919 2663; x_wconf 86' lang='lat' dir='ltr'>ordinis</span> <span class='ocrx_word' id='word_1_641' title='bbox 1937 2634 2172 2669; x_wconf 75' lang='lat' dir='ltr'>praedicatorum,</span> <span class='ocrx_word' id='word_1_642' title='bbox 2191 2633 2235 2658; x_wconf 88' lang='lat' dir='ltr'>in-</span> 
     </span>
     <span class='ocr_line' id='line_1_93' title="bbox 1232 2682 2233 2727; baseline -0.013 -8"><span class='ocrx_word' id='word_1_643' title='bbox 1232 2692 1401 2727; x_wconf 82' lang='lat' dir='ltr'>quisitores,</span> <span class='ocrx_word' id='word_1_644' title='bbox 1422 2697 1519 2716; x_wconf 83' lang='lat' dir='ltr'>coram</span> <span class='ocrx_word' id='word_1_645' title='bbox 1539 2688 1606 2715; x_wconf 85' lang='lat' dir='ltr'>sede</span> <span class='ocrx_word' id='word_1_646' title='bbox 1629 2686 1785 2722; x_wconf 82' lang='lat' dir='ltr'>apostolica</span> <span class='ocrx_word' id='word_1_647' title='bbox 1806 2686 1940 2712; x_wconf 87' lang='lat' dir='ltr'>citantur.</span> <span class='ocrx_word' id='word_1_648' title='bbox 1959 2683 2041 2715; x_wconf 69' lang='lat' dir='ltr'>(itm.</span> <span class='ocrx_word' id='word_1_649' title='bbox 2060 2683 2106 2711; x_wconf 71' lang='grc'>46,</span> <span class='ocrx_word' id='word_1_650' title='bbox 2125 2690 2150 2707; x_wconf 93' lang='lat' dir='ltr'>c.</span> <span class='ocrx_word' id='word_1_651' title='bbox 2169 2682 2233 2709; x_wconf 65' lang='lat'>2⁵30.</span> 
     </span>
     <span class='ocr_line' id='line_1_94' title="bbox 1233 2737 1626 2771; baseline -0.013 -3"><span class='ocrx_word' id='word_1_652' title='bbox 1233 2742 1252 2768; x_wconf 83' lang='lat' dir='ltr'>s.</span> <span class='ocrx_word' id='word_1_653' title='bbox 1270 2742 1302 2768; x_wconf 64' lang='lat'>43</span> <span class='ocrx_word' id='word_1_654' title='bbox 1319 2748 1363 2771; x_wconf 72' lang='grc' dir='ltr'>νος</span> <span class='ocrx_word' id='word_1_655' title='bbox 1382 2739 1498 2770; x_wconf 66' lang='lat' dir='ltr'>Pons..</span> <span class='ocrx_word' id='word_1_656' title='bbox 1515 2737 1626 2769; x_wconf 69' lang='lat'>23656.)</span> 
     </span>
    </p>
   </div>
   <div class='ocr_carea' id='block_1_19' title="bbox 1273 2816 2234 2863">
    <p class='ocr_par' dir='ltr' id='par_1_24' title="bbox 1273 2816 2234 2863">
     <span class='ocr_line' id='line_1_95' title="bbox 1273 2816 2234 2863; baseline -0.017 -4"><span class='ocrx_word' id='word_1_657' title='bbox 1273 2829 1393 2859; x_wconf 80' lang='lat' dir='ltr'>l’etrt‘no</span> <span class='ocrx_word' id='word_1_658' title='bbox 1408 2829 1441 2857; x_wconf 78' lang='lat' dir='ltr'>de</span> <span class='ocrx_word' id='word_1_659' title='bbox 1456 2826 1579 2856; x_wconf 80' lang='lat' dir='ltr'>Samola</span> <span class='ocrx_word' id='word_1_660' title='bbox 1593 2824 1650 2863; x_wconf 86' lang='lat' dir='ltr'>(l),</span> <span class='ocrx_word' id='word_1_661' title='bbox 1669 2824 1823 2862; x_wconf 76' lang='lat' dir='ltr'>capellano</span> <span class='ocrx_word' id='word_1_662' title='bbox 1847 2826 1958 2854; x_wconf 75' lang='lat' dir='ltr'>nostro,</span> <span class='ocrx_word' id='word_1_663' title='bbox 1981 2819 2123 2848; x_wconf 55' lang='lat' dir='ltr'>canona-0</span> <span class='ocrx_word' id='word_1_664' title='bbox 2148 2816 2234 2845; x_wconf 75' lang='lat' dir='ltr'>Mun-</span> 
     </span>
    </p>
   </div>
   <div class='ocr_carea' id='block_1_20' title="bbox 1264 2928 2085 3006">
    <p class='ocr_par' dir='ltr' id='par_1_25' title="bbox 1264 2928 2085 3006">
     <span class='ocr_line' id='line_1_96' title="bbox 1264 2928 1886 2966; baseline -0.018 -6"><span class='ocrx_word' id='word_1_665' title='bbox 1264 2936 1296 2966; x_wconf 84' lang='lat' dir='ltr'>(i)</span> <span class='ocrx_word' id='word_1_666' title='bbox 1313 2935 1442 2960; x_wconf 83' lang='lat' dir='ltr'>Sbaralea</span> <span class='ocrx_word' id='word_1_667' title='bbox 1457 2941 1472 2956; x_wconf 84' lang='lat' dir='ltr'>a</span> <span class='ocrx_word' id='word_1_668' title='bbox 1487 2933 1514 2956; x_wconf 92' lang='lat' dir='ltr'>lu</span> <span class='ocrx_word' id='word_1_669' title='bbox 1531 2931 1642 2956; x_wconf 65' lang='lat' dir='ltr'>sat-iota</span> <span class='ocrx_word' id='word_1_670' title='bbox 1658 2929 1709 2958; x_wconf 57' lang='lat' dir='ltr'>(Cf.</span> <span class='ocrx_word' id='word_1_671' title='bbox 1727 2928 1886 2955; x_wconf 59' lang='lat' dir='ltr'>vonum).</span> 
     </span>
     <span class='ocr_line' id='line_1_97' title="bbox 2057 2980 2085 3006; baseline 0.036 -1"><span class='ocrx_word' id='word_1_672' title='bbox 2057 2980 2085 3006; x_wconf 67' lang='grc' dir='ltr'>’.νΙ</span> 
     </span>
    </p>
   </div>
  </div>
 </body>
</html>
