2393 3496
253 311 310 341 908

254 377 396 406 «fluminio
420 386 545 414 piot-siis
565 375 772 414 expellerent,
803 384 858 404 nec
878 375 915 404 ad
939 375 1113 413 predictum
1143 374 1191 403 vel
1216 374 1254 403 ad

253 429 338 459 aliud
354 430 494 459 offivium
513 430 543 458 in
562 429 686 457 civitate
704 428 819 465 prosata
838 427 884 456 vel
903 429 971 465 ejus
990 428 1133 456 districtu
1150 427 1254 465 ipsum

253 483 365 521 quovis
382 483 474 511 modo
495 482 669 518 reciperent
693 480 741 508 vel
757 480 978 515 adiiiitteient,
1005 485 1057 509 ant
1073 480 1201 518 aliquod
1221 480 1254 508 in

253 536 297 564 eis
316 544 370 574 per
386 544 418 563 se
434 534 480 563 vel
498 534 595 562 alium
611 542 663 561 sen
677 532 758 561 alios
775 534 994 570 permitterent
1009 534 1147 563 officium
1166 542 1256 562 exer-

251 596 330 616 cere.
349 586 534 615 Monuinins
553 585 682 621 insuper
697 584 872 621 predictum
889 585 1070 614 (luidonem
1087 585 1169 613 utad
1183 594 1255 614 con-

252 640 338 672 finia,
357 643 436 667 sicut
458 637 657 675 premittitur.
676 637 733 665 sibi
751 636 838 669 data:
853 637 997 667 submota
1015 637 1155 675 qualibet
1173 637 1253 667 dila-

252 693 346 721 nnn-2.
377 691 492 719 rediret
523 698 620 727 eaque
650 694 789 718 servaret
819 690 953 719 firmiter
982 695 1011 719 et
1045 695 1181 727 teneret,
1219 699 1255 720 ac

251 743 478 772 niviiitoiuiuns
491 742 521 770 in
529 742 573 770 fra
583 742 702 771 dictum
715 747 837 781 tempus
848 752 901 780 per
914 748 1147 781 procuratorem
1160 753 1254 773 suum

251 796 392 830 legitimo
408 794 634 828 constitutum.
655 803 792 824 comune
808 804 882 825 vero
901 796 1053 825 Pisanum
1072 806 1127 835 per
1144 805 1253 827 eorum

248 848 416 885 syiidivinn
434 847 470 875 ad
492 847 548 876 lior¹
570 847 753 877 ordinatum
771 848 913 885 legitime
929 858 1034 879 coram
1058 851 1149 879 nobis
1169 859 1254 880 com—

248 910 356 939 parere
368 906 528 936 ‹furarenb
544 900 751 939 beneplacitis
763 906 791 930 et
804 902 963 931 mandatis
972 903 1150 940 apostolicis
1162 912 1256 941 snper

249 954 409 992 premissis
428 953 595 983 humiliter
613 959 640 983 et
658 955 828 983 eilicaciter
845 956 988 993 parituri.
1009 956 1160 994 Alioquin
1179 965 1254 986 ron-

248 1013 293 1036 tra
311 1016 363 1036 eos
379 1014 406 1036 et
425 1007 584 1037 civitatem
604 1008 736 1037 eandem
756 1008 965 1047 spiritualiter
981 1014 1011 1038 et
1027 1010 1252 1047 temporaliter,

248 1066 337 1100 prout
367 1061 437 1091 sacti
464 1061 600 1099 qualitas
629 1061 774 1090 suaderet
799 1067 829 1091 et
859 1063 1041 1092 videremus
1070 1063 1253 1101 expediens,

246 1114 414 1152 procedere
431 1123 627 1143 curaremus.
651 1115 714 1143 Nos
733 1120 855 1149 antem,
875 1115 950 1153 qnia
969 1116 1081 1154 prefati
1098 1117 1182 1146 cives
1200 1117 1253 1146 Pi-

247 1167 326 1198 sani.
346 1176 419 1195 suos
435 1167 472 1196 ad
493 1167 742 1196 inobedientiam
762 1168 888 1197 animos
906 1169 1124 1205 obfirmantes,
1143 1169 1254 1207 hujus-

247 1220 330 1249 modi
364 1220 596 1249 monitionibus
631 1221 748 1249 nostris
784 1230 891 1259 parere
923 1224 1153 1252 contumaciter
1187 1232 1251 1253 non

244 1278 409 1303 curarunt,
423 1272 561 1301 eundem
578 1272 771 1308 Guidonem,
788 1278 983 1312 potestatem,
999 1275 1165 1311 anxianos,
1181 1285 1253 1306 con-

244 1324 382 1354 siliarios
406 1330 433 1353 et
457 1326 594 1360 majores
619 1326 756 1354 civitatis
780 1326 895 1356 l‘isane
921 1336 956 1357 ac
981 1327 1061 1357 alios
1086 1329 1252 1359 universos

244 1379 381 1407 civitatis
399 1379 500 1416 ipsius
516 1379 570 1417 qui
588 1379 763 1416 predictum
777 1380 957 1410 Guidonem
975 1381 1008 1410 in
1025 1391 1119 1411 snum
1135 1383 1251 1421 capita-

244 1440 339 1461 neum
368 1436 611 1469 assumpserunt
640 1437 670 1461 et
703 1437 813 1462 contra
846 1433 1078 1464 inhibitionem
1110 1440 1250 1465 nostram

244 1486 381 1513 retinere
410 1489 688 1522 presumpserant,
716 1485 749 1514 in
778 1486 855 1516 sesto
883 1486 1092 1518 dedicationis
1122 1489 1251 1519 basilice

244 1537 399 1576 principis
410 1537 624 1575 apostolorum
640 1538 678 1567 de
691 1538 788 1575 Urbe,
802 1545 946 1578 presente
960 1541 1251 1573 tuncmultitudine

242 1591 365 1630 copiosa
396 1590 558 1627 fidelium,
583 1593 889 1623 excommucationis
914 1595 1074 1625 sententia
1095 1596 1251 1626 innodare

242 1644 426 1673 curavimus
452 1648 479 1672 et
504 1644 663 1673 civitatem
684 1645 817 1674 eandem
837 1646 1051 1678 ecclesiastico
1072 1657 1251 1687 supponere

241 1696 421 1732 interdicto,
438 1697 541 1726 eidem
554 1697 695 1727 Gnidoni
712 1698 885 1728 districtius
900 1700 1107 1738 injungentes
1120 1706 1151 1731 ut
1167 1703 1251 1732 infra

243 1750 341 1779 unius
357 1751 478 1779 mensis
490 1751 626 1788 spatium
642 1761 657 1779 :i
673 1751 723 1781 die
740 1757 844 1782 nostre
862 1753 1049 1784 monitionis
1065 1754 1250 1794 hujusmodi

242 1804 504 1842 computandum,
522 1814 617 1842 quem
637 1814 732 1843 super
747 1805 807 1835 lioc
823 1807 849 1836 ei
868 1815 922 1845 pro
942 1810 1152 1847 peremptorio
1168 1811 1249 1840 assi-

241 1857 412 1894 gnavimus
421 1857 568 1891 termino,
579 1858 990 1897 pretatecivitatisregimen
1000 1869 1050 1890 om
1057 1862 1134 1892 nino
1146 1863 1248 1892 dimit-

243 1914 306 1938 tere
323 1915 352 1938 et
369 1909 407 1938 ad
428 1909 568 1939 confinia
585 1911 724 1948 predicta
742 1911 845 1941 redire
865 1921 901 1942 ac
919 1913 1013 1942 etiam
1030 1922 1135 1944 coram
1158 1916 1250 1946 nobis

242 1971 296 2001 per
315 1968 547 2000 procuratorem
567 1963 728 2002 ydoneum
746 1973 929 2003 comparere
946 1972 1082 2004 curaret,
1101 1968 1251 2008 henepla-

240 2016 311 2045 citis
327 2021 356 2045 et
373 2016 532 2045 mandatis
547 2017 727 2055 apostolicis
744 2027 839 2057 super
858 2020 1022 2057 premissis
1039 2020 1206 2052 humiliter
1221 2028 1251 2053 et

242 2069 411 2099 efficaciter
427 2070 599 2108 pariturus.
619 2071 684 2100 Nos
703 2072 788 2100 enim
808 2076 870 2101 tam
890 2078 999 2102 contra
1017 2075 1103 2104 cives
1122 2079 1151 2105 et
1168 2076 1250 2106 civi-

242 2127 336 2153 tatem
354 2123 513 2162 predictos
531 2133 625 2162 qnam
645 2125 739 2154 etiam
756 2130 866 2155 contra
884 2127 1040 2164 prefatum
1053 2127 1247 2167 Gnidonem,

241 2177 265 2205 si
291 2185 382 2205 secus
407 2181 594 2215 attemptare
619 2183 858 2216 presumerent,
882 2180 1096 2218 spiritualiter
1115 2187 1145 2212 et
1169 2187 1248 2213 tem-

241 2229 391 2267 poraliter
406 2230 535 2267 gravius
549 2231 716 2269 procedere
730 2240 927 2269 curaremuS,
946 2239 1039 2272 prout
1054 2237 1250 2266 contumatia

242 2291 351 2311 eorum
368 2283 518 2320 exigeret,
538 2283 608 2312 facti
626 2283 762 2322 qualitas
774 2285 921 2315 suaderet
936 2292 965 2315 et
977 2288 1147 2326 expediens
1163 2289 1249 2320 vide-

241 2336 524 2377 remus.Sed‚quia
535 2337 1249 2380 prefatuanidonecdictecivitatisregimen

241 2389 414 2423 dimittere,
435 2399 492 2419 nec
506 2391 545 2419 ad
562 2391 692 2429 prefata,
708 2392 789 2421 sicut
808 2394 1011 2431 premittitur,
1029 2396 1134 2425 redire
1150 2397 1250 2426 confi-

241 2442 311 2479 nia,
329 2452 386 2472 nec
405 2444 438 2472 in
460 2445 597 2473 termino
616 2445 675 2474 sibi
694 2446 812 2484 profixo
828 2455 933 2476 corani
955 2448 1047 2478 nobis
1065 2458 1250 2488 comparere

240 2496 375 2532 curavit,
394 2497 496 2535 ipsum
518 2502 643 2536 propter
658 2503 780 2528 auctam
802 2501 869 2537 ejus
889 2503 1118 2532 contumatiam
1137 2504 1249 2534 iterato

241 2549 549 2579 excomunicationis
573 2553 730 2581 sententia
753 2552 903 2583 duximus
926 2555 1168 2592 innodandum,
1187 2558 1249 2587 sibi

240 2601 416 2631 distrirtins
432 2603 640 2641 injungentes
654 2610 685 2633 ut
698 2605 780 2634 infra
795 2606 878 2636 diem
891 2607 1090 2639 dominicum
1108 2611 1249 2648 proxime

240 2655 460 2694 precedentem
480 2666 611 2694 presens
629 2662 703 2688 tunc
721 2659 834 2689 festum
849 2661 1056 2692 Ascensionis
1073 2663 1249 2702 dominice,

240 2708 323 2746 qnod
339 2717 434 2747 super
447 2709 504 2739 boc
518 2710 545 2739 ei
559 2719 614 2748 pro
627 2714 838 2750 peremptorio
848 2715 1085 2752 assignavimus
1100 2717 1249 2755 termino,

240 2762 359 2799 prefate
373 2763 510 2792 civitatis
525 2764 666 2802 regimen
682 2766 816 2796 omnino
832 2767 994 2798 dimittere
1011 2774 1041 2799 et
1055 2770 1094 2799 ad
1111 2771 1251 2802 confinia

239 2814 379 2852 predicta
400 2815 505 2844 redire
525 2825 561 2846 ac
582 2817 678 2847 etiam
698 2827 804 2848 coram
828 2821 920 2850 nobis
939 2830 994 2860 per
1015 2829 1250 2862 procuratorem

240 2867 401 2905 ydoneum
425 2877 498 2898 cnm
523 2870 697 2900 sufficienti
721 2873 871 2903 mandato
894 2883 1076 2914 comparere
1105 2882 1248 2914 curaret,

239 2920 446 2960 beneplacitis
465 2927 495 2952 et
513 2923 673 2954 mandatis
694 2926 874 2964 apostolicis
893 2937 988 2967 super
1005 2930 1172 2968 premissis
1189 2931 1249 2961 hu-

238 2974 358 3004 militer
382 2980 412 3005 et
433 2976 600 3006 efficaciter
623 2979 794 3016 pariturus.
820 2981 1003 3012 Memor-atis
1027 2991 1101 3013 vero
1123 2984 1249 3014 Pisanis

997 308 1232 340 REGISTRES
1254 309 1308 338 DF:
1331 308 1514 339 NICOLAS
1537 309 1595 340 IV.

1336 374 1459 403 cix-ihus
1478 374 1620 404 districte
1640 374 1865 405 mandavimus
1889 378 1924 404 ut
1945 375 2141 414 sepedictum
2163 376 2344 411 Guidonem

1337 427 1420 456 infra
1436 427 1521 456 diem
1538 427 1740 457 dominicum
1757 427 1987 466 supradictum,
2003 437 2099 467 quem
2116 438 2211 468 super
2227 430 2287 461 hoc
2298 432 2344 464 eis

1338 488 1392 517 pro
1407 480 1618 518 peremptorio
1633 480 1770 509 termino
1782 479 1946 518 assignare
1957 481 2152 518 curavimtIS,
2168 482 2207 512 de
2219 483 2344 516 civitate

1338 533 1466 567 Pisana,
1489 533 1558 570 ejus
1587 532 1745 562 territorio
1768 537 1799 562 et
1819 532 1963 563 districtu
1988 541 2116 571 prorsus
2137 534 2341 573 expellerent.

1337 593 1395 614 nec
1415 594 1488 614 eum
1506 594 1561 623 pro
1584 585 1750 624 capitaneo
1769 585 1818 615 vel
1839 594 1895 625 pro
1913 590 2064 624 potestate
2082 591 2136 617 aut
2152 589 2264 626 quovis
2280 589 2344 622 alio

1336 638 1440 667 officio
1456 638 1490 667 in
1511 638 1658 673 civitate,
1684 638 1845 668 territorio
1863 638 1912 668 vel
1936 639 2080 669 districtu
2105 639 2252 679 predictis
2267 650 2344 682 quo-
2359 656 2369 668 t

1338 690 1510 720 modolibet
1525 695 1679 727 tenerent,
1696 690 1862 729 haberent,
1877 691 2115 730 reciperentvel
2130 693 2319 725 admittet-en
2357 685 2363 692 ’

1337 749 1390 773 aut
1415 743 1545 782 aliquod
1564 744 1596 773 in
1614 744 1660 773 eis
1684 753 1739 782 per
1759 753 1792 774 se
1818 744 1867 774 vel
1888 744 1989 774 alium
2009 753 2064 774 seu
2083 744 2164 775 alios
2182 747 2327 785 permitte

1338 802 1408 827 rent
1431 797 1573 827 officium
1595 805 1761 833 exercere,
1782 801 1812 826 et
1833 797 1915 826 infra
1936 797 2076 827 eundem
2099 798 2274 830 terminum

1337 850 1508 889 syndicum
1527 858 1599 879 cnm
1619 850 1792 880 sufficienti
1811 850 1964 880 mandato
1981 859 2086 880 coram
2112 851 2204 882 nobis
2221 860 2288 883 com
2344 880 2347 882 .

1337 913 1406 933 rere
1421 908 1580 938 curarent,
1603 902 1808 941 beneplacitis
1829 907 1860 932 et
1883 903 2043 932 mandatis
2058 903 2238 942 apostolicis
2252 911 2347 946 super

1337 956 1502 995 premissis
1519 955 1687 985 humiliter
1703 959 1731 985 et
1748 956 1919 986 efficaciter
1938 957 2070 995 parituri
2084 967 2090 993 3
2108 957 2252 997 alioquin
2269 967 2347 990 conr*

1337 1014 1383 1038 tra
1395 1009 1480 1039 cives
1492 1014 1521 1038 et
1530 1009 1693 1038 civitatem
1706 1009 1861 1047 predictos
1873 1009 1912 1038 ad
1925 1010 2138 1048 privationem
2149 1010 2355 1051 libertatum‘

1337 1062 1596 1101 privilegiorum,
1619 1062 1880 1101 jurisdictionum
1904 1067 1934 1092 et
1955 1063 2078 1101 jurium
2098 1072 2161 1102 que
2179 1072 2196 1094 a
2213 1073 2346 1098 romana

1337 1120 1366 1145 et
1385 1115 1582 1154 quibuslibet
1597 1115 1668 1145 aliis
1687 1119 1797 1159 tenent
1813 1115 1976 1152 ecclesiis,
1995 1121 2026 1146 et
2049 1117 2088 1146 ad
2106 1117 2357 1153 invocationem?

1336 1168 1460 1197 brachii
1479 1168 1644 1204 seculariS,
1662 1177 1698 1198 ac
1716 1169 1795 1198 alias
1814 1173 1877 1198 tani
1894 1174 2005 1199 contra
2022 1169 2108 1209 ipsos
2123 1178 2220 1209 quam
2235 1174 2346 1204 contra

1335 1221 1517 1252 Gnidonem
1542 1222 1699 1260 prefatum
1725 1222 1942 1260 temporaliter
1961 1227 1990 1252 et
2014 1223 2226 1262 spiritualiter
2254 1227 2346 1264 prout

1336 1274 1520 1304 videremus
1542 1275 1714 1313 expediens
1735 1275 1904 1313 procedere
1924 1284 2130 1312 curaremus3
2147 1280 2255 1315 aperte
2272 1270 2360 1316 preimv

1335 1328 1476 1357 dicentes
1492 1327 1615 1357 eisdem
1632 1327 1715 1366 quod
1735 1331 1875 1367 pretextu
1892 1327 2056 1358 dilationis
2074 1333 2105 1359 et
2121 1329 2252 1360 termini
2266 1329 2347 1361 assi-

1334 1381 1495 1419 gnationis
1513 1380 1711 1419 hujusmodi,
1727 1390 1788 1420 que
1804 1381 1908 1419 potius
1926 1390 1962 1411 ex
1979 1382 2080 1419 gratia
2095 1391 2150 1412 seu
2164 1383 2347 1415 misericor<

1334 1435 1386 1464 dia
1409 1438 1509 1474 quam
1534 1444 1570 1464 ex
1600 1435 1680 1473 juris
1709 1435 1898 1465 necessitate
1921 1435 2090 1473 procedere
2116 1436 2350 1479 noscebantur,

1336 1497 1539 1527 nequaquam
1559 1488 1690 1517 differre
1713 1488 1968 1526 proponebamus
1989 1488 2039 1518 vel
2063 1488 2162 1518 etiam
2187 1489 2347 1522 abstinere

1333 1542 1412 1580 quin
1427 1567 1433 1579 ‚
1452 1543 1547 1571 etiam
1572 1541 1640 1580 ipsa
1663 1540 1818 1570 dilatione
1833 1550 1869 1570 ac
1887 1541 2019 1570 termini
2035 1541 2252 1580 assignatione
2267 1540 2351 1582 pen-‚²

1334 1596 1495 1631 dentibus,
1514 1600 1578 1624 tam
1595 1604 1630 1624 ex
1649 1595 1805 1633 preteritis
1821 1594 1963 1633 ipsorum
1977 1595 2195 1632 contumatiis,
2209 1595 2348 1640 exesse?-

1334 1649 1393 1679 bns
1408 1654 1438 1678 et
1452 1649 1584 1679 offensis
1600 1656 1697 1687 quam
1714 1657 1750 1678 ex
1764 1648 1892 1684 tuturis,
1906 1648 1932 1677 si
1949 1656 2028 1686 quos
2044 1648 2129 1687 ipsos
2144 1648 2347 1680 committere

1334 1703 1414 1732 sorte
1430 1702 1642 1740 contingeret,
1660 1701 1905 1740 procederemus
1923 1701 2134 1740 spiritualiter
2145 1706 2176 1732 et
2187 1706 2351 1749 tempora*

1334 1756 1417 1792 liter,
1437 1760 1528 1795 prout
1550 1759 1579 1785 et
1596 1755 1724 1794 qnando
1741 1755 1925 1784 videremus
1947 1754 2134 1794 expediens,
2153 1759 2262 1786 contra
2279 1763 2343 1787 eos.

1335 1810 1373 1839 Et
1387 1810 1461 1848 quia
1477 1814 1672 1839 memoratus
1686 1808 1790 1838 Gnido
1809 1816 1868 1838 uec
1893 1808 2037 1846 regimen
2055 1809 2193 1839 civitatis
2206 1809 2351 1848 predicte-

1334 1864 1512 1899 dimittere,
1534 1871 1592 1892 nec
1611 1863 1651 1900 ad
1675 1862 1834 1897 confinia,
1856 1862 1937 1892 sicut
1959 1862 2168 1901 premittitur,
2192 1863 2351 1903 prelibata'

1334 1917 1438 1947 redire
1453 1941 1459 1953 ‚
1479 1925 1583 1954 neque
1597 1916 1633 1945 in
1650 1916 1770 1954 prefixo
1788 1915 1848 1945 sibi
1868 1915 2006 1946 termino
2022 1924 2129 1946 coram
2145 1916 2256 1954 nobis,
2272 1915 2348 1951 licet

1334 1971 1450 2010 aliquis
1477 1979 1533 2009 pro
1558 1970 1627 2009 ipso
1652 1970 1879 2008 comparuerit,
1908 1978 1972 1999 nou
2003 1974 2110 2000 tamen
2137 1970 2350 2015 sufficienter,

1334 2029 1428 2064 prout
1449 2024 1636 2059 tenebatur,
1659 2031 1844 2062 comparere
1868 2022 1969 2052 voluit
1997 2023 2048 2053 vel
2073 2024 2212 2062 curavit,
2238 2023 2355 2064 ipsum.

1333 2083 1460 2118 propter
1499 2081 1625 2107 auctam
1663 2076 1751 2106 illius
1785 2076 2014 2106 contumatiam
2055 2077 2347 2108 excomunicationi

1334 2131 1531 2171 subjecimus
1539 2131 1669 2171 iterato,
1685 2129 1920 2159 nichilominus
1932 2138 2006 2160 eum
2019 2134 2182 2170 tamquam
2192 2129 2347 2162 rebellem

1333 2189 1363 2215 et
1377 2189 1599 2214 contumacem
1612 2183 1781 2213 reddentes
1793 2191 1922 2221 prorsus
1937 2182 2116 2213 inhabilem
2130 2187 2161 2214 et
2171 2183 2344 2222 indignum

1334 2239 1372 2269 ad
1392 2239 1532 2278 quelibet
1552 2237 1676 2277 publica
1692 2237 1796 2267 officia
1815 2237 2005 2274 exercenda,
2023 2237 2346 2279 universiscomuni-

1335 2293 1452 2322 tatibus
1473 2301 1527 2322 seu
1554 2291 1747 2321 comunibus
1774 2294 1835 2320 tam
1858 2290 2024 2320 civitatum
2047 2299 2145 2329 quam
2166 2295 2344 2322 castrorum

1332 2346 1536 2384 aliorumque
1568 2344 1710 2375 locorum
1740 2344 1917 2374 districtius
1948 2343 2135 2374 inhibentes
2167 2353 2207 2375 ne
2237 2345 2343 2384 ipsum

1333 2408 1462 2439 quoquo
1477 2398 1572 2429 modo
1598 2398 1776 2437 reciperent
1796 2397 1835 2427 ad
1857 2396 1965 2436 aliqua
1987 2397 2115 2436 publica
2131 2398 2236 2428 officia
2251 2400 2358 2429 exer-'

1332 2453 1433 2483 cenda
1446 2464 1453 2490 ;
1468 2451 1610 2491 alioquin
1626 2450 1750 2488 civitas,
1764 2454 1904 2480 castrum
1921 2449 1967 2480 vel
1983 2449 2072 2481 locus
2088 2450 2142 2481 uhi
2158 2459 2232 2481 eum
2245 2450 2344 2491 recipi

1332 2507 1371 2536 ad
1383 2505 1525 2545 predicta
1533 2505 1733 2542 contingeret
1746 2503 1918 2533 interdicto
1929 2502 2141 2534 ecclesiastico
2151 2503 2339 2542 subjaceret.

1333 2561 1371 2590 Et
1396 2559 1630 2589 nichilominus
1652 2558 1713 2597 ipsi
1733 2557 1877 2587 Guidoni
1900 2557 2045 2598 districte·
2062 2557 2285 2596 injuncximus
2307 2561 2344 2588 ut
2387 2559 2389 2561 ’

1332 2614 1469 2644 civitatis
1484 2613 1586 2652 ipsius
1600 2612 1744 2650 regimen
1764 2611 1899 2641 omnino
1918 2610 2093 2640 dimitteret
2104 2615 2135 2640 et
2148 2610 2187 2641 ad
2199 2610 2344 2642 confinia

1332 2666 1474 2706 predicta
1496 2665 1614 2695 rediret
1647 2673 1683 2695 ac
1707 2664 1793 2694 infra
1814 2663 1930 2694 festum
1959 2663 2043 2694 beati
2072 2663 2242 2694 Michaelis
2267 2667 2344 2696 tunc

1331 2719 1477 2759 proximo
1494 2723 1689 2755 secuturum,
1705 2717 1790 2756 quod
1802 2717 1862 2747 sibi
1878 2725 1973 2755 super
1984 2716 2045 2747 hoc
2060 2725 2117 2756 pro
2130 2717 2344 2756 peremptorio

1331 2772 1570 2811 assignavimus
1590 2771 1744 2808 termino,
1763 2780 1818 2810 per
1835 2774 2069 2809 procuratorem
2089 2769 2253 2810 ydoneum
2268 2779 2343 2802 cum

1332 2825 1507 2856 sufficienti
1540 2824 1691 2855 mandato
1720 2833 1826 2854 coram
1863 2823 1955 2854 nobis
1987 2831 2173 2862 comparere
2204 2826 2355 2866 curaret,¹

1332 2879 1495 2918 pariturus
1512 2878 1680 2908 humiliter
1699 2882 1729 2908 et
1745 2877 1915 2907 efficaciter
1930 2877 1963 2906 in
1981 2876 2041 2906 hac
2059 2881 2147 2915 parte
2161 2876 2342 2916 apostolicis

1332 2931 1540 2971 beneplacitis
1563 2936 1593 2962 et
1613 2931 1784 2961 mandatis
1812 2930 1956 2960 Prefatos
1980 2938 2056 2960 vero
2077 2929 2164 2960 cives
2191 2929 2338 2970 Pisanos,

1331 2985 1406 3024 quia
1422 2985 1560 3015 eundem
1578 2984 1760 3015 Guidonem
1778 2983 1863 3014 infra
1879 2983 2056 3013 terminum
2072 2991 2168 3022 super
2182 2982 2244 3014 hoc
2258 2983 2343 3014 assi-
