2393 3496
254 300 292 330 70
982 291 1218 323 REGISTRES
1240 292 1294 321 DE
1317 290 1501 321 NICOLAS
1524 292 1580 322 IV.

234 366 296 396 sibi
313 374 407 404 super
426 364 483 394 hor
501 363 539 393 de
563 361 763 399 benignitate
786 360 871 390 sedis
896 358 1065 399 apostolice
1088 358 1239 396 dignare-

235 429 318 449 niur.
337 418 490 454 Quocirca
508 415 664 445 nobilitati
687 418 738 443 tue
755 413 952 451 presentium
976 417 1084 442 tenore
1108 410 1240 441 manda-

235 482 307 502 mus
325 471 487 510 quatinus,
505 470 531 498 si
547 468 701 507 premissa
720 466 852 497 veritate
870 466 1030 502 nitantur,
1049 469 1081 494 tu
1104 463 1154 494 vel
1169 472 1240 502 pre-

234 527 355 556 dictum
383 523 521 553 nobilem
550 520 750 559 potestariam
777 519 878 557 ipsam
907 518 1074 557 perficere,
1096 521 1190 556 prout
1212 517 1241 546 ei

235 579 336 609 extitit
350 587 367 606 a
384 576 522 615 predicto
540 579 657 603 rectore
676 581 841 609 concessa,
861 572 1039 610 permittas,
1062 570 1112 600 vel
1137 570 1240 600 eidem

234 632 273 661 de
289 630 404 660 salario
419 628 478 658 sibi
496 631 659 666 propterea
675 626 844 664 promisso,
866 625 948 655 sicut
965 625 1111 663 superius
1127 628 1173 654 est
1189 632 1241 653 ex-

236 692 396 724 pressum,
417 681 664 710 satisfactionem
683 679 861 718 plenariam
885 679 982 709 facias
1004 682 1098 717 prout
1117 678 1242 716 justum

235 737 330 766 fuerit
352 734 506 765 exhiberi.
534 733 586 763 Sic
610 738 637 762 te
659 733 693 762 in
716 733 775 762 hoc
799 741 872 770 erga
895 731 1072 771 predictum
1100 730 1242 761 nobilem

235 789 403 819 habiturus
432 792 466 817 ut
490 787 557 826 ipse
584 786 622 816 de
649 790 677 816 te
702 787 821 825 justam
849 794 914 815 non
941 785 1056 815 habeat
1074 783 1242 814 materiam

234 840 464 880 conquerendi.
484 841 555 870 Dat.
574 840 684 877 Reate,
699 849 730 869 vr
750 847 850 869 nonas
866 839 1014 868 octobris.
1033 850 1046 865 n

306 1001 418 1029 nei
978 997 1072 1031 Rieu,
1093 997 1170 1024 1288.

271 1065 344 1099 Regi
362 1064 498 1090 Franciae
517 1065 691 1089 mercatores
707 1060 880 1096 apostolicae
901 1068 1030 1087 camerae
1050 1058 1242 1086 commendat.

235 1113 307 1147 (Fol.
323 1113 357 1139 ‘28
374 1115 424 1144 νῦ.)

277 1238 296 1244 ..
317 1216 382 1253 reyi
401 1215 527 1244 Francie
544 1213 672 1242 illustri.
693 1224 706 1238 α
726 1210 907 1250 Apostolice
923 1210 1007 1241 sedis
1023 1211 1242 1248 benignitas...

234 1268 317 1299 Cum
335 1269 444 1307 itaque
460 1267 567 1297 dilecti
584 1266 645 1295 filii
659 1266 856 1304 Paganutius
868 1264 1062 1302 Guiditioni‚
1078 1264 1244 1295 «Iohannes

235 1321 421 1357 Sismundi,
449 1320 571 1350 Labrus
596 1318 737 1358 Vulpelli
758 1322 789 1348 et
810 1318 948 1357 Adjutus
967 1317 1186 1357 Bissompelli,
1206 1318 1245 1348 de

235 1376 385 1406 societate
402 1374 631 1404 Riccardorum
649 1373 687 1403 de
708 1373 809 1409 Luca,
827 1376 934 1402 nostre
949 1381 1074 1402 camere
1092 1377 1245 1403 mercato-

235 1438 300 1465 res,
319 1428 358 1457 ab
373 1427 450 1458 olim
467 1427 599 1457 ecclesie
616 1434 747 1456 romane
764 1426 902 1455 servitiis
921 1434 954 1455 se
973 1429 1137 1464 prumptos
1160 1425 1245 1455 redi-

236 1482 343 1512 derint
358 1486 388 1511 et
406 1485 530 1520 paratos
550 1489 587 1510 ac
605 1489 641 1510 ea
658 1479 794 1510 sollicite
816 1478 964 1518 prosequi
989 1478 1152 1515 studeant,
1179 1486 1243 1508 non

235 1535 320 1565 levia
344 1544 442 1565 onera
468 1538 632 1573 propterea
654 1533 869 1572 perferentes,
892 1532 1097 1562 serenitatem
1122 1532 1244 1570 regiam

236 1589 412 1627 rogandam
432 1591 550 1617 attente
566 1587 718 1616 duximus
738 1590 769 1616 et
791 1585 982 1616 hortandam
1000 1585 1171 1624 quatinus,
1190 1593 1246 1624 pro

237 1646 345 1673 nostra
364 1646 394 1671 et
409 1640 578 1680 apostolice
597 1640 682 1670 sedis
699 1639 893 1676 reverentia,
911 1643 1102 1669 mercatores
1117 1639 1201 1678 ipsos
1218 1642 1247 1669 et

238 1704 350 1726 eorum
374 1695 475 1725 socios
501 1694 645 1724 Par-isius
668 1693 717 1723 vel
742 1693 777 1722 in
800 1692 876 1723 locis
899 1692 972 1722 aliis
999 1692 1090 1731 regni
1113 1693 1247 1723 Francie

238 1752 472 1779 commorantes
493 1747 615 1777 habens
636 1746 825 1786 propensius
846 1745 1100 1783 commendatOS,
1119 1755 1171 1776 eos
1189 1746 1247 1776 tal-

237 1803 290 1832 liis
306 1811 362 1832 seu
383 1801 507 1831 nuntiis
526 1800 574 1830 vel
595 1800 748 1830 oneribus
770 1799 842 1829 aliis
860 1808 922 1830 non
941 1808 1055 1837 graves
1073 1808 1177 1839 neque
1194 1809 1249 1839 per

236 1856 317 1887 alios
335 1856 460 1893 gravari
481 1855 662 1894 permittas,
681 1858 714 1884 ut
733 1853 859 1884 facilius
875 1858 905 1884 et
922 1853 1122 1884 commodius
1139 1863 1247 1894 prose—

238 1910 295 1948 qui
314 1909 440 1939 valeant
456 1908 610 1947 obsequia
626 1907 758 1937 ecclesie
775 1911 960 1943 memorate,
974 1915 1096 1946 nosque
1108 1907 1247 1938 devotio-

239 1972 314 1992 nem
331 1962 451 2000 regiam
470 1962 576 1999 dignis
593 1961 706 1991 exinde
719 1962 753 1991 in
769 1961 906 1991 Domino
921 1960 1071 1990 laudibus
1085 1969 1249 1991 commen-

237 2016 362 2046 demus.
384 2028 396 2042 n

310 2168 429 2197 '2182

276 2230 316 2257 De
333 2230 500 2265 quaestione
518 2230 591 2255 inter
607 2228 771 2255 Goriutium
792 2232 820 2255 et
841 2227 999 2263 Ugolinum
1024 2228 1059 2255 de
1083 2228 1250 2264 Montepas-

239 2280 313 2306 sillo.
329 2279 400 2314 (Fol.
415 2280 448 2305 '2¹8
466 2283 518 2311 νο.)

823 2165 915 2197 Rieti,
931 2165 948 2192 ‘2
964 2165 1082 2192 octobre
1098 2165 1176 2193 1‘288.

225 2385 230 2391 '
281 2383 389 2411 Dilecto
405 2382 469 2418 filio
485 2381 583 2410 nobiti
604 2382 671 2409 viro
689 2380 715 2409 J.
739 2380 772 2409 de
789 2380 967 2418 Colnmpna,
986 2380 1118 2410 Marchz'e
1135 2380 1250 2411 Ancho—

240 2437 346 2465 nitane
371 2436 490 2464 rectori.
510 2434 544 2463 Ei
565 2433 695 2463 mandat
717 2437 750 2463 ut
770 2434 992 2472 quaestionem
1011 2434 1095 2464 inter
1122 2446 1135 2461 ‹
1151 2435 1251 2464 Veni-

240 2490 322 2519 bene
341 2488 503 2527 quondam
525 2487 756 2523 Abbamoutis,
776 2488 878 2517 civem
902 2487 1114 2525 Esculanum,
1138 2489 1253 2519 tutorio

241 2542 373 2572 nomine
400 2541 554 2578 Goriutii,
575 2541 640 2570 nati
669 2541 830 2579 quondam
857 2541 1039 2579 Symonetti
1061 2540 1192 2579 Georgii
1214 2542 1253 2572 de

241 2594 495 2633 Montepassillo,
511 2603 546 2623 ex
565 2598 650 2633 parte
663 2602 737 2629 una,
753 2597 783 2623 et
799 2594 939 2624 nobilem
954 2594 1059 2624 virum
1074 2594 1252 2633 Ugolinum

241 2647 386 2687 ejusdem
401 2647 460 2677 loci
477 2646 744 2685 Montispassillii,
761 2656 797 2677 ex
814 2647 925 2685 altera,
943 2657 1038 2686 super
1052 2648 1151 2686 ipsius
1166 2657 1253 2679 mon-

242 2701 281 2730 tis
298 2705 328 2730 et
349 2700 464 2730 Nasuti
486 2708 521 2729 ac
545 2699 673 2729 Terami
695 2701 807 2729 castris
830 2705 860 2730 et
884 2709 995 2730 eorum
1015 2701 1201 2732 hominibus
1219 2711 1254 2732 ac

242 2752 412 2784 nonnullis
427 2752 502 2782 aliis
519 2753 771 2791 possessionibus
783 2753 917 2783 ethonis
933 2762 994 2792 que
1007 2754 1139 2784 fuerunt
1151 2764 1255 2794 quon-

241 2807 314 2836 dam
332 2806 463 2844 Georgii
488 2805 526 2836 de
548 2806 805 2844 Montepassillo‚
825 2807 922 2845 patris
948 2807 1103 2845 Hugolini
1123 2808 1255 2847 predicti

241 2864 272 2891 et
288 2860 338 2889 avi
356 2859 493 2889 Goriutii
511 2859 691 2896 memorati,
711 2871 724 2886 ι)
743 2859 934 2890 existentem
951 2869 1047 2899 quam
1062 2860 1124 2891 cito
1140 2862 1256 2899 poterit

242 2913 407 2944 terminet.

284 2978 298 2992 «
314 2965 465 2996 Pervenit
478 2965 516 2994 ad
529 2973 623 2995 nos...
633 2981 672 2987 —
685 2965 769 3004 [Dat.
783 2965 904 3005 Reate]
917 2975 947 2995 vr
961 2974 1063 2996 nonas
1074 2966 1250 2997 octobris.»

1397 357 1513 385 *2¹63
1961 356 2052 388 Rieu,
2069 357 2084 384 5
2100 358 2166 384 aout
2185 357 2259 387 1288.

1360 419 1407 451 R..
1426 420 1524 446 comiti
1543 419 1741 451 Atrebatensi,
1759 419 1854 454 bajulo
1880 419 1960 454 regni
1981 419 2108 451 Siciliae,
2125 421 2235 448 nuntiat
2250 429 2280 448 se
2293 422 2327 450 ad

1324 477 1389 495 eum
1408 469 1613 503 responsiones
1632 469 1755 495 mittere.
1773 468 1844 502 (Fol.
1861 468 1896 496 ‘29
1913 471 1961 501 1⁸⁰.)

1366 578 1474 607 Dilecto
1490 578 1555 614 filio
1571 578 1666 607 nobili
1683 579 1750 607 viro
1767 578 1812 613 IL,
1830 577 1934 607 comiti
1949 578 2134 607 Atrebatensi
2146 583 2172 607 et
2185 587 2248 608 una
2263 588 2328 611 cum

1328 631 1491 659 venerabili
1515 632 1613 667 fratre
1635 635 1738 659 nostro
1765 631 1816 667 G.,
1835 631 1967 668 episcopo
1985 630 2161 668 Sabinensi,
2178 633 2330 669 apostolice

1325 683 1402 712 sedis
1428 684 1540 720 legiaco,
1567 684 1668 721 bajulo
1692 684 1781 721 requi
1799 683 1903 712 Sicilie
1923 692 1977 721 per
1999 692 2159 712 romanam
2181 685 2330 717 ecclesiam

1326 738 1499 765 constituto.
1512 748 1525 762 α
1538 735 1800 774 Manguitudinis
1816 740 1866 765 tue
1878 735 1998 764 litteras
2011 735 2102 765 nobis
2117 744 2172 774 per
2184 735 2331 769 dilectum

1328 789 1432 818 filium
1447 788 1598 819 Judicem
1617 788 1896 825 Centumannum,
1912 789 2065 818 nuntium
2083 793 2184 825 tuum,
2203 787 2332 823 latorem

1328 842 1541 881 presentium,
1560 842 1735 872 destinatas
1753 841 1922 871 affectione
1943 846 2076 881 paterna
2096 842 2288 880 recepimus,
2303 847 2332 875 et

1328 900 1391 925 tarn
1418 904 1479 935 que
1501 895 1752 925 continebantur
1776 895 1810 924 in
1836 895 1883 925 eis
1906 903 2002 934 quam
2026 904 2088 934 que
2114 895 2249 925 nuntius
2267 895 2332 936 ipse

1328 948 1422 979 nobis
1439 958 1474 978 ex
1495 953 1582 987 parte
1600 953 1652 978 tua
1669 949 1787 978 referre
1803 948 1904 978 voluit
1922 948 2141 978 intelleximus
2152 947 2330 987 diligenter.

1329 1002 1427 1033 Porro
1446 1002 1521 1040 quia
1539 1002 1629 1039 regni
1647 1002 1791 1040 regimen
1817 1001 1996 1041 specialiter
2015 1001 2102 1033 cordi
2123 1001 2282 1040 gerimus,
2298 1011 2333 1035 en.

1328 1064 1389 1094 que
1405 1064 1460 1095 pro
1476 1060 1562 1094 parte
1581 1060 1632 1085 tua
1649 1055 1789 1094 prefatus
1805 1055 1940 1085 nuntius
1956 1054 2128 1094 postulavit
2147 1054 2187 1085 ad
2208 1055 2332 1088 exaudi-

1329 1108 1426 1139 tionis
1449 1108 1589 1146 henigne
1614 1109 1749 1146 gratiam
1771 1109 1804 1138 in
1824 1113 1982 1147 quantum
2007 1108 2168 1147 potuimus
2188 1107 2334 1140 duximus

1328 1161 1538 1191 admittenda.
1558 1162 1605 1191 Tu
1625 1162 1737 1200 igitur,
1759 1166 1910 1200 tanquam
1932 1162 1981 1191 vir
2002 1161 2118 1201 probus
2142 1165 2173 1191 et
2188 1165 2333 1194 strenuus

1328 1220 1358 1246 et
1376 1220 1524 1254 expertus
1539 1215 1573 1245 in
1593 1215 1713 1252 multis,
1733 1215 1771 1245 de
1789 1215 1872 1246 bono
1891 1224 2016 1254 semper
2031 1215 2066 1244 in
2083 1214 2199 1245 melius
2214 1214 2334 1246 confor-

1329 1269 1420 1306 teris,
1441 1269 1615 1308 prudenter
1633 1273 1662 1298 et
1681 1268 1814 1299 viriliter
1830 1269 1993 1307 perferens
2009 1277 2071 1307 que
2093 1267 2245 1307 temporis
2258 1277 2347 1308 qua--

1328 1323 1400 1352 litas
1419 1322 1655 1352 subministrat.
1677 1322 1861 1352 Predictum
1880 1331 1955 1353 vero
1977 1321 2146 1359 nuntium,
2166 1321 2223 1361 qui
2238 1325 2346 1361 potest,

1328 1377 1367 1407 de
1384 1376 1550 1414 diligentia
1566 1381 1596 1406 et
1610 1375 1828 1406 sollicitudine
1841 1376 2071 1413 commendari,
2089 1375 2204 1406 habeat
2219 1375 2335 1407 delon-

1330 1429 1476 1468 gitudine
1494 1438 1594 1466 more,
1611 1438 1673 1468 que
1690 1429 1782 1458 vitari
1799 1437 1863 1459 non
1880 1429 1991 1468 potuit,
2011 1433 2063 1459 tua
2079 1428 2230 1459 nobilitas
2245 1437 2334 1460 excu-

1330 1487 1445 1513 satum.
1472 1483 1544 1513 Dat.
1575 1483 1689 1519 Reate,
1721 1483 1816 1513 nonis
1846 1483 1990 1521 augusti,
2014 1482 2216 1522 pontificatus
2239 1482 2336 1515 nostri

1329 1545 1416 1567 anne·
1431 1537 1544 1576 primo.
1564 1548 1576 1563 n

1403 1737 1428 1765 ’ἵ
1436 1737 1456 1764 ¹
1466 1736 1565 1764 64-'2
1574 1736 1594 1763 Ι
1603 1736 1658 1765 6⁸2
1853 1735 1942 1767 Rieti,
1958 1734 1993 1763 28
2009 1735 2173 1771 septembre
2190 1735 2268 1764 1288.

1367 1799 1543 1826 Rectoribus
1565 1803 1705 1826 terrarum
1729 1806 1861 1825 romanae
1882 1798 2022 1825 ecclesiae
2044 1797 2160 1825 mandat
2179 1801 2211 1825 ut
2226 1797 2281 1826 sibi
2294 1797 2337 1826 in·
2355 1796 2358 1798 ’

1332 1850 1424 1876 vicem
1440 1849 1579 1876 auxilium
1596 1848 1762 1884 praebeant.
1785 1847 1854 1880 [Fol.
1870 1848 1904 1875 ‘29
1921 1849 1968 1881 νῦ.)
2346 1837 2352 1845 ’

1373 1960 1481 1989 Dilecto
1497 1959 1561 1996 filio
1580 1981 1600 1989 ..
1618 1958 1750 1988 Marchz'e
1763 1958 1973 1988 Arichonilane
1988 1958 2109 1987 rectori.
2125 1968 2140 1984 α
2157 1957 2240 1994 Quia
2255 1955 2339 1988 funi-

1333 2012 1424 2043 culus
1442 2012 1555 2051 triplex
1572 2011 1702 2041 difficile
1718 2011 1917 2050 rumpitur...
1931 2010 2091 2041 Volumus
2106 2014 2137 2040 et
2149 2019 2205 2049 per
2219 2013 2340 2050 aposto·
2352 2008 2365 2049 j·

1332 2066 1395 2096 lica
1425 2065 1482 2096 tibi
1509 2065 1626 2104 scripta
1650 2064 1793 2094 districte
1818 2064 2024 2103 precipiendo
2049 2063 2242 2094 mandamus
2264 2067 2371 2111 qua-⁴3¹

1334 2120 1458 2150 tinus...
1484 2128 1558 2149 cum
1583 2118 1739 2148 articulus
1764 2118 1965 2148 necessitatis
1988 2117 2146 2155 ingruerit
2166 2121 2197 2147 et
2224 2115 2374 2150 videris}

1334 2173 1497 2212 expedire,
1524 2196 1542 2202 ..
1561 2172 1768 2212 Romaniole,
1788 2195 1807 2203 ..
1826 2172 1959 2202 ducatus
1976 2170 2139 2210 Spoletani
2157 2175 2188 2201 et
2204 2192 2226 2201 ..
2240 2156 2385 2299 Patri-4

1334 2227 1437 2257 monii
1453 2227 1537 2256 beati
1555 2226 1642 2256 Petri
1658 2227 1690 2255 in
1704 2225 1821 2255 Tuscia
1837 2229 1997 2255 rectorum
2014 2224 2205 2262 suffragium
2220 2224 2260 2255 ad
2276 2232 2342 2255 exe-

1334 2280 1499 2319 quendum
1518 2279 1564 2309 tui
1579 2279 1677 2309 officii
1694 2279 1839 2309 debitum
1858 2278 2022 2317 requirere
2040 2286 2103 2309 non
2119 2278 2257 2309 omittas.
2277 2275 2366 2326 Nosf

1334 2334 1423 2364 enim
1440 2342 1534 2372 super
1550 2341 1586 2363 eo
1601 2333 1660 2363 tibi
1674 2333 1714 2363 ab
1730 2333 1774 2363 eis
1791 2341 1864 2363 cum
1880 2341 1898 2362 a
1913 2336 1940 2362 te
1956 2331 2106 2371 requisiti
2121 2331 2244 2362 fuerint
2259 2311 2379 2375 exhi-q,

1335 2388 1439 2418 hendo
1457 2387 1516 2417 sub
1539 2387 1641 2417 forma
1663 2386 1852 2426 hujusmodi
1871 2390 1993 2416 nostras
2012 2386 2090 2425 ipsis
2108 2385 2232 2416 litteras
2250 2371 2370 2427 desti-{-

1336 2450 1462 2471 namus.
1482 2441 1595 2479 Tuque
1611 2440 1693 2470 illud
1709 2439 1860 2470 similiter
1874 2439 2020 2475 cuilibet,
2042 2448 2116 2470 cum
2132 2439 2171 2470 ab
2188 2439 2233 2470 eis
2250 2441 2278 2470 te
2294 2447 2342 2470 re-
2359 2439 2374 2461 ’Ψ

1336 2494 1421 2533 quiri
1438 2493 1619 2531 contigerit,
1636 2493 1823 2532 impendere
1840 2501 1903 2524 non
1921 2496 2127 2532 postponas...
2145 2492 2217 2522 Dat.
2235 2492 2341 2530 Reate,
2356 2486 2378 2498 ⁸

1336 2557 1380 2577 nn
1398 2547 1552 2577 kalendas
1569 2547 1721 2578 octobris.
1745 2559 1756 2573 η

1376 2601 1415 2631 In
1432 2610 1459 2630 e.
1478 2609 1521 2630 m.
1541 2623 1559 2630 ..
1579 2601 1692 2631 rectori
1708 2600 1840 2630 ducatus
1857 2599 2032 2639 Spoletani.

1377 2654 1415 2684 In
1433 2663 1461 2684 e.
1479 2663 1522 2683 m.
1545 2675 1565 2683 ..
1583 2653 1699 2684 rectori
1718 2653 1938 2684 Romaniolae.

1377 2708 1415 2737 In
1433 2716 1460 2738 e.
1479 2716 1523 2738 m.
1542 2730 1562 2737 ..
1582 2707 1695 2737 rectori
1711 2707 1904 2737 Patrimonii
1920 2706 2004 2737 beati
2022 2706 2109 2737 Petri
2125 2706 2160 2736 in
2174 2706 2300 2737 Tuscia.

1411 2913 1530 2941 ’⁷188
1922 2911 2015 2944 Rieti,
2033 2911 2048 2938 6
2065 2911 2182 2939 octobre
2199 2911 2276 2940 1288.

1374 2973 1496 3008 Uber-to,
1519 2975 1656 3009 episcopo
1684 2973 1852 3008 Fer-etrano,
1878 2973 2156 3001 administrationem
2181 2972 2344 3002 monasterii

2380 543 2393 689 τ-ῌ
2380 511 2381 516 ⁴
