2393 3496
910 299 1162 343 QUATRI‘EME
1184 300 1340 334 ANNEE.
2117 308 2172 338 335

125 377 161 406 In
178 385 205 405 e.
218 384 261 404 m.
282 397 301 404 ..
319 374 553 412 archiepiscopo
569 374 702 404 Sanctae
718 374 891 404 Severinae
907 373 1039 403 mandat
1055 377 1089 402 ut

86 429 183 460 electo
200 427 395 458 Rossanensi
410 427 549 465 palleum
566 428 718 466 assignet.

157 613 273 641 6644

122 674 408 702 Administrationem
430 676 596 702 monasterii
619 675 653 701 de
674 675 780 701 Mai-ola
801 696 818 702 ..
842 676 1091 710 archipresbytero

88 724 198 759 Regino
213 725 376 751 committit.
395 724 479 758 (Rae.
497 724 539 757 46,
556 733 581 751 c.
598 725 659 757 755,
678 725 696 751 f.
714 725 763 751 150
780 726 827 757 νῦ.)

400 612 756 647 Sainte-Marie-lllajeure‚
776 614 803 640 il
821 613 925 640 fevrier
941 614 1018 641 1292.

130 827 246 857 Dilectis
274 826 348 863 filiis
378 850 396 855 ..
425 827 684 864 archipresbytero
713 827 822 863 Reqine
845 832 871 856 et
897 850 917 857 ..
943 828 1091 865 preposito

90 879 194 911 Sancte
214 879 308 908 Marie
330 880 364 908 de
389 879 579 915 Castellario,
602 880 711 916 Reqine
729 880 863 915 diocesis,
885 881 1092 913 ecclesiarum,

90 932 401 963 administrationem
427 932 615 962 monasterii
641 932 679 962 de
707 931 838 969 Maroia,
863 933 901 962 ad
926 941 1093 963 romanam

91 985 259 1016 ecclesiam
285 984 376 1015 nullo
400 985 508 1015 medio
536 985 738 1023 pertinentis,
762 985 886 1015 ordinis
912 985 944 1015 S.
964 986 1094 1022 Angus-

93 1039 167 1076 tini,
186 1038 331 1077 Reginae
351 1038 517 1075 dioecesis,
534 1039 714 1073 committit„
735 1039 895 1077 pendente
911 1047 1016 1069 coram
1034 1040 1094 1068 Pe-

92 1097 156 1128 tro,
175 1092 283 1123 Sancti
301 1092 465 1122 Eustachii
481 1092 615 1122 diacono
632 1092 803 1129 cardinali,
820 1093 947 1130 negotio
965 1092 1094 1122 electio-

90 1146 142 1176 nis
155 1145 327 1183 Johannis,
346 1145 463 1185 prioris
482 1145 625 1184 ejusdem
642 1146 840 1182 monasterii,
858 1146 891 1175 in
908 1145 1066 1175 abbatem.

130 1211 143 1226 α
168 1199 210 1228 Ex
230 1198 367 1237 suscepti
390 1203 574 1228 tenemur...
599 1215 639 1220 —
662 1199 732 1228 Dat.
753 1199 870 1235 Rome,
892 1198 975 1237 apud
994 1198 1095 1228 Sanc-

91 1257 154 1283 tam
170 1252 305 1282 Mariam
322 1252 490 1291 Majorem,
507 1261 541 1281 111
560 1251 634 1281 idus
650 1251 816 1288 februarii,
833 1260 919 1281 anno
935 1255 1059 1289 quarto.
1080 1263 1092 1277 n

161 1446 278 1475 6645

128 1508 311 1543 Dispensatio
326 1516 415 1543 super
430 1508 590 1543 pluralitate
608 1508 824 1534 beneficiorum.
837 1507 920 1539 (Rea.
936 1508 979 1540 46,
995 1516 1020 1534 c.
1035 1508 1096 1542 756,

92 1557 110 1583 f.
129 1557 178 1584 150
193 1558 240 1590 r0.)

398 1445 754 1479 Saintc-Marie-Majeure‚
770 1445 930 1480 28janvie1·
945 1446 1023 1473 1292.

134 1659 294 1689 Guillelmo
314 1660 348 1688 de
372 1659 469 1694 Clera,
491 1659 674 1696 presbytero,
699 1658 843 1688 canonico
867 1659 977 1695 capelle
995 1659 1029 1688 de
1045 1659 1099 1687 Ar-

94 1713 221 1749 brekan,
242 1713 383 1741 Midensis
399 1712 531 1742 diocesis,
549 1711 812 1741 Consideratione
828 1711 879 1747 R.‚
900 1711 1099 1741 Bathonien-

95 1765 140 1795 sis
157 1766 308 1805 episcopi,
324 1765 508 1795 cancellarii
525 1765 609 1803 regis
626 1765 776 1803 Anghae,
794 1765 942 1803 indulget
958 1769 990 1794 nt
1008 1764 1098 1795 Guil-

95 1818 209 1849 lelmus
230 1818 270 1848 de
295 1817 404 1855 Clera,
431 1818 575 1857 ejusdem
601 1818 686 1856 regis
710 1810 861 1855 clericus,
885 1818 1032 1848 ecclesias
1060 1819 1099 1849 de

97 1872 272 1903 Brafforton
295 1876 326 1901 et
351 1871 390 1902 de
417 1871 576 1907 Beanuer,
604 1871 812 1902 Eboracensis
837 1876 867 1901 et
889 1871 1099 1909 Corkagensis

95 1925 299 1962 dioecesium,
323 1925 547 1955 canonicatum
572 1929 602 1954 et
624 1925 838 1963 praehendam
860 1925 894 1954 in
917 1925 1037 1963 capella
1061 1925 1100 1955 de

93 1978 273 2015 Arbrekan,
287 1982 318 2008 et
328 1978 561 2018 parrochialem
575 1978 741 2007 ecclesiam
758 1978 796 2007 de
809 1978 960 2014 Galtrim,
978 1978 1100 2008 Miden-

94 2032 137 2061 sis
153 2032 317 2068 dioecesis,
336 2041 417 2070 quae
436 2031 571 2061 insimul
588 2031 657 2061 sine
675 2031 912 2069 dispensatione
927 2040 982 2070 per
999 2032 1098 2061 trien-

93 2081 185 2115 nium
198 2085 349 2122 detinuit,
365 2085 451 2115 licite
464 2084 624 2123 possidere
639 2084 752 2121 valeat,
771 2085 944 2115 dummodo
958 2085 997 2115 ad
1013 2085 1099 2115 arbi-

95 2139 190 2169 trium
206 2139 284 2169 honi
299 2139 360 2168 viri
375 2147 550 2177 congruam
563 2139 742 2177 portionem
754 2139 917 2168 fructuum
929 2148 964 2169 ex
978 2139 1099 2168 eisdem

94 2192 258 2222 beneficiis
285 2196 503 2231 perceptorum
524 2192 558 2221 in
585 2200 696 2221 eorum
721 2192 903 2221 evidentem
931 2191 1099 2221 utilitatem

95 2250 266 2276 convertat.

137 2311 151 2326 «ι
171 2298 353 2329 Laudabilis
368 2298 620 2329 conversationis
637 2301 704 2327 et...
726 2315 765 2320 —
786 2298 857 2327 Dat.
879 2298 996 2333 Rome,
1017 2298 1100 2336 apud

97 2352 244 2383 Sanctam
266 2352 401 2383 Mariam
423 2352 588 2390 Majorem,
610 2361 630 2380 v
650 2350 804 2380 kalendas
829 2351 993 2387 februarii,
1017 2359 1100 2381 anno

96 2410 217 2445 quarto.
237 2418 250 2433 n

165 2598 281 2627 6646

131 2659 320 2695 Indulgentia.
335 2659 418 2694 (Rea.
435 2660 478 2692 46,
496 2668 522 2686 c.
539 2660 600 2690 757,
618 2659 637 2686 s.
656 2659 705 2686 150
722 2659 774 2691 νῦ.)

404 2596 765 2631 Sainte-Marie-Majeure,
785 2596 815 2623 '18
831 2596 933 2623 fevrier
951 2596 1028 2623 1292.

139 2763 291 2792 Universis
309 2763 423 2792 Christi
444 2763 584 2799 fidelibus
602 2766 752 2799 presentes
772 2760 889 2790 litteras
908 2762 1098 2798 inspecturis.

98 2814 335 2853 Indulgentiam
353 2815 451 2844 unius
472 2815 550 2843 anni
573 2819 602 2844 et
623 2823 661 2843 xi.
677 2813 803 2843 dierum
825 2813 970 2843 concedit
985 2814 1030 2843 eis
1046 2813 1103 2851 qui

97 2876 230 2898 manum
246 2868 386 2898 caritatis
401 2868 602 2906 porrexerint.
619 2890 638 2896 ..
655 2867 768 2896 rectori
785 2870 815 2896 et
827 2867 976 2896 fratribus
990 2866 1102 2895 domus

98 2919 292 2959 leprosorum
312 2921 422 2950 Sancti
437 2920 547 2950 Lazari
563 2920 602 2949 de
616 2919 731 2949 Sancto
745 2919 882 2949 Genesio
898 2928 992 2958 prope
1008 2919 1102 2949 Sanc-

101 2978 166 3003 tum
185 2974 363 3009 Miniatem,
382 2974 527 3003 Lucanae
540 2972 704 3003 dioecesis.

1213 383 1225 397 α
1244 371 1403 407 Quoniam
1418 375 1453 401 ut
1469 371 1551 402 ait...
1572 371 1692 401 —Dat.
1710 371 1822 408 Rome,
1837 371 1920 410 apud
1940 371 2089 402 Sanctam
2107 374 2173 403 Ma-

1172 425 1253 454 riam
1270 425 1434 463 Majorem,
1452 434 1494 454 xn
1513 424 1666 454 kalendas
1682 424 1799 460 martii,
1816 433 1902 455 anno
1918 430 2040 463 quarto.
2060 439 2072 452 1,

1243 603 1357 632 (3347

1209 664 1375 698 Nicolaum,
1401 665 1490 691 filium
1512 665 1626 692 Alberti
1650 665 1685 691 de
1708 665 1894 699 Fottegattis,
1917 674 1933 692 a
1957 665 2125 692 canonicatu
2151 669 2179 690 et

1174 713 1335 747 praebenda
1364 714 1392 740 in
1421 714 1543 740 ccclesia
1571 713 1684 748 Regina
1711 718 1834 741 amovet.
1863 713 1949 746 (Rea.
1968 713 2016 744 46,
2046 722 2071 740 c,
2111 713 2175 744 758,

1174 761 1193 788 f.
1213 762 1261 788 150
1277 764 1326 793 ΥΟ.)

1485 603 1842 637 Sainte-Marie-Majeure,
1861 603 1893 630 13
1908 603 2012 630 ferrici·
2028 603 2106 630 1292.

1216 863 1363 899 Gerardo,
1386 864 1420 892 de
1441 864 1666 899 Traversetulo,
1685 868 1711 892 et
1729 886 1747 891 ..
1766 864 1800 892 de
1816 863 1927 893 Sancta
1948 864 2072 893 Eulalia
2094 865 2177 893 eccle-

1175 918 1296 945 siarum
1323 917 1608 954 archipresbyteris,
1630 917 1803 945 Parmensis
1829 918 1966 951 diocesis,
1994 917 2124 946 mandat
2147 922 2180 946 nt

1176 968 1358 1006 Nicolaum,
1375 968 1479 999 filium
1496 969 1620 998 Alberti
1636 968 1674 998 de
1694 970 1887 1006 Fottegattis‚
1906 969 2008 999 civem
2024 970 2180 999 Parmen-

1176 1031 1260 1058 sem,
1279 1024 1431 1051 moneant
1456 1027 1492 1051 ut
1511 1022 1651 1051 dimittat
1674 1022 1896 1051 canonicatum
1917 1027 1947 1051 et
1966 1022 2180 1061 praebendam

1176 1084 1268 1114 quae,
1282 1075 1316 1104 in
1329 1075 1462 1105 ecclesia
1475 1075 1602 1112 Regina
1615 1083 1670 1113 per
1683 1075 1807 1104 obitum
1816 1075 1979 1105 Francisci
1991 1075 2029 1104 de
2038 1075 2179 1111 Foliano,

1176 1128 1259 1167 apud
1272 1128 1379 1158 sedem
1393 1128 1597 1167 apostolicam
1610 1128 1741 1164 mortui,
1755 1128 1911 1164 vacantia,
1925 1137 2003 1166 papa
2016 1129 2182 1158 Francisco

1178 1181 1343 1212 Buttofani
1366 1182 1404 1211 de
1426 1182 1536 1211 Murro
1559 1181 1709 1218 contulit,
1729 1190 1811 1219 quae
1835 1190 1910 1211 vero
1930 1181 2123 1211 Guillelmns
2145 1181 2183 1211 de

1178 1234 1260 1265 Sexo
1275 1235 1378 1264 dictus
1395 1235 1571 1264 Patarenus
1589 1234 1756 1272 usurpavit
1773 1239 1802 1264 et
1816 1234 1932 1263 deinde
1948 1234 1983 1263 in
1999 1234 2147 1264 manibus
2162 1257 2181 1264 ..

1178 1289 1297 1327 Regini
1318 1289 1455 1327 episcopi
1472 1288 1666 1326 resignavit,
1685 1289 1769 1318 unde
1786 1287 1936 1318 Nicolaus
1951 1288 2129 1326 praedictus
2149 1297 2184 1318 ea

1179 1342 1318 1378 detinet,
1337 1341 1482 1380 alioquin
1499 1351 1572 1371 eum
1589 1350 1695 1371 coram
1711 1341 1784 1371 sede
1800 1341 1971 1379 apostolica
1985 1342 2068 1371 citet.

1221 1408 1234 1422 u
1261 1395 1463 1433 Significavit
1488 1395 1579 1426 nobis
1607 1395 1779 1425 dilectus...
1806 1412 1844 1415 —
1868 1395 1938 1424 Dat.
1964 1395 2077 1431 Rome,
2102 1394 2185 1433 apud

1180 1449 1329 1479 Sanctam
1360 1449 1494 1478 Mariam
1536 1449 1709 1487 Majorem,
1748 1447 1856 1478 idihus
1891 1448 2063 1482 februarii,
2099 1456 2185 1478 anno

1179 1507 1301 1542 quarto.
1320 1514 1332 1528 n

1252 1681 1368 1709 6648

1218 1743 1260 1770 De
1289 1743 1419 1769 libertate
1443 1743 1609 1768 hominibus
1633 1743 1719 1769 castri
1745 1742 1842 1769 Sancti
1864 1742 1986 1777 Ypoliti,
2007 1742 2185 1769 Forosinfro-

1182 1793 1292 1819 niensis
1308 1791 1460 1825 dioecesis,
1477 1799 1626 1817 concessa.
1644 1790 1727 1824 (Rea.
1744 1791 1788 1825 46,
1805 1799 1830 1818 c.
1849 1791 1909 1824 759,
1925 1791 1945 1817 f.
1963 1792 2012 1818 150
2027 1794 2076 1823 νο.)

1508 1679 1868 1714 Saiute-Marie-Majcure,
1887 1680 1902 1707 ¹.)
1917 1681 2020 1707 fovi-ier
2038 1680 2114 1707 1292.

1225 1916 1244 1923 ..
1263 1895 1364 1931 priori
1377 1894 1492 1922 heremi
1506 1893 1613 1922 Sancte
1628 1892 1731 1922 Crucis
1748 1893 1850 1922 Fontis
1862 1893 2012 1930 Avellane,
2030 1893 2186 1930 Enqnbine

1183 1948 1323 1983 diocesis,
1348 1945 1478 1975 mandat
1500 1950 1533 1975 ut
1556 1945 1700 1984 inquirat
1720 1946 1757 1975 de
1778 1946 1929 1984 petitione
1951 1954 2014 1984 qna
2032 1945 2182 1982 Jacobns,

1183 2000 1349 2038 episcopus
1373 1998 1695 2034 Forosinsroniensis,
1713 1998 1875 2027 licentiam
1893 1999 1992 2037 poscit
2006 1998 2186 2028 ratificandi

1182 2053 1360 2082 libertatem
1377 2052 1416 2081 ab
1432 2052 1577 2088 Andrea,
1596 2052 1692 2080 fratre
1712 2051 1812 2081 honae
1830 2051 2003 2081 memoriae
2016 2050 2067 2087 G.,
2090 2051 2186 2080 Foro·

1183 2105 1409 2135 sinii-oniensis
1428 2105 1582 2143 episcopi,
1603 2104 1789 2134 hominibus
1810 2105 1903 2133 castri
1924 2103 2033 2133 Sancti
2054 2103 2184 2142 Ypoliti‚

1183 2158 1491 2189 Forosinfroniensis
1521 2158 1690 2193 dioecesis,
1712 2166 1906 2192 concessam,
1937 2157 2020 2195 quod
2047 2162 2186 2186 castrum

1183 2211 1219 2240 G.
1240 2211 1331 2240 fratri
1348 2219 1403 2240 suo
1422 2210 1456 2238 in
1472 2214 1662 2248 perpetuum
1678 2209 1787 2238 minus
1801 2210 1887 2247 juste
1904 2209 2067 2244 concessit,
2088 2217 2183 2247 quac-

1183 2273 1245 2302 qne
1263 2263 1410 2298 libertas,
1430 2267 1556 2302 propter
1574 2262 1748 2301 potentiam
1766 2263 1947 2292 communis
1964 2262 2107 2301 ejusdem
2122 2271 2185 2291 cas-

1184 2317 1233 2354 tri,
1250 2317 1431 2355 recuperari
1447 2325 1512 2346 non
1529 2320 1638 2355 potest.

1224 2383 1237 2397 a
1259 2369 1457 2408 Significavit
1474 2369 1564 2399 nobis
1581 2369 1812 2399 venerabilis..
1830 2387 1868 2390 —
1883 2370 1956 2399 Dat.
1974 2370 2085 2405 Rome,
2104 2370 2186 2409 apud

1183 2424 1333 2454 Sanctam
1363 2423 1498 2452 Mariam
1536 2423 1707 2462 MaJ‘orem,
1739 2433 1758 2452 v
1792 2423 1866 2452 idus
1897 2423 2052 2453 februarii
2065 2447 2072 2458 ,
2103 2431 2186 2453 anno

1183 2481 1306 2515 quarto.
1326 2488 1339 2503 D

1255 2654 1370 2682 6649

1221 2714 1405 2749 Dispensatio
1420 2722 1508 2749 super
1523 2714 1682 2749 pluralitate
1697 2714 1912 2741 beneficiorum.
1932 2714 2013 2745 (Rea.
2027 2715 2069 2747 46,
2082 2723 2107 2741 c.
2125 2714 2185 2746 75¹¹,

1184 2765 1204 2791 f.
1222 2764 1268 2790 151
1287 2765 1334 2795 νῦ.)

1493 2653 1854 2688 Sainte—Marie-Majeure,
1871 2654 1904 2681 ί20
1918 2654 2022 2680 fevi-ier
2041 2654 2116 2681 1202.

1233 2865 1398 2894 t'enerahlli
1422 2866 1516 2900 fratri
1539 2888 1558 2895 ..
1585 2867 1717 2903 episcopo
1740 2866 1944 2894 Lincolniensi
1967 2865 2132 2894 committit
2153 2870 2188 2894 ut

1185 2927 1259 2948 cum
1290 2918 1425 2947 lieberto
1451 2918 1489 2946 110
1515 2918 1630 2948 Sancto
1657 2918 1800 2955 Albano,
1831 2923 1948 2948 rectore
1974 2917 2122 2947 ecclesiae
2149 2918 2186 2948 de

1187 2972 1304 3009 Magna
1331 2971 1481 3006 Roudon,
1515 2971 1753 3001 Lincolniensis
1777 2971 1939 3007 dioecesis,
1968 2970 2080 3000 clerico
2105 2971 2187 3008 regis
