2393 3496
968 303 1221 349 QUATRIEME
1246 302 1400 341 ANNEE.
2178 315 2233 345 737

720 380 848 414 Orvieto,
868 380 899 406 13
914 380 976 414 juin
997 379 1074 406 1291.

176 445 214 473 111
237 452 264 473 e.
289 452 345 479 m.‚
363 451 418 481 pro
434 442 566 472 ecclesia
584 443 623 471 de
643 442 790 476 Bossoic,
814 441 1040 472 Maeloviensis
1058 441 1145 470 dioe-

137 497 234 532 cesis,
260 496 294 525 in
317 500 452 534 quatuor
478 496 586 525 beatae
608 496 728 525 Mariae
751 500 781 525 et
801 500 983 524 sanctorum
1007 494 1093 524 Petri
1117 498 1147 523 et

138 549 229 578 Pauli
247 549 472 578 festivitatibus
489 553 518 577 et
537 557 590 586 per
603 553 671 578 octo
688 548 755 578 dies
776 553 956 586 sequentes.
975 548 1045 576 Dat.
1063 547 1145 585 apud

138 601 413 633 Urbemveterem.
433 601 540 630 idibus
553 602 650 639 junii,
670 609 755 630 anno
770 605 894 639 quarto.

179 655 216 684 111
237 664 263 684 e.
284 664 338 691 m.‚
358 663 413 692 pro
433 654 568 683 ecclesia
587 677 605 683 ..
626 654 749 683 abbatis
770 659 800 683 et
820 658 996 683 conventus
1018 661 1145 682 monas-

139 709 210 737 terii
232 708 270 737 de
292 707 496 743 Aureavalle,
519 708 641 737 ordinis
666 707 699 737 S.
724 708 912 745 Augustini,
936 707 1146 736 pictaviensis

139 761 309 797 dioecesis⁷
333 761 367 790 in
384 765 520 799 quatuor
544 761 654 791 beatae
680 762 818 797 Mariae,
842 765 969 790 sanctae
989 760 1093 790 crucis
1117 764 1147 789 et

140 818 323 844 sanctorum
349 815 434 844 Petri
457 819 487 843 et
510 814 603 843 Pauli
623 815 849 844 festivitatibus
871 819 900 844 et
922 823 976 852 per
994 818 1062 844 octo
1078 814 1146 843 dies

139 872 319 906 sequentes,
336 871 394 896 etc.
414 867 484 896 Dat.
505 872 660 906 utsupra.

735 927 867 958 Orvicto,
885 928 900 953 9
916 928 977 961 Juin
998 926 1073 953 1291.

178 989 214 1018 Iu
228 998 255 1018 e.
269 999 325 1026 m.‚
342 998 396 1028 pro
408 989 541 1019 ecclesia
554 1012 573 1018 ..
593 990 707 1028 prioris
723 994 752 1019 et
765 990 900 1019 fratrum
916 989 1144 1018 heremitarum

138 1042 421 1078 Ulixhonensium,
438 1043 563 1073 ordinis
575 1043 607 1073 S.
626 1043 812 1081 Augustini,
829 1044 862 1072 in
881 1043 912 1072 S.
929 1042 1103 1079 Augustini
1117 1046 1145 1070 et

138 1096 169 1127 S.
191 1095 341 1132 Genesii,
359 1096 450 1134 cujus
473 1096 586 1126 festum
608 1096 809 1126 sollemniter
827 1096 861 1125 in
882 1096 992 1125 eadem
1012 1094 1145 1124 ecclesia

137 1149 329 1183 celebratur,
350 1149 575 1179 festivitatibus
592 1154 622 1179 et
638 1159 691 1188 per
706 1153 774 1179 octo
790 1149 857 1178 dies
875 1152 1052 1187 sequentes.
1073 1148 1142 1176 Dat.

137 1212 157 1232 v
174 1202 246 1232 idus
260 1202 358 1241 junii⁷
376 1211 462 1231 anno
479 1207 602 1240 quarto.
620 1202 679 1241 (En
696 1201 823 1240 Μαΐῳ.)

717 1284 850 1315 Urvicto,
871 1283 897 1309 11
914 1284 976 1316 juin
998 1282 1072 1309 1291.

179 1347 216 1377 In
236 1356 263 1376 e.
282 1356 338 1382 m.‚
354 1355 410 1385 pro
426 1346 545 1385 capella
562 1347 669 1376 Sancti
687 1346 822 1375 Antonii
840 1345 961 1375 abbatis
977 1345 1010 1374 in
1025 1354 1145 1374 coeme-

139 1400 218 1430 terio
234 1400 421 1430 monasterii
446 1400 485 1429 de
508 1399 685 1438 Rivipullo,
713 1399 857 1429 Vicensis
878 1399 1048 1435 dioecesis,
1066 1407 1142 1428 con-

138 1457 273 1488 structa,
294 1453 326 1482 in
345 1453 487 1492 ejusdem
509 1453 607 1482 sancti
620 1475 627 1488 ,
648 1452 679 1482 S.
697 1452 791 1482 Pauli
808 1452 904 1491 primi
921 1452 1097 1482 heremitae
1116 1456 1145 1482 et

139 1505 171 1535 S.
194 1505 356 1535 Vincentii
374 1505 610 1540 festivitatibus,
629 1514 684 1543 per
701 1509 770 1535 octo
788 1505 856 1534 dies
877 1509 1044 1543 sequentes
1063 1509 1093 1534 et
1109 1505 1143 1533 in

139 1558 361 1587 anniversario
388 1557 441 1586 die
467 1557 676 1587 dedicationis
707 1557 851 1596 ejusdem
876 1557 1037 1587 ecclesiae.
1071 1558 1141 1587 Dat.

137 1620 170 1640 111
189 1611 261 1640 idus
276 1611 378 1650 junii,
396 1619 481 1640 anno
499 1615 620 1650 quarto.
640 1610 745 1649 (levid.)

718 1684 846 1715 Orvieto‚
868 1684 898 1710 13
911 1685 974 1718 juin
994 1684 1071 1711 ti'Ot.

175 1747 213 1776 In
240 1756 267 1776 e.
296 1756 353 1783 m.‚
381 1755 436 1785 pro
462 1747 583 1785 capella
608 1748 703 1777 castri
736 1747 775 1777 de
801 1748 955 1783 Sabrano,
983 1748 1143 1778 Uticensis

136 1799 304 1836 dioecesis,
329 1800 363 1828 in
383 1804 508 1830 sanctae
527 1801 671 1838 Agatliae
690 1805 720 1830 et
742 1805 878 1839 quatuor
898 1801 1007 1830 beatae
1025 1801 1143 1831 Mariae

134 1852 380 1889 festivitatibus,
402 1853 436 1882 in
460 1853 696 1892 sollempnitate
720 1854 875 1884 Omnium
899 1854 1088 1884 Sanctorum
1114 1858 1145 1884 et

135 1914 190 1944 per
205 1909 273 1935 octo
293 1905 360 1935 dies
375 1911 555 1944 sequentes.

177 1971 190 1986 α
218 1959 306 1988 Licet
327 1959 354 1988 is
374 1959 449 1988 de...
471 1977 510 1980 —
531 1960 602 1988 Dat.
629 1959 713 1998 apud
736 1960 1016 1996 Urbemveterem,
1037 1961 1143 1989 idibus

130 2012 228 2051 junii,
244 2021 331 2042 anno
346 2017 468 2051 quarto.
490 2025 502 2039 1)
520 2012 625 2051 (Ibid.)

719 2066 845 2099 Orvieto,
867 2068 894 2092 17
908 2066 972 2099 juin
992 2067 1068 2093 1291.

171 2127 210 2156 In
226 2135 253 2156 e.
273 2136 330 2164 m.‚
351 2135 406 2165 pro
423 2127 555 2157 ecclesia
573 2127 759 2156 monasterii
776 2127 909 2157 Sanctae
926 2129 1060 2165 Agnetis
1079 2129 1140 2157 Bo-

131 2181 313 2215 noniensis,
334 2180 456 2210 ordinis
475 2180 508 2210 S.
531 2180 729 2218 Augustini,
755 2181 786 2209 in
812 2185 938 2210 sanctae
959 2181 1093 2218 Agnetis
1111 2185 1141 2210 et

131 2237 259 2263 sanctae
277 2232 451 2263 Ursulinae
472 2233 712 2269 festivitatibtiS‚
734 2242 788 2271 per
802 2238 870 2263 octo
886 2233 954 2263 dies
972 2238 1139 2270 sequentes

131 2287 210 2316 etin
225 2286 446 2315 anniversario
462 2285 514 2315 die
529 2286 738 2316 dedicationis
754 2287 897 2325 ejusdem
915 2287 1077 2316 ecclesiae.

172 2351 186 2367 ιι
205 2339 361 2378 Splendor
377 2344 506 2377 paterne
521 2339 659 2377 glorie...
684 2357 721 2361 —
738 2341 809 2369 Dat.
828 2341 911 2378 apud
929 2341 1139 2370 Urbemvete-

128 2401 216 2428 rem,
236 2401 276 2421 xv
295 2391 447 2421 kalendas
465 2392 561 2430 julii,
584 2401 670 2423 anno
690 2398 813 2432 quarto.
842 2406 855 2420 υ
874 2393 981 2432 (Ibtd.;
1002 2394 1137 2429 Poma..

128 2443 254 2483 23705.)

169 2497 207 2526 In
224 2506 251 2527 e.
270 2507 326 2534 m.‚
344 2506 400 2535 pro
417 2497 550 2527 ecclesia
566 2499 753 2528 monasterii
765 2499 874 2528 Sancti
891 2499 973 2529 Victi
988 2499 1026 2528 de
1042 2499 1140 2529 Plebe

129 2551 230 2587 Sacci‚
248 2551 369 2580 ordinis
386 2551 417 2580 S.
438 2551 613 2585 Benedicti,
635 2552 806 2582 Paduanae
822 2553 986 2588 dioecesis,
1005 2553 1035 2581 in
1058 2553 1136 2591 ejus-

129 2604 202 2634 dem
223 2604 324 2634 sancti
349 2610 378 2633 et
401 2604 601 2634 Inventionis
627 2610 754 2635 sanctae
774 2607 877 2635 crucis
899 2606 1136 2642 festivitatibus,

129 2666 185 2696 per
207 2662 275 2687 octo
299 2657 366 2686 dies
391 2662 560 2695 sequentes
586 2662 616 2687 et
636 2659 670 2687 in
695 2659 914 2689 anniversario
935 2660 985 2689 die
1008 2660 1137 2689 dedica-

130 2710 225 2740 tionis
242 2710 387 2748 ejusdem
405 2709 567 2739 ecclesiae.
587 2711 657 2740 Dat.
677 2716 710 2741 ut
728 2721 832 2750 supra.
851 2712 957 2751 (Jbtd.)

168 2765 207 2793 In
222 2773 249 2794 e.
265 2773 323 2800 m.‚
339 2771 394 2803 pro
407 2763 539 2793 eeclesia
555 2763 665 2794 Sancti
680 2764 807 2803 Georgii
824 2766 861 2795 de
873 2766 1026 2800 Crozuhc,
1048 2767 1134 2804 Mag-

129 2817 340 2855 deburgensis
371 2817 540 2853 dioecesis,
573 2817 607 2846 in
637 2818 780 2856 ejusdem
809 2819 910 2848 sancti
941 2824 972 2848 et
999 2823 1136 2858 quatuor

127 2870 236 2900 beatae
249 2870 368 2899 Mariae
384 2869 624 2907 festivitatibus,
638 2879 692 2909 per
705 2871 857 2909 octojdies
873 2876 1040 2910 sequentes
1057 2876 1087 2901 et
1102 2872 1134 2900 in

125 2922 346 2953 anniversario
360 2922 411 2952 die
429 2922 638 2953 dedicationis
658 2923 801 2962 ejusdem
818 2924 979 2954 ecclesiae.

168 2988 180 3002 α
199 2974 356 3014 Splendor
372 2978 501 3014 paterne
519 2975 656 3014 glorie...
675 2993 713 2998 —-
730 2977 802 3006 Dat.
823 2981 855 3006 nt
872 2986 978 3015 supra.
998 2989 1011 3003 n
1029 2977 1133 3015 (Ibid.)

267 3040 340 3068 Res.
362 3040 485 3069 Niconis
505 3040 557 3067 lv.

1301 379 1550 407 5389-5382

1266 442 1473 477 Indulgentiae.
1492 444 1572 475 (Rea.
1592 444 1635 477 46,
1652 451 1677 469 c.
1694 443 1767 475 2892,
1785 443 1803 468 f.
1818 443 1849 469 57
1868 444 1919 475 vo.)

1812 378 1942 412 Orvieto,
1963 379 1992 405 13
2005 380 2068 413 juin
2088 381 2163 407 1291.

1272 544 1425 573 Natum-sis
1448 546 1560 574 Christi
1580 546 1718 581 fidelibus
1735 549 1886 581 presentes
1905 546 2023 573 litteras
2045 547 2233 583 inspecturis.

1230 597 1469 635 Indulgentiam
1487 599 1585 627 unius
1601 599 1678 627 anni
1695 602 1725 627 et
1739 607 1776 626 XL
1793 598 1920 626 dierum
1937 598 2081 628 concedit
2099 599 2234 628 visitan-

1231 651 1312 680 tibus
1330 651 1497 681 ecclesiam
1515 651 1650 681 Sanctae
1671 652 1791 681 Mariae
1808 651 1846 680 de
1864 652 2028 687 Asserico,
2046 651 2236 689 Aquilensis

1228 704 1392 740 dioecesis,
1422 705 1455 732 in
1479 709 1614 742 quatuor
1637 704 1781 742 ejusdem
1805 704 1939 741 virginis
1962 704 2186 734 festivitatibus
2207 709 2236 734 et

1230 766 1284 795 per
1298 761 1366 786 octo
1382 756 1449 786 dies
1465 761 1644 795 sequentes.

1271 822 1283 835 «
1302 809 1431 839 Excelsa
1445 819 1539 848 super
1554 810 1695 839 sidera...
1715 828 1751 831 —
1769 811 1839 840 Dat.
1859 810 1941 848 apud
1958 811 2233 847 Urbemveterem,

1228 862 1333 891 idibus
1347 862 1446 901 junii,
1463 871 1549 892 anno
1565 868 1686 900 quarto.
1712 876 1725 889 υ

1269 916 1307 944 In
1330 924 1357 944 e.
1383 924 1439 951 m.,
1466 924 1521 953 pro
1545 915 1721 945 cathedrali
1746 916 1879 945 ecclesia
1908 916 2092 953 Valentina‚
2122 917 2234 947 Beatae

1230 968 1350 997 Mariae
1366 968 1519 997 vocabulo
1534 968 1703 1005 insignita,
1720 969 1753 997 in
1774 972 1909 1007 quatuor
1925 969 2068 1007 ejusdem
2085 970 2232 1006 virginis,

1229 1020 1259 1049 S.
1281 1020 1447 1050 Michaelis
1466 1020 1653 1058 archangeli
1672 1025 1702 1050 et
1719 1021 1884 1051 beatorum
1903 1021 1988 1050 Petri
2010 1027 2040 1050 et
2060 1022 2151 1050 Pauli
2174 1022 2233 1051 fes-

1229 1073 1417 1109 tivitatibus,
1432 1078 1504 1108 etc,
1523 1078 1677 1111 utsupra.

1270 1127 1306 1155 [n
1324 1136 1350 1156 e.
1370 1136 1425 1161 m.‚
1445 1135 1498 1164 pro
1516 1126 1646 1155 ecclesia
1669 1127 1782 1155 Beatae
1802 1126 1922 1156 Mariae
1938 1126 1976 1155 de
1996 1126 2141 1162 Veruna,
2166 1128 2234 1155 Ma—

1228 1179 1412 1216 galonensis
1430 1180 1603 1215 dioecesis,
1630 1180 1664 1208 111
1686 1180 1828 1218 ejusdem
1852 1180 1987 1217 virginis
2006 1184 2035 1208 et
2053 1184 2234 1209 sanctorum

1228 1233 1349 1270 Ypoliti
1367 1238 1397 1261 et
1408 1232 1523 1262 Felicis
1537 1232 1760 1262 festivitatibus
1777 1237 1807 1262 et
1822 1242 1876 1270 per
1890 1237 1958 1262 octo
1973 1233 2040 1262 dies
2052 1238 2232 1271 sequentes.

1270 1298 1282 1311 «
1301 1286 1398 1323 Virga
1412 1286 1641 1314 venustissima
1657 1291 1725 1314 et...
1743 1303 1781 1306 —
1798 1285 1869 1314 Dat.
1891 1290 2044 1323 utsupra.
2064 1299 2075 1311 υ

1270 1340 1305 1367 111
1323 1348 1350 1367 e.
1370 1348 1426 1373 1n.,
1446 1347 1500 1376 pro
1517 1338 1648 1367 ecclesia
1666 1339 1780 1367 Beatae
1800 1339 1918 1367 Mariae
1934 1338 1972 1367 de
1990 1339 2159 1375 Mogeriis,
2181 1339 2234 1367 Bi-

1230 1392 1380 1421 terrensis
1396 1392 1567 1427 dioecesis,
1585 1392 1618 1420 in
1639 1396 1776 1430 quatuor
1794 1392 1938 1430 ejusdem
1954 1392 2091 1429 virginis
2110 1392 2234 1421 festivi-

1230 1446 1355 1481 tatibus,
1374 1450 1445 1481 etc.,
1462 1449 1616 1483 utsupra.

1809 1511 1939 1543 Orvieto,
1957 1512 1990 1537 20
2003 1512 2065 1545 juin
2086 1512 2162 1538 1201.

1268 1575 1305 1603 In
1326 1583 1354 1604 e.
1373 1584 1429 1608 m.‚
1455 1582 1510 1612 pro
1528 1573 1702 1603 cathedrali
1724 1573 1857 1603 ecclesia
1873 1574 2099 1605 Aurasicensi.
2119 1574 2232 1602 Beatae

1227 1628 1348 1657 Mariae
1366 1627 1518 1657 vocabulo
1537 1627 1702 1664 insignita,
1721 1627 1754 1655 in
1771 1631 1906 1665 quatuor
1924 1627 2067 1665 ejusdem
2084 1627 2230 1664 virginis,

1227 1681 1259 1711 S.
1278 1681 1406 1718 Georgii
1429 1685 1458 1709 et
1481 1684 1607 1709 sanctae
1628 1680 1803 1710 Katerinae
1824 1680 2064 1715 festivitatibus,
2088 1690 2142 1718 per
2165 1685 2233 1709 octo

1227 1734 1294 1763 dies
1305 1738 1473 1772 sequentes
1485 1734 1559 1763 etin
1575 1734 1796 1763 anniversario
1809 1733 1859 1762 die
1869 1733 2078 1763 dedicationis
2090 1734 2116 1771 ej
2125 1733 2232 1762 usdein

1227 1787 1388 1818 ecclesiae.

1269 1853 1282 1866 α
1301 1840 1431 1869 Excelsa
1447 1849 1541 1878 super
1557 1840 1700 1869 sidera...
1717 1856 1757 1861 —
1774 1840 1843 1869 Dat.
1859 1839 1942 1877 apud
1956 1839 2229 1875 Urbemveterem,

1226 1902 1268 1922 xit
1285 1893 1440 1922 kalendas
1453 1892 1539 1931 julii,
1555 1901 1641 1921 anno
1657 1897 1780 1930 quarto.
1801 1904 1814 1918 1>

1266 1946 1302 1975 In
1325 1956 1352 1975 e.
1379 1955 1436 1981 m.‚
1458 1954 1514 1984 pro
1535 1945 1666 1975 ecclesia
1690 1945 1799 1974 Sancti
1828 1945 1914 1974 Petri
1940 1944 2072 1982 apostoli
2095 1943 2231 1973 Aurasi-

1219 1999 1330 2040 censi,
1349 1999 1383 2027 in
1402 2002 1584 2028 sanctorum
1605 1998 1709 2034 Petri⁷
1730 1998 1893 2027 Laurentii
1910 2002 1940 2027 et
1960 1997 2060 2026 Blasii
2077 1997 2232 2026 festivita-

1226 2052 1324 2087 tibus,
1343 2062 1398 2090 per
1411 2057 1479 2081 octo
1502 2052 1568 2081 dies
1585 2056 1754 2089 sequentes
1770 2055 1798 2080 et
1815 2051 1849 2079 111
1868 2050 2090 2080 anniversario
2107 2050 2158 2079 die
2174 2050 2228 2079 de-

1224 2106 1392 2136 dicationis
1408 2105 1551 2144 ejusdem
1571 2105 1731 2134 ecclesiae.

1266 2172 1279 2185 α
1296 2159 1378 2189 Cum
1394 2158 1433 2188 ad
1450 2158 1696 2193 preinereuda...
1718 2174 1749 2179 —-
1772 2158 1842 2186 Dat.
1862 2161 2015 2195 utsupra.
2036 2169 2049 2183 n

1806 2238 1931 2269 Orvieto,
1953 2239 1981 2264 17
1999 2238 2061 2272 juin
2082 2238 2159 2264 1291.

1264 2303 1299 2331 In
1329 2310 1356 2331 e.
1384 2310 1440 2337 m.‚
1465 2309 1520 2338 pro
1546 2300 1677 2330 ecclesia
1698 2300 1805 2329 Sancti
1831 2299 1973 2329 Gervasii
1997 2300 2036 2328 de
2062 2298 2229 2334 Asneriis,

1222 2353 1429 2384 Lexoviensis
1452 2353 1622 2389 dioecesis⁷
1650 2353 1683 2382 in
1709 2356 1845 2390 quatuor
1868 2352 2010 2390 ejusdem
2038 2352 2172 2389 virginis
2200 2356 2229 2380 et

1222 2412 1404 2437 sanctorum
1420 2406 1567 2436 Gervasii
1587 2410 1617 2435 et
1642 2406 1801 2435 Prothasii
1820 2405 2064 2442 festivitatibus,
2086 2414 2141 2443 per
2161 2408 2228 2434 octo

1221 2460 1289 2489 dies
1301 2462 1469 2498 sequentes
1479 2463 1509 2488 et
1519 2459 1553 2487 in
1568 2458 1787 2488 anniversario
1798 2457 1849 2487 die
1862 2457 2071 2486 dedicationis
2085 2456 2227 2495 ejusdem

1221 2512 1384 2543 ecclesiae.

1263 2578 1275 2592 «
1296 2566 1377 2595 Loca
1393 2569 1576 2594 sanctorum
1593 2563 1780 2593 omnium...
1805 2580 1837 2585 —
1857 2564 1927 2592 Dat.
1945 2563 2028 2601 apud
2049 2563 2226 2592 Urbemve-

1222 2624 1330 2656 terem,
1352 2628 1389 2647 xv
1405 2617 1559 2648 kalendas
1572 2617 1657 2655 julii,
1675 2625 1761 2646 anno
1777 2621 1901 2655 quarto.
1925 2629 1937 2643 »

1806 2696 1932 2725 Orvieto.
1952 2696 1983 2722 13
1995 2696 2060 2729 juin
2077 2695 2153 2721 1291.

1261 2763 1298 2791 In
1319 2771 1346 2791 e.
1372 2770 1429 2797 m.‚
1453 2769 1507 2798 pro
1527 2759 1660 2790 ecclesia
1683 2759 1818 2789 Sanctae
1838 2758 1957 2788 Mariae
1974 2758 2011 2787 de
2030 2757 2221 2793 Sei-ignauo,

1219 2815 1411 2845 Biterrensis
1438 2814 1603 2849 dioecesis,
1633 2813 1668 2842 in
1696 2817 1833 2850 quatuor
1859 2811 2000 2850 ejusdem
2032 2809 2168 2847 virginis
2197 2813 2226 2837 et

1218 2868 1251 2897 S.
1273 2867 1438 2897 Michaelis
1463 2865 1647 2903 archangeli
1670 2865 1909 2899 festivitatibus,
1929 2873 1983 2902 per
2001 2867 2068 2892 octo
2090 2862 2155 2891 dies
2175 2870 2225 2890 se-

1217 2925 1352 2960 quentes
1384 2924 1413 2949 et
1441 2920 1473 2949 in
1506 2919 1728 2948 anniversario
1757 2918 1808 2947 die
1840 2916 2050 2946 dedicationis
2080 2914 2221 2953 ejusdem

1218 2973 1380 3003 ecclesiae.

2047 3032 2080 3059 93
