2393 3496
238 323 295 352 918
986 315 1221 347 REGISTRES
1242 316 1296 345 DE
1318 314 1501 344 NICOLAS
1524 315 1580 344 JV.

238 389 370 419 adeatis.
390 389 561 418 Libet-tates
578 391 716 425 preterea
733 391 760 414 et
778 385 999 414 immunitates
1019 391 1142 412 necnon
1161 382 1241 410 anti-

237 447 353 480 qiias‹›t
364 441 567 470 rationabiles
579 438 828 467 consuetudines
841 437 950 466 domui
962 441 1063 465 vestre
1077 442 1241 465 concessas

238 499 267 524 et
285 494 436 523 hactenns
450 494 627 522 observatas
642 495 722 520 ratas
741 490 895 519 habemns
911 494 939 518 et
956 498 1008 518 eas
1025 488 1141 518 suturis
1162 492 1241 516 tem-

238 548 366 586 porit-ns
392 546 528 574 illibatas
552 552 681 572 manere
707 543 892 571 sanctimus.
924 542 1068 571 Obenute
1094 548 1167 569 vero
1194 545 1239 575 te,

238 608 323 628 nnnc
344 598 484 635 ejusdcm
503 596 559 625 loci
578 596 693 633 priorem
713 595 760 623 vel
781 600 907 624 tuorum
925 594 1065 632 quolibet
1081 601 1241 622 successo-

239 662 321 687 rum,
338 650 444 679 nullus
459 650 499 677 itti
516 649 655 686 qualibet
669 649 877 686 surreptionis
890 648 1004 676 astutia
1019 657 1072 676 sen
1089 646 1242 676 violentia

239 707 441 742 preponatur,
470 702 529 729 uisi
553 700 687 730 clericus
710 710 804 739 quem
832 701 944 730 fratres
972 700 1137 729 communi
1164 707 1241 728 con-

237 765 330 784 sensu
347 754 394 783 vel
411 755 542 782 t'ratrnm
561 762 661 791 major
680 763 750 791 pars
767 753 894 783 consilii
912 753 1048 782 sanioris
1064 752 1240 782 secundnm

238 809 338 837 Deum
359 806 553 845 providerint
572 806 768 843 eligendum.
788 807 837 836 Ad
857 806 1013 836 iudicium
1032 811 1138 836 autem
1157 804 1241 843 quod

235 862 348 890 <lomus
372 865 475 889 vostra
493 861 617 899 proprie
640 860 677 889 ad
694 861 746 898 jus
769 861 852 890 beati
870 861 955 890 Petri
977 861 1131 899 pertineat
1150 859 1241 889 nobis

237 914 415 952 nostrisque
438 914 674 943 successoribus
697 919 758 943 tres
780 914 877 943 libras
900 923 970 944 cere
990 914 1085 943 annis
1105 912 1242 950 singulis

236 966 433 1006 persolvetis.
452 967 664 995 θυι-«1111111115
680 976 754 1004 ergo
772 973 801 996 ut
821 967 900 996 nnlli
917 967 1052 996 omnino
1072 966 1242 996 homiuum

234 1021 328 1051 liceat
348 1021 498 1059 prefatam
519 1020 648 1049 domum
670 1025 786 1050 temere
808 1021 991 1059 pertin-ture
1008 1025 1061 1049 aut
1080 1021 1148 1058 ejus
1172 1028 1241 1058 pos-

235 1075 395 1104 sessiones
412 1074 538 1103 auferre
555 1073 602 1103 vel
620 1074 741 1103 ablatas
760 1074 913 1110 retinere,
933 1074 1078 1103 minnere
1097 1082 1150 1102 seu
1171 1073 1242 1111 qui-

236 1127 371 1157 buslibet
402 1127 625 1156 vexationibus
656 1127 787 1164 fatigare
803 1138 809 1162 ;
839 1127 891 1155 sed
923 1127 1031 1156 onmia
1061 1127 1186 1163 integra
1214 1130 1244 1155 et

236 1180 358 1209 illibata
384 1184 552 1209 serventur
576 1184 684 1209 eorum
708 1189 764 1218 pro
790 1188 926 1218 qnorum
950 1179 1183 1216 gubernatione
1207 1188 1242 1208 ac

235 1233 463 1262 sustentatione
477 1241 626 1261 concessa
642 1237 716 1261 sunt
733 1232 842 1261 usibus
856 1232 1051 1262 omnimodis
1067 1232 1240 1270 profutura.

235 1286 328 1316 Salva
347 1286 430 1315 sedis
444 1285 613 1324 apostolice
630 1285 815 1314 auctoritate
833 1290 861 1314 et
879 1285 1097 1315 moderatione
1114 1285 1242 1314 concilii

234 1339 394 1377 generalis
409 1338 441 1367 iu
455 1338 719 1376 possessionibus,
734 1339 759 1367 si
775 1347 853 1376 quas
868 1343 937 1377 post
949 1339 1052 1376 ipsum
1067 1338 1242 1368 concilium

235 1394 318 1422 dit-ta
330 1393 441 1421 domus
457 1391 598 1420 noscitur
611 1391 798 1429 acquisisse.
813 1391 845 1421 Si
861 1400 922 1429 qua
936 1391 1034 1429 igitur
1050 1391 1082 1420 in
1097 1392 1240 1421 futurum

236 1445 446 1475 ecclesiastica
471 1444 662 1473 secularisve
687 1453 821 1482 persona
848 1444 929 1473 hanc
957 1448 1061 1474 nostre
1087 1445 1243 1474 coustitu-

237 1499 333 1529 tionis
352 1499 500 1537 paginam
523 1498 644 1534 sciens,
663 1502 772 1527 contra
788 1507 856 1527 eam
878 1502 995 1527 temere
1014 1499 1123 1527 venire
1143 1504 1242 1537 temp-

237 1553 358 1587 taverit,
375 1551 515 1580 secundo
531 1551 661 1580 tertiove
674 1552 878 1588 commonita,
894 1551 955 1580 nisi
968 1553 1242 1590 presumptionem

234 1615 324 1635 suani
337 1612 477 1641 congrua
492 1603 710 1633 satisfactione
725 1604 905 1640 correxerit,
918 1605 1077 1642 potestatis
1091 1605 1242 1635 honoris-

226 1667 294 1697 'que
311 1658 360 1687 sui
380 1661 484 1686 careat
499 1657 654 1694 dignitate
672 1666 826 1695 reamque
842 1666 874 1686 se
890 1657 1000 1687 divino
1017 1658 1139 1696 Judicio
1157 1658 1242 1688 exis-

237 1717 300 1741 tere
319 1711 357 1741 de
379 1715 556 1749 perpetrata
575 1710 747 1748 iniquitate
763 1715 929 1748 cognoscat
946 1716 974 1740 et
992 1721 1009 1740 a
1028 1712 1243 1742 sacratissimo

234 1774 363 1803 corpore
384 1773 419 1793 ac
442 1764 599 1801 sanguine
623 1764 680 1793 Dei
705 1768 735 1793 et
760 1764 889 1793 Domini
910 1764 1118 1803 redemptoris
1141 1766 1242 1795 nostri

233 1819 310 1848 Jesu
333 1817 453 1848 Christi
475 1817 582 1847 aliena
606 1817 660 1846 fiat
681 1822 776 1855 atque
796 1817 830 1846 in
851 1822 991 1848 extremo
1010 1819 1159 1848 examine
1177 1819 1240 1848 dis-

235 1872 323 1901 tricte
345 1871 457 1900 ultioni
485 1870 655 1909 subjaceat.
680 1870 811 1900 Cunctis
835 1875 941 1900 autem
967 1871 1071 1900 eidem
1095 1871 1162 1902 loco
1186 1882 1243 1902 sua

230 1927 302 1964 jura
316 1924 518 1956 servantibus
535 1925 575 1952 sit
592 1932 649 1962 pax
669 1923 798 1953 Domini
815 1924 895 1953 Jesu
911 1924 1031 1954 Christi
1045 1925 1197 1964 quatinus
1213 1930 1243 1955 et

232 1979 285 2008 hic
307 1978 444 2007 fructum
464 1977 546 2006 bone
564 1976 698 2006 actionis
715 1977 892 2015 percipiant
909 1982 939 2007 et
960 1977 1043 2016 apud
1062 1978 1240 2007 districtum

227 2032 371 2072 jndicem
394 2031 516 2070 premia
540 2035 649 2060 eterne
669 2031 756 2068 pacis
778 2029 958 2060 inveniant.
982 2033 1099 2061 Amen.
1122 2032 1239 2061 Amen.

230 2087 348 2116 Amen.

272 2139 336 2177 Ego
350 2136 513 2173 Nicotaus,
529 2135 683 2166 catholice
699 2135 832 2166 ecclesie
847 2136 1025 2175 episcopus,
1043 2146 1085 2166 ss.
1100 2138 1166 2176 Ego
1183 2138 1242 2168 fra-

233 2198 276 2222 ter
294 2192 426 2222 Latinus
438 2213 445 2227 ‚
463 2190 621 2220 Ostiensis
637 2194 667 2219 et
684 2189 893 2219 Velletrensis
910 2190 1093 2229 episcopus,
1113 2200 1154 2221 ss.
1176 2192 1241 2230 Ego

230 2246 404 2282 Gerardus,
421 2244 610 2274 Sabinensis
626 2244 802 2282 episcopus³
820 2253 862 2273 ss.
881 2244 945 2282 Ego
960 2244 1140 2282 Johannes,
1160 2246 1239 2275 Tus-

230 2299 365 2329 culanus
382 2299 557 2336 episcopus,
575 2306 617 2326 ss.
637 2297 702 2334 Ego
718 2297 814 2326 frater
830 2297 989 2334 Matlwus,
1010 2298 1195 2328 Portueusis
1212 2304 1242 2329 et

230 2350 344 2382 Sancte
363 2350 479 2379 liuline
497 2349 674 2388 episcopuS,
691 2358 732 2377 SS.
751 2349 817 2386 Ego
831 2348 1009 2386 iohannes,
1026 2350 1108 2380 tituli
1126 2350 1240 2381 Sancte

228 2405 346 2435 Cecilie
365 2403 530 2442 presbyter
550 2402 737 2437 cardinatis,
756 2411 798 2432 ss.
820 2403 884 2440 Ego
904 2403 1001 2432 frater
1022 2404 1133 2442 Hugo,
1156 2405 1240 2435 tituli

229 2458 344 2488 Sancte
363 2457 482 2487 Sabine
499 2456 665 2495 presbyter
678 2456 862 2492 cardinalis,
877 2466 919 2486 ss.
934 2457 999 2495 Ego
1015 2458 1138 2494 Petam,
1156 2458 1239 2488 tituli

229 2511 339 2542 Sancti
365 2510 465 2539 Marci
494 2509 659 2547 presbyter
686 2509 880 2546 cardinalis,
911 2519 952 2539 ss.
981 2510 1045 2548 Ego
1071 2511 1237 2548 Matheus,

228 2564 342 2595 Sancte
362 2563 462 2593 Marie
478 2563 510 2592 in
532 2562 659 2592 Porticu
678 2563 832 2593 diaconus
848 2563 1034 2600 cardinalis,
1049 2573 1089 2593 ss.
1108 2565 1172 2602 Ego
1186 2566 1239 2595 Ja-

227 2618 336 2654 cobus,
353 2617 468 2647 Sancte
489 2617 588 2645 Marie
607 2616 640 2645 in
656 2616 717 2646 via
733 2615 795 2645 lata
811 2616 964 2646 diaconus
981 2617 1177 2654 cardinalis,
1194 2627 1235 2648 ss.

227 2672 293 2709 Ego
316 2669 493 2709 Neapoleo,
516 2669 625 2699 Sancti
648 2669 786 2699 Adriani
809 2670 964 2700 diaconus
987 2671 1175 2708 cardinalis,
1194 2681 1236 2702 ss.

226 2725 291 2763 Ego
314 2725 438 2759 Petrus,
466 2723 576 2753 Sancti
599 2723 763 2753 Eustachii
786 2723 940 2753 diaconus
968 2724 1164 2761 cardinalis,
1193 2734 1235 2755 ss.

224 2779 295 2809 Dat.
313 2778 428 2815 Rome,
445 2777 528 2815 apud
545 2777 693 2806 Sanctam
714 2777 847 2806 Mariam
866 2777 1034 2816 Majorem‚
1053 2787 1106 2816 per
1121 2787 1237 2809 manus

225 2831 369 2870 magistri
386 2830 557 2864 Johannis,
574 2830 684 2859 decani
705 2830 899 2867 Bajocensis,
917 2834 1025 2860 sancte
1042 2839 1173 2861 romane
1189 2840 1237 2862 ec-

223 2885 320 2916 clesie
350 2882 622 2919 vicecancellarii,
654 2892 674 2912 11
707 2882 861 2912 kalendas
897 2884 1004 2912 martii
1020 2907 1026 2919 ,
1061 2884 1235 2915 indictione

223 2939 351 2978 quinta,
365 2936 598 2967 iucarnationis
615 2935 777 2965 dominiCe
792 2944 878 2966 anno
895 2944 1137 2973 M.cc.1„xxxxn⁰,
1156 2946 1234 2976 pon-

223 2992 360 3022 tificatus
374 2999 448 3020 vero
463 2989 565 3020 donni
581 2988 705 3020 Nicolai
719 2997 796 3028 pape
816 2989 899 3018 initi
915 2998 1000 3019 auno
1013 2990 1136 3028 quinto.
1156 3002 1170 3017 n

1395 380 1513 408 (3883

1358 440 1567 475 Indulgentiae.
1586 441 1666 474 (Rau.
1687 442 1729 474 46,
1746 449 1771 467 c.
1789 441 1814 472 3,
1832 441 1850 468 f.
1871 441 1917 467 187
1935 442 1985 474 νῦ.)

1656 378 2016 413 Satnte-Marie-tttajeure,
2036 379 2072 405 1⁰*
2087 386 2163 406 mars
2180 379 2258 407 1992.

1367 550 1519 579 Universi‘s
1538 550 1652 579 Christi
1672 550 1809 587 fidelibus
1830 554 1979 587 presentes
1996 550 2114 579 litteras
2136 550 2328 588 inspecturis,

1327 602 1564 640 indulgentiam
1585 603 1681 632 unius
1697 603 1776 632 anni
1793 607 1823 632 et
1838 612 1876 631 xi,
1894 602 2019 632 dierum
2036 603 2182 632 concedit
2197 604 2327 634 visitan-

1324 655 1408 685 tibus
1427 655 1594 685 ecclesiam
1617 655 1726 685 Sancti
1750 655 1898 694 Dionysii
1915 655 1953 685 de
1971 655 2190 692 Escieinvilla,
2209 645 2328 689 Rotho'-

1324 709 1486 745 magensis
1502 709 1666 744 dioecesis,
1688 709 1721 737 iu
1742 709 1849 738 beatae
1868 709 1987 738 Mariae
2004 712 2033 737 et
2050 708 2082 738 S.
2106 709 2255 748 Dionysii
2273 710 2330 741 fes-

1325 761 1510 797 tivit-axibus,
1529 771 1583 800 per
1597 766 1666 791 octo
1683 761 1750 791 dies
1766 766 1935 800 sequentes
1949 766 1979 791 et
1994 761 2027 790 in
2044 762 2263 793 anniversario
2277 763 2329 794 die

1324 813 1535 844 dedicationis
1551 814 1695 853 ejusdem
1714 814 1874 844 ecclesiae.

1365 878 1380 893 <t
1394 867 1582 897 Sanctorum
1595 868 1718 897 meritis
1728 867 1921 898 inclita...—
1933 868 2002 897 Dat.
2017 868 2129 904 Rome,
2140 868 2224 907 apud
2234 868 2331 901 Sano-

1325 924 1388 949 tam
1408 921 1540 950 Mariam
1557 921 1723 959 Majorem,
1742 921 1890 951 kalendis
1907 921 2023 958 martii,
2040 930 2126 952 auno
2142 922 2266 961 quinto.
2285 934 2299 950 ι

1370 1119 1622 1148 esea-6829
1662 1119 2026 1155 Sajntefflarie-Majeure,
2043 1120 2076 1148 23
2092 1119 2197 1148 fevi—ier
2213 1118 2290 1150 1292.

1362 1180 1568 1216 Indulgentiae.
1587 1181 1670 1214 (Hac.
1687 1182 1734 1212 46,
1753 1190 1778 1208 c.
1797 1180 1836 1216 3¹,
1853 1182 1872 1209 f.
1891 1182 1939 1209 187
1956 1183 2008 1215 νο.)

1366 1291 1486 1320 Ditectss
1496 1292 1542 1328 fili
1548 1293 1571 1319 is
1582 1293 1714 1328 capituto
1730 1292 1846 1320 ecclesie
1859 1292 1965 1321 Sancte
1981 1292 2085 1321 Crucis
2097 1292 2332 1323 Cameracensis.

1326 1343 1567 1381 Indulgentiam
1585 1345 1681 1373 unius
1701 1345 1778 1374 anni
1798 1349 1828 1374 et
1844 1354 1881 1374 XL
1897 1345 2024 1374 dierum
2041 1345 2185 1375 concedit
2200 1345 2332 1376 visitan-
2351 1377 2355 1380 ,

1327 1390 1410 1426 tibus
1427 1397 1620 1435 praedictam
1634 1397 1801 1427 ecclesiam
1816 1398 1849 1426 in
1868 1398 2070 1428 [aventionis
2083 1401 2112 1428 et
2127 1398 2335 1430 Exaltationis

1326 1449 1440 1480 Sancte
1456 1450 1566 1480 Crucis
1583 1450 1816 1486 festivitatibus,
1836 1460 1890 1489 per
1903 1455 1970 1481 octo
1987 1451 2054 1481 dies
2070 1455 2240 1490 sequentes
2253 1456 2284 1482 et
2299 1453 2333 1483 in
2374 1472 2377 1473 ν

1325 1504 1548 1534 anniversario
1565 1504 1615 1533 die
1633 1504 1844 1534 dedicationis
1861 1505 2006 1542 ejusdem
2023 1504 2186 1535 ecclesiae.
2370 1494 2380 1498 -

1368 1570 1382 1584 «
1402 1557 1473 1587 Vite
1490 1558 1641 1596 perennis
1658 1558 1794 1596 gloria...
1813 1575 1850 1579 —
1869 1559 1938 1587 Dat.
1955 1559 2067 1595 Rome,
2085 1559 2168 1598 apud
2184 1559 2334 1590 Sanctam

1327 1610 1465 1640 Mariam
1483 1611 1652 1650 majorem,
1668 1621 1711 1640 vii
1734 1610 1888 1641 kalendas
1905 1612 2026 1649 martii,
2045 1620 2132 1642 auno
2146 1613 2270 1651 quinto.
2289 1625 2303 1640 »

1642 1705 1998 1741 Sainte-Marie-Majeure,
2016 1705 2049 1734 29
2064 1705 2168 1733 sevrier
2186 1706 2264 1734 1292.

1366 1767 1443 1797 Ine.
1457 1777 1499 1797 m.
1518 1768 1679 1797 universis
1693 1768 1813 1798 Christi
1826 1768 1985 1798 fidelibus.
1999 1768 2152 1799 Eamdem
2167 1768 2337 1808 indulgen-

1326 1821 1403 1850 tiam
1421 1821 1564 1851 concedit
1582 1822 1621 1850 iis
1637 1822 1691 1860 qni
1709 1822 1802 1851 certis
1819 1821 1932 1851 diebus
1945 1821 2112 1851 ecclesiam
2135 1845 2154 1851 ..
2173 1822 2287 1860 prioris
2305 1826 2337 1853 et
2366 1830 2382 1854 τ·

1326 1874 1460 1904 fratrum
1477 1875 1644 1914 hospitalis
1661 1875 1796 1905 Sanctae
1815 1875 1926 1905 Crucis
1942 1875 1981 1904 de
1997 1875 2127 1911 Nursia,
2148 1875 2336 1914 Spoletanae
2368 1864 2375 1877 '¹

1325 1927 1480 1957 dioecesis
1495 1953 1501 1965 ‚
1536 1929 1746 1958 visitaverint.
1784 1928 1856 1958 Dat.
1895 1929 2035 1965 Romae,
2069 1928 2154 1967 apud
2185 1928 2334 1959 Sanctam

1328 1981 1461 2011 Mariam
1479 1981 1646 2020 Maj0rem‚
1667 1991 1688 2011 11
1706 1981 1859 2012 kalendas
1878 1982 1997 2018 martii,
2015 1990 2101 2012 anno
2116 1982 2238 2021 quinto.

1530 2075 1894 2109 Sainte-Maric-Majeure,
1911 2075 1944 2102 ‘24
1961 2084 1999 2102 ou
2015 2075 2048 2102 ‘25
2063 2075 2170 2102 fevi-ier
2184 2074 2263 2102 1292.

1366 2138 1403 2167 In
1417 2147 1444 2168 e.
1459 2147 1503 2169 ni.
1516 2138 1654 2176 eisdem,
1670 2147 1724 2177 pro
1740 2138 1873 2168 ecclesia
1892 2161 1912 2167 ..
1929 2137 2102 2176 guardiani
2116 2141 2146 2167 et
2158 2140 2336 2168 conventus

1325 2191 1460 2220 fratrum
1480 2192 1643 2222 minorum
1661 2192 1720 2222 loci
1739 2191 1873 2222 Sanctae
1890 2191 2012 2221 Mariae
2027 2190 2239 2221 Anconitani.
2260 2191 2332 2220 Dat.
2372 2192 2375 2193 ’

1326 2244 1463 2281 Romae,
1489 2245 1573 2284 apud
1598 2245 1748 2275 Sanctam
1776 2245 1911 2274 Mariam
1936 2245 2109 2283 Majorem,
2132 2253 2162 2273 vi
2179 2243 2335 2274 kalendas

1325 2298 1444 2334 martii,
1463 2306 1549 2328 anno
1565 2299 1686 2336 quinto.
1704 2298 1858 2337 (Pomm,
1876 2297 2000 2337 23928.)
2373 2329 2379 2336 ,

1364 2351 1402 2380 In
1420 2359 1447 2380 e.
1468 2360 1528 2388 m.‚
1547 2359 1602 2389 pro
1626 2351 1760 2381 ecclesia
1782 2374 1802 2381 ..
1825 2351 1996 2389 guardiani
2019 2354 2049 2380 et
2073 2351 2249 2380 conventus
2268 2349 2333 2380 fra-
2371 2376 2382 2385 ,

1325 2408 1409 2434 trum
1427 2405 1590 2435 minorum
1613 2405 1652 2435 de
1671 2405 1766 2435 Serra
1783 2405 1964 2442 Comitum,
1984 2403 2227 2442 Senogaliensis
2242 2403 2333 2434 dioe-
2355 2391 2378 2401 ”’

1323 2459 1415 2489 cesis.
1437 2459 1585 2497 (Pomm,
1601 2459 1725 2498 23929.)

1363 2512 1401 2541 In
1422 2521 1449 2542 e.
1474 2521 1531 2549 m.‚
1555 2521 1611 2551 pro
1632 2512 1764 2542 ecclesia
1784 2535 1804 2542 ..
1826 2511 1997 2550 gnardiani
2018 2515 2048 2541 et
2069 2514 2247 2541 conventus
2269 2510 2330 2541 fra·
2370 2511 2379 2521 '

1323 2569 1408 2595 trum
1437 2566 1600 2595 minorum
1630 2565 1669 2596 de
1697 2565 1861 2602 Matelica,
1891 2564 2134 2595 Camerinensis
2165 2563 2330 2594 dioecesis.

1320 2618 1472 2658 (Pomm,
1494 2618 1618 2658 23929.)

1361 2672 1400 2701 In
1421 2682 1448 2702 e.
1469 2681 1526 2708 m.,
1549 2681 1603 2710 pro
1622 2672 1755 2703 ecclesia
1777 2696 1796 2702 ..
1816 2671 1987 2710 guardiani
2011 2675 2042 2702 et
2065 2674 2242 2701 conventus
2266 2669 2331 2700 fra·
2370 2705 2376 2710 ἡ

1322 2729 1406 2756 trum
1423 2726 1585 2756 minorum
1605 2726 1789 2757 Esiuorum.
1806 2725 1961 2766 (Pomm,
1979 2723 2104 2764 23929.)

1360 2779 1399 2809 In
1418 2788 1444 2810 e.
1464 2788 1525 2816 m.‚
1543 2788 1598 2818 pro
1615 2780 1749 2810 ecclesia
1777 2803 1796 2810 ..
1815 2779 1992 2809 abbatissae
2012 2783 2042 2809 et
2062 2779 2239 2808 conventus
2261 2784 2331 2807 mo-

1320 2833 1451 2862 nasterii
1468 2833 1574 2863 Sancti
1599 2834 1748 2864 Andreae
1771 2833 1909 2864 civitatis
1926 2832 2034 2863 Sancti
2056 2829 2175 2869 Angeli
2189 2828 2327 2870 papalis,

1318 2886 1440 2916 ordinis
1473 2886 1607 2916 Sanctae
1637 2886 1764 2924 Clarae,
1794 2887 1830 2916 iu
1859 2886 1960 2916 sancti
1993 2884 2142 2915 Andreae
2174 2882 2329 2924 apostoli,

1318 2944 1446 2970 sanctae
1471 2939 1583 2971 Clarae
1608 2946 1638 2971 et
1671 2941 1780 2971 beatae
1806 2941 1939 2979 Agnetis
1966 2938 2193 2970 festivitatibus
2218 2942 2249 2968 et
2271 2945 2330 2976 per

1317 2997 1386 3023 octo
1401 2992 1480 3030 dies,
1499 2998 1557 3024 etc.
1580 2994 1729 3033 (Pomm,
1748 2993 1874 3032 23929.)
