2393 3496
230 327 286 357 982
978 316 1214 349 REGlSTRES
1237 317 1291 346 DE
1314 314 1498 345 NICOLAS
1521 315 1578 345 IV.

229 397 318 432 parte
334 392 433 431 quieti
448 396 549 420 vestre
564 395 692 428 paterna
707 389 739 417 in
758 391 918 426 posterum
934 384 1149 415 sollicitudine
1165 391 1235 421 pro-

230 446 350 481 videre,
369 454 423 474 vos
439 443 542 483 quoad
560 440 744 480 hujusmodi
762 439 862 470 soluta
880 443 909 468 et
931 446 1068 476 expensa
1084 446 1119 466 ac
1140 436 1235 465 etiam

230 499 391 536 assignata
407 506 424 526 a
436 496 536 531 vobis,
549 500 582 524 ut
600 493 803 533 premittitur,
822 500 946 521 camere
959 490 1138 529 supradicte
1154 493 1234 518 tota-

230 550 302 580 liter
323 549 538 583 absolventes,
559 546 754 585 presentium
773 544 957 574 auctoritate
979 543 1182 573 decernimus
1204 545 1237 570 ut

230 603 268 633 de
287 607 389 632 cetero
408 610 470 630 non
493 598 666 629 teneamini
689 606 783 636 super
804 597 966 636 premissis
987 595 1083 625 aliam
1104 593 1236 624 reddere

229 655 396 684 rationem.
424 654 461 682 In
489 653 580 690 cujus
607 651 653 680 rei
683 650 902 680 testimouium
923 653 1083 687 presentes
1103 647 1234 683 litteras,

230 712 337 737 nostra
361 705 448 735 bulla
464 705 617 741 munitas,
635 704 724 734 vobis
742 703 893 733 duximus
911 700 1142 732 concedendas.
1164 700 1234 729 Dat.

230 761 349 795 Rome,
367 758 447 797 apud
472 758 621 788 Sanctam
640 757 776 786 Mariam
796 757 969 795 Majorem,
988 755 1094 785 idibus
1110 753 1234 789 martii,

228 821 314 856 aunt?
331 812 482 842 secundo.
505 823 518 837 n

300 971 418 1001 ’7222
572 969 933 1004 Sainte-Marie-Majt‘ure,
955 969 984 995 13
1000 968 1070 995 avril
1090 967 1166 994 ¹280.

263 1034 305 1060 De
322 1033 494 1060 animalibus
516 1041 566 1067 pro
588 1033 733 1068 pontificis
749 1032 873 1067 coquina
892 1031 1031 1059 emendis.
1049 1030 1121 1063 (Fol.
1141 1029 1171 1056 37
1190 1031 1235 1058 νῦ.)

269 1124 381 1152 Dilecto
396 1123 460 1160 filio
474 1123 568 1151 nobili
583 1123 647 1151 uiro
660 1122 706 1158 R„
721 1122 824 1150 comiti
841 1121 1029 1150 atrebatensi·
1048 1125 1073 1148 et
1092 1128 1152 1148 una
1169 1127 1238 1147 cum

228 1178 394 1206 venerabili
415 1177 513 1212 fratre
533 1181 632 1204 nostro
655 1176 701 1210 G„
727 1176 859 1212 episcopo
880 1174 1059 1208 Sabinensi,
1079 1172 1238 1210 apostolice

228 1231 306 1260 sedis
327 1230 442 1267 leyalo,
467 1229 567 1266 bajulo
591 1230 676 1265 restiti
701 1228 802 1257 Sicilie
821 1237 874 1265 per
896 1236 1059 1256 romanam
1086 1226 1238 1255 ecclesiam

229 1284 400 1313 constituto.
435 1293 448 1309 α
483 1282 549 1311 Tue
585 1281 821 1319 magnitudinis
855 1279 975 1310 litteras
1008 1287 1111 1318 nuper
1147 1278 1238 1308 nobis

229 1336 432 1366 transmissas
453 1334 545 1365 solita
563 1335 761 1372 benignitate
780 1333 975 1372 recepimus,
995 1341 1132 1371 quarum
1155 1333 1238 1361 inter

227 1393 330 1420 cetera
345 1394 434 1419 tenor
447 1388 584 1418 habebat
600 1387 684 1426 quod
698 1387 831 1417 dilectus
847 1386 934 1416 filius
950 1385 1114 1420 Nicolaus,
1132 1393 1238 1415 came-

227 1443 331 1473 rarius
351 1447 473 1478 uoster,
499 1446 527 1471 te
553 1441 676 1480 pridem
694 1450 750 1481 per
773 1450 847 1470 suas
869 1440 990 1470 litteras
1013 1439 1182 1479 requisivit
1205 1442 1239 1468 ut

228 1496 358 1526 Andree
377 1494 500 1526 Caselle
515 1504 550 1524 ac
571 1495 693 1525 Tliome
710 1494 847 1530 Cimini,
865 1493 989 1523 civibus
1006 1496 1035 1523 et
1050 1493 1238 1523 mercatori-

227 1550 286 1580 bus
304 1549 461 1585 Reatinis,
478 1548 624 1584 liberam,
643 1552 676 1577 ut
693 1548 754 1577 tuis
772 1547 876 1578 verbis
891 1551 1030 1584 utamur,
1043 1546 1237 1585 emptionem

229 1608 258 1634 et
274 1604 500 1633 extructionem
517 1602 708 1633 concederes
724 1611 778 1641 pro
793 1602 928 1641 coquine
943 1605 1049 1631 nostre
1066 1610 1126 1630 usu
1142 1601 1238 1630 boum

228 1658 551 1697 quadringentorum,
566 1665 733 1696 porcorum
748 1657 847 1686 trium
859 1655 987 1686 milium
1001 1659 1030 1685 et
1045 1664 1096 1685 sex
1109 1655 1239 1684 milium

228 1716 449 1748 castratorum,
470 1711 618 1750 quodque
636 1715 666 1740 tu
683 1710 924 1749 requisitionem
942 1709 1109 1740 camerarii
1128 1717 1238 1748 supra-

231 1765 309 1795 dicti
331 1771 392 1794 tam
414 1765 452 1795 de
475 1765 577 1803 porcis
603 1773 700 1803 quam
727 1765 869 1794 castratis
894 1764 1049 1794 curavisti
1070 1763 1238 1793 efficaciter

230 1818 407 1856 adimplere
423 1828 429 1854 ;
458 1818 555 1848 boum
584 1822 691 1848 autem
725 1818 920 1856 emptionem
951 1821 981 1847 et
1010 1817 1238 1847 extractionem

230 1872 366 1902 duxeras
393 1871 668 1910 suspendendam‚
696 1880 751 1910 pro
779 1880 814 1901 eo
841 1871 927 1910 quod
953 1875 1015 1901 tota
1037 1870 1183 1900 Calabria
1210 1875 1240 1900 et

229 1926 332 1965 maj0r
350 1934 421 1964 pars
447 1925 618 1955 Basilicate
637 1929 762 1964 propter
778 1934 927 1963 guerram
948 1925 1104 1963 presentis
1122 1929 1240 1963 tempo-

229 1979 274 2009 ris
293 1979 396 2009 bubus
414 1988 514 2018 usque
530 1979 608 2009 adeo
627 1983 756 2008 exausta
774 1979 951 2008 dinoscitur
967 1979 1066 2017 quod,
1086 1979 1148 2008 nisi
1165 1978 1238 2008 illa-

228 2042 300 2062 rum
319 2033 458 2071 partium
475 2032 588 2062 incolis
601 2041 656 2071 pro
671 2033 805 2062 serendo
818 2042 873 2061 seu
887 2032 1076 2062 seminando
1087 2033 1125 2062 de
1136 2032 1239 2062 bubus

227 2085 345 2124 Apulie
360 2091 579 2122 succurratur,
598 2095 693 2124 grave
716 2086 892 2124 dampnum
911 2086 1076 2116 incurrere
1092 2091 1240 2125 poterunt

228 2143 258 2169 et
282 2139 450 2178 jacturam.
474 2139 579 2175 Quare
601 2139 640 2169 ab
661 2139 772 2169 eodem
794 2139 969 2169 camerario
988 2148 1063 2169 curn
1084 2140 1239 2169 instantia

227 2192 403 2231 postularas
435 2197 468 2221 ut
496 2192 554 2222 hec
585 2193 675 2222 nobis
708 2201 865 2231 exponere
895 2197 1087 2231 procuraret.
1119 2193 1238 2223 Verum

227 2254 301 2276 cum
317 2246 356 2275 ab
379 2246 488 2276 eodem
506 2247 680 2276 camerario
708 2246 787 2276 alias
813 2256 917 2285 nuper
940 2248 1097 2285 receperis
1119 2247 1239 2277 litteras

227 2308 322 2338 super
337 2300 522 2338 hujusmodi
539 2300 696 2330 consectas
714 2300 839 2338 negotio
851 2323 859 2337 ,
877 2309 956 2339 quas
979 2301 1071 2330 nobis
1087 2301 1238 2339 predictis

228 2352 289 2382 tuis
305 2352 494 2387 interclusas
510 2352 625 2382 litteris
641 2353 818 2390 destinasti,
838 2354 955 2392 petiisti
973 2353 1131 2384 instanter
1146 2363 1164 2384 a
1181 2363 1236 2384 no-

225 2405 274 2435 bis
295 2410 329 2435 ut
348 2406 405 2434 tibi
421 2415 515 2444 super
539 2406 603 2435 hiis
620 2416 675 2445 per
696 2411 819 2436 nostras
835 2406 956 2437 litteras
972 2411 1117 2437 nostrum
1137 2407 1238 2446 expli-

226 2467 297 2488 care
314 2458 550 2497 beneplacitum
567 2459 786 2497 dignaremur,
802 2460 864 2495 cui,
880 2460 1061 2499 postpositis
1074 2461 1236 2497 omnibus,

225 2520 336 2551 parere
360 2511 470 2541 devote
493 2515 523 2541 et
545 2512 715 2542 efficaciter
737 2513 937 2543 intendebas.
959 2514 1025 2543 Nos
1041 2517 1165 2550 autem,
1186 2517 1237 2543 tue

225 2564 406 2595 devotionis
423 2565 708 2604 promptitudinem
723 2575 818 2604 super
835 2575 870 2596 eo
887 2567 972 2605 quod
990 2567 1236 2606 requisitionem

223 2618 392 2648 camerarii
421 2618 594 2656 supradicti
622 2619 661 2648 de
685 2624 790 2648 nostra
816 2620 1013 2650 conscientia
1041 2620 1097 2650 tibi
1121 2620 1236 2650 faciam

223 2671 309 2702 circa
326 2680 492 2710 porcorum
511 2675 541 2701 et
559 2676 766 2702 castratorum
787 2682 960 2703 numerum
978 2682 1162 2712 expressum
1182 2683 1234 2703 su-

223 2725 330 2764 perius
353 2724 529 2762 adimplere
552 2725 685 2755 sollicite
710 2726 859 2756 studuisti
883 2726 1106 2765 multipliciter
1121 2727 1154 2756 iu
1174 2727 1236 2757 Do-

221 2779 312 2809 mino
341 2778 620 2815 commendantes,
650 2779 909 2817 magnitudinem
941 2785 1028 2810 tuam
1060 2780 1234 2818 rogandam

221 2832 372 2862 duximus
391 2836 420 2861 et
439 2831 629 2861 hortandam
645 2832 810 2870 quatinus,
824 2842 879 2871 pro
896 2838 1002 2863 nostra
1021 2838 1051 2864 et
1065 2833 1235 2872 apostolice

222 2885 307 2916 sedis
325 2885 520 2922 reverentia,
541 2885 670 2924 prefatis
687 2886 920 2916 mercatoribus
937 2887 1067 2917 emendi
1082 2888 1115 2917 in
1136 2896 1235 2925 regno

222 2938 330 2969 Sicilie
346 2943 376 2968 et
392 2939 430 2968 de
446 2939 513 2977 ipso
529 2937 627 2968 libere
644 2939 834 2969 extrahendi
856 2940 941 2970 inter
963 2940 1059 2971 boves
1077 2944 1107 2970 et
1125 2949 1234 2971 vaccas

222 3002 322 3032 usque
337 2993 376 3022 ad
393 3002 572 3032 expressam
589 2993 736 3032 superius
754 2994 977 3032 quantitatem,
994 2995 1184 3034 computatis
1199 2995 1232 3024 in

1318 381 1494 420 quantitate
1520 381 1587 419 ipsa
1610 380 1725 418 emptis
1746 380 1815 418 jam
1842 382 1889 408 set
1914 385 1979 407 non
2003 377 2151 407 extractis
2177 381 2206 407 et
2231 378 2323 410 etiam
2364 373 2365 378 ¹

1318 433 1463 463 emendis
1479 432 1667 471 hujusmodi
1682 430 1878 462 animalibus
1894 439 1912 459 a
1929 429 2157 460 mercatoribus
2168 430 2324 468 supradic-

1318 487 1358 516 tis
1383 486 1431 516 vel
1455 486 1495 516 ab
1516 486 1589 516 aliis
1611 494 1666 525 pro
1688 484 1827 521 eisdem,
1847 483 1977 523 plenam
1998 482 2163 513 licentiam
2177 507 2184 520 ,
2205 483 2325 515 sublata
2366 511 2367 520 ,

1317 539 1460 578 qualibet
1476 538 1630 569 dilatione
1650 547 1686 568 ac
1709 537 1914 572 difficultate,
1935 535 2108 573 concedaS,
2133 539 2218 566 tanto
2236 536 2325 568 nobis
2366 573 2368 581 4

1319 592 1451 631 proinde
1468 592 1607 631 amplius
1627 591 1803 630 placiturus
1826 593 1946 629 quanto
1968 589 2001 619 id
2019 598 2055 619 ex
2073 589 2239 620 devotione
2253 597 2324 628 pro-
2367 621 2369 628 ⁴

1318 646 1450 676 cessisse
1467 645 1628 675 videbitur
1643 644 1768 684 potiori.
1786 644 1853 674 Nec
1870 646 2014 682 expectes
2033 645 2068 672 ut
2087 651 2181 681 super
2195 641 2254 673 hoc
2268 642 2324 674 tihi

1319 700 1424 730 denuo
1439 703 1562 729 nostras
1578 698 1698 729 litteras
1714 698 1906 736 dirigamus,
1925 701 1972 727 set
1989 705 2051 735 que
2068 705 2086 726 a
2105 700 2133 726 te
2150 696 2324 735 impresen-

1320 753 1438 782 tiarum
1469 752 1646 791 expetimus
1671 751 1826 790 perducas
1852 749 1996 780 celeriter
2023 748 2063 779 ad
2092 748 2256 786 effectum,
2281 749 2325 781 its
2370 749 2371 759 ¹

1319 808 1404 847 quod
1426 807 1630 838 devotionem
1654 810 1740 836 tuam
1767 805 1901 845 proinde
1923 804 2029 843 dignis
2050 804 2085 834 in
2103 804 2241 835 Domino
2257 803 2325 836 lau-

1320 861 1415 891 dibus
1439 860 1632 891 attollamus.
1664 859 1736 889 Dat.
1764 859 1878 896 Rome,
1905 858 1977 888 idus
2004 857 2073 897 (sic)
2097 857 2217 896 aprilis,
2241 866 2325 890 anuo
2371 880 2373 903 t

1321 914 1473 945 secundo.
1495 926 1509 941 n

1394 1072 1513 1101 *2223

1357 1135 1400 1162 De
1416 1135 1633 1171 provisionibus
1648 1135 1807 1170 apostolico
1824 1134 1924 1161 nuntio
1939 1134 2054 1161 debitis.
2071 1133 2142 1167 (Fol.
2159 1133 2191 1161 37
2208 1135 2258 1168 ve.)

1674 1070 2031 1106 Seinte-Marie-MaJeure,
2047 1070 2081 1097 20
2095 1070 2164 1098 avril
2181 1070 2256 1099 1289.

1368 1238 1592 1267 Venerabilibus
1606 1239 1758 1275 fratribus
1773 1239 1927 1267 universis
1941 1237 2128 1274 patriarchis
2138 1261 2146 1274 ,
2164 1237 2327 1275 archiepis-

1322 1293 1411 1329 copis,
1432 1292 1586 1329 [episcopis
1600 1296 1625 1321 et
1638 1292 1736 1321 electis
1754 1300 1787 1321 ac
1803 1291 1917 1321 dilectis
1931 1290 2017 1328 filiis]
2034 1291 2200 1326 abbatibus,
2215 1291 2328 1328 priori-

1321 1346 1391 1383 bus,
1411 1346 1549 1381 decanis,
1565 1346 1742 1382 prepositis,
1767 1345 2007 1379 archidiaconis,
2033 1343 2328 1382 archi[presbyteris‚·

1317 1397 1477 1437 plebanis],
1490 1399 1653 1427 rectoribus
1662 1404 1688 1427 et
1703 1399 1776 1428 aliis
1785 1399 1979 1428 ecclesiarum
1987 1398 2124 1435 prelatis,
2142 1406 2247 1427 eorum
2258 1406 2328 1436 quo-

1321 1461 1377 1490 que
1395 1454 1536 1490 capitulis
1551 1458 1577 1481 et
1593 1451 1798 1491 conventi[bus
1814 1454 1976 1490 ceterisque
1993 1451 2143 1491 personis]
2159 1452 2328 1483 ecclesiasti-

1321 1506 1374 1541 cis,
1397 1506 1540 1543 exemptis
1558 1510 1584 1534 et
1606 1514 1667 1535 ozon
1684 1508 1836 1543 exemptis,
1865 1505 2080 1547 cisterciensis,
2101 1504 2325 1544 (liziniacensis,

1324 1559 1599 1598 Premostratensis‚
1611 1558 1727 1598 [Sancti
1736 1558 1911 1598 Remedio-tq,
1921 1558 2028 1588 Sancti
2040 1559 2242 1596 Auyustiniet
2256 1558 2327 1589 alio·
2343 1559 2347 1564 '

1320 1620 1394 1642 rum
1410 1613 1573 1652 ordinum,
1590 1621 1705 1642 necnon
1726 1614 1900 1651 mayistris,
1920 1613 2143 1650 preceptoribus
2157 1620 2211 1642 seu
2229 1611 2334 1642 admi-³

1322 1666 1544 1695 nistratoribus
1566 1666 1727 1695 domorum
1751 1666 1862 1696 militie
1888 1667 2024 1704 Templi,
2050 1666 2210 1704 hospitalis
2229 1665 2329 1696 Sancti

1320 1719 1473 1748 Iohannis
1495 1719 1737 1749 Jerosoiimitani
1761 1725 1786 1748 et
1812 1720 1920 1750 Sancte
1945 1719 2039 1749 ‚ltarie
2064 1719 2328 1756 Theotom'corum,

1323 1774 1432 1802 militie
1455 1772 1560 1802 Sancti
1581 1773 1684 1802 Jacobs
1699 1777 1725 1802 et
1745 1772 1989 1810 Calatruvensis,
2011 1773 2050 1802 acl
2067 1781 2141 1810 quos
2161 1773 2258 1802 littere
2275 1772 2329 1802 iste

1320 1827 1524 1864 pervenerint.
1540 1825 1593 1854 Eis
1610 1825 1741 1855 mandat
1756 1829 1791 1855 ut
1807 1826 1857 1862 B.,
1871 1826 2016 1865 episcopo
2033 1825 2203 1863 Eugubino
2216 1848 2223 1862 ,
2239 1823 2329 1856 latori

1322 1878 1550 1917 praesentium,
1567 1887 1640 1908 cum
1658 1888 1712 1918 per
1728 1879 1871 1918 ipsorum
1888 1883 1992 1917 partes
2009 1878 2183 1908 transitum
2203 1877 2327 1916 fecerit,

1324 1944 1338 1959 α
1357 1941 1412 1971 pro
1429 1932 1494 1962 suis
1512 1937 1542 1961 et
1558 1932 1681 1962 familie
1702 1942 1758 1962 sue
1778 1932 1983 1968 necessariis,
2006 1932 2041 1961 in
2059 1932 2160 1962 tribus
2175 1931 2266 1962 libris
2282 1934 2328 1962 tu-

1322 1985 1511 2016 ronensium
1528 1994 1699 2024 parvorum
1717 1986 1830 2016 diebus
1846 1985 1984 2024 singulis
2000 1990 2029 2015 et
2047 1993 2160 2016 securo
2175 1985 2328 2016 conductu

1323 2048 1448 2069 necnon
1465 2040 1498 2068 in
1518 2039 1735 2069 evectionibus
1752 2039 1936 2078 oportunis,
1954 2040 1980 2069 si
2000 2048 2056 2070 sue
2071 2039 2106 2069 in
2121 2039 2174 2069 via
2189 2038 2334 2069 decesse*

1323 2093 1387 2121 rint
1402 2092 1451 2122 vel
1471 2092 1655 2130 defecerint,
1675 2105 1688 2120 ι»
1707 2102 1779 2123 cum
1798 2093 1836 2122 de
1852 2093 1912 2123 hoc
1927 2092 1967 2122 ab
1983 2101 2018 2123 eo
2034 2091 2181 2131 requisiti
2196 2091 2326 2128 fuerint,

1322 2137 1519 2185 provideant.

1364 2213 1376 2228 ι
1401 2200 1483 2230 Cum
1508 2200 1725 2231 venerabilem
1746 2201 1914 2230 fratrem...
1939 2218 1978 2222 —
1997 2200 2080 2238 [Dat.
2101 2199 2231 2239 Rome],
2247 2197 2327 2238 apud

1322 2254 1472 2284 Sanctam
1490 2255 1624 2284 Mariam
1642 2255 1807 2293 Majorem,
1826 2263 1869 2283 xn
1886 2253 2042 2283 kalendas
2057 2253 2146 2289 maii,
2165 2249 2262 2292 [anno
2279 2259 2334 2282 se·-

1321 2307 1449 2347 cundo].
1469 2320 1483 2335 »

1393 2467 1510 2495 '2224

1358 2528 1464 2555 Statuit
1478 2528 1539 2555 fore
1556 2532 1585 2555 ut
1597 2528 1729 2555 victualia
1742 2528 1776 2555 ad
1793 2529 1902 2555 curiam
1917 2528 2105 2563 apostolicam
2120 2527 2212 2554 Reate
2226 2525 2328 2554 sedeu-

1320 2580 1376 2604 tem
1394 2577 1509 2604 ferenda
1523 2577 1612 2604 libero
1628 2577 1750 2604 transitu
1765 2585 1814 2612 per
1829 2577 2052 2604 circumvicinas
2067 2579 2160 2603 terras
2172 2574 2324 2611 gaudeant.

1323 2625 1393 2659 (Fol.
1413 2625 1446 2653 38
1463 2628 1498 2658 νο)
1518 2627 1566 2659 (l).

1667 2466 2027 2501 Sainte-Marie-Majeure,
2044 2466 2078 2492 27
2095 2465 2165 2492 avril
2182 2464 2259 2492 1289.

1359 2730 1469 2758 Dilecto
1486 2730 1550 2766 filio
1566 2729 1663 2758 nobili
1680 2730 1746 2759 viro
1763 2752 1783 2759 ..
1801 2730 1958 2767 capitaneo
1977 2729 2142 2766 Apruiino.

1365 2795 1377 2809 ι
1393 2782 1473 2812 Cum
1490 2782 1697 2821 disponamus
1712 2783 1784 2813 in...
1803 2799 1841 2804 —
1857 2782 1929 2813 Dat.
1949 2782 2062 2818 Rome,
2079 2781 2163 2820 apud
2179 2780 2325 2812 Sanctam
2344 2774 2347 2778 ’

1319 2836 1454 2865 Mariam
1476 2836 1647 2874 Majorem,
1667 2846 1687 2865 v
1705 2835 1860 2866 kalendas
1878 2835 1971 2870 maii.
1995 2834 2200 2874 pontificatus
2226 2830 2324 2864 nostri

1318 2898 1403 2919 anno
1419 2889 1570 2920 secundo.
1590 2902 1603 2916 ι’

1347 3003 1381 3033 (1)
1398 3003 1492 3034 Voycz
1509 3003 1658 3033 ci-dessus,
1676 3008 1704 3027 n·
1719 3003 1789 3028 7009.
