2393 3496
249 304 307 332 876
996 308 1231 337 REGISTRES
1254 308 1307 337 DE
1331 308 1514 338 NICOLAS
1539 311 1593 340 IV.

557 370 912 404 Sainte-Maric-Majcurc,
931 372 962 398 '25
978 373 1087 406 janvier
1105 373 1180 399 1292.

289 445 324 474 In
351 455 378 475 e.
407 455 461 480 m.,
489 455 542 484 pro
564 446 694 475 ecclesia
715 448 848 476 Sanctae
873 448 1036 478 Trinitatis
1061 449 1099 478 de
1127 449 1252 479 Lavalle

247 498 416 529 Gnidonis.
434 499 685 527 Cenauiianensis
701 499 864 533 dioecesis,
880 500 911 529 in
931 501 1153 531 festivitatibus
1171 502 1251 531 beati

248 551 414 580 Michaelis
449 551 651 586 archangeli,
681 561 734 589 per
761 559 828 581 octo
855 554 922 582 dies
953 560 1121 592 sequentes
1155 560 1184 585 et
1217 556 1249 584 iu

246 604 347 640 prima
373 604 422 631 di·¹
447 604 606 632 dominica
630 610 694 641 post
717 604 830 634 t'estuin
852 606 1061 636 Pentecostes.
1091 608 1160 637 Dat.
1187 609 1250 638 lto-

245 664 334 688 niae,
358 656 438 693 apud
459 657 606 684 Sanctam
634 657 767 686 Mariam
795 658 948 695 Majorem
964 684 970 695 ,
994 670 1012 688 v
1033 660 1186 690 kalendas
1204 661 1249 691 fe-

246 709 375 738 bruarii.
393 717 478 737 anno
494 714 614 746 quarto.
635 711 738 748 (Ibid.)

571 803 932 838 Sainte—Marie-Majeure,
950 807 964 832 5
979 806 1082 834 servior
1101 808 1176 834 1292.

282 876 317 904 lu
335 885 361 905 e.
381 885 437 910 m.,
457 885 510 915 pro
529 877 661 907 ecclesia
680 879 786 909 Sancti
808 881 955 911 Andreae
972 882 1004 911 iu
1025 882 1160 918 Vaxeld,
1180 883 1248 922 Up-

241 928 374 958 salensis
391 929 553 960 dioecesis.
572 931 605 960 in
623 931 654 961 S.
675 933 832 969 Andreae,
849 934 880 964 S.
897 935 1057 965 Jolianuis
1077 936 1246 974 Baptistae,

240 982 271 1011 S.
294 982 478 1017 Michaelis,
499 989 635 1021 quatuor
654 986 760 1015 beatae
781 988 899 1017 Mariae
923 993 952 1018 et
970 988 1124 1018 Ouinium
1148 990 1246 1019 Sanc-

239 1039 342 1064 torum
360 1036 598 1074 fistivitatilms,
620 1048 674 1076 per
689 1044 757 1069 octo
775 1040 843 1069 dies
868 1045 1038 1079 sequentes
1055 1047 1084 1071 et
1102 1043 1134 1071 in
1151 1043 1245 1072 anni-

239 1090 379 1118 versario
397 1089 445 1118 die
462 1090 668 1120 detlivationis
683 1093 825 1130 ejusdem
842 1093 1004 1124 ecclesiae.
1024 1096 1092 1124 Dat.
1113 1096 1244 1132 Romae,

238 1142 320 1179 apud
346 1143 492 1171 Sanctam
515 1143 646 1172 Mariam
666 1145 835 1183 Majoreni,
856 1148 950 1176 nouis
967 1148 1140 1185 februarii,
1159 1157 1246 1179 anno

238 1200 360 1232 quarto.
380 1196 483 1233 (thid.)

278 1247 314 1276 In
332 1257 357 1276 e.
378 1257 434 1280 1n.,
455 1257 510 1285 pro
529 1248 659 1278 ecclesia
677 1250 785 1280 Sancti
808 1252 975 1282 Michaelis
996 1253 1034 1283 de
1058 1254 1190 1294 Husaby
1209 1255 1244 1284 in

237 1300 378 1338 'l‘roygd,
407 1301 589 1338 [psalensis
607 1302 774 1340 dioecesis,
799 1305 831 1333 iu
850 1305 882 1335 S.
901 1306 1085 1343 Michaelis,
1106 1313 1244 1346 quatuor

236 1353 344 1382 heatae
365 1354 498 1385 Mariae.
517 1355 549 1383 S.
566 1355 726 1385 Joliannis
745 1358 904 1396 Baptistae
922 1364 951 1389 et
967 1360 1120 1390 Omnium
1143 1361 1242 1392 Sanc-

236 1410 338 1435 torum
357 1406 593 1444 festivitatibus,
612 1413 682 1446 etc.‚
703 1414 735 1439 ut
752 1419 859 1449 supra.
878 1412 983 1452 (Ibicl.)

538 1501 899 1539 Sainte-Marie-Majeure,
916 1505 949 1533 ‘23
961 1507 1075 1541 janvier
1092 1509 1169 1536 1292.

276 1575 311 1604 In
337 1585 364 1605 e.
395 1585 450 1611 m.,
478 1586 532 1614 pro
559 1578 680 1616 capella
706 1579 813 1610 Sancti
841 1581 1017 1617 Fortunati,
1044 1584 1084 1614 ab
1109 1585 1242 1616 ecclesia

234 1627 339 1658 Sancti
359 1629 443 1658 Justi
463 1630 500 1660 de
518 1631 725 1670 Marempma,
741 1633 979 1666 Xanctonensis
995 1637 1163 1676 dioecesiS,
1184 1640 1238 1670 de-

232 1682 396 1720 pendenti,
409 1692 489 1722 quae
500 1693 517 1713 a
534 1684 646 1715 Carolo
658 1694 785 1724 magno,
799 1688 1020 1720 Romanorum
1034 1691 1237 1730 imperatore,

232 1734 292 1764 fuit
309 1741 502 1772 constructa,
529 1738 561 1766 in
580 1747 643 1776 qua
665 1739 758 1777 plura
780 1741 936 1772 miracula
955 1744 995 1773 ob
1017 1745 1116 1782 ipsius
1138 1747 1240 1777 sancti

232 1789 345 1818 merita
368 1790 439 1819 fecit
460 1791 562 1827 Deus,
587 1792 618 1820 in
643 1792 674 1821 S.
700 1793 867 1824 Fortunati
887 1800 917 1826 et
934 1802 1060 1827 sanctae
1076 1799 1239 1835 Quiteriae

231 1841 368 1878 virginis
386 1843 608 1873 festivitatibus
626 1849 656 1874 et
672 1854 726 1883 per
743 1851 811 1876 octo
828 1848 896 1878 dies
912 1855 1091 1888 sequentes.

273 1905 286 1919 ι(
316 1894 395 1924 Loca
422 1901 604 1926 sanctorum
632 1899 819 1930 omnium...
847 1918 887 1924 —
909 1902 979 1932 Dat.
1008 1904 1128 1942 Rome,
1154 1907 1238 1945 apud

231 1946 378 1977 Sanctam
404 1949 536 1979 Mariam
559 1951 732 1990 Majorem,
753 1963 771 1982 x
787 1953 940 1986 kalendas
960 1957 1131 1996 februarii,
1152 1969 1238 1992 anno

229 2004 351 2038 quarto.
372 2014 385 2028 r>
407 2001 512 2042 (leid.)

298 2201 414 2230 6558
533 2203 894 2243 Sainte-Mavie-Majeure,
914 2211 952 2237 1⁶¹·
966 2212 1070 2240 sevrier
1087 2214 1164 2242 1292.

266 2268 447 2304 Dispensatio
465 2280 552 2307 super
569 2274 730 2308 pluralitate
747 2277 961 2308 beneficiorum.
980 2281 1063 2314 (Rea.
1081 2283 1123 2315 46,
1135 2293 1161 2312 e.
1174 2285 1234 2318 7‘27,

227 2318 246 2344 f.
267 2318 314 2345 145
333 2321 382 2351 vo.)

267 2436 389 2465 Roberto
405 2438 439 2466 (le
454 2438 573 2476 Seseucl,
587 2442 769 2480 presbytero,
784 2446 893 2474 rectori
905 2448 1022 2477 ecclesie
1037 2449 1071 2478 tle
1087 2450 1233 2488 Bronton,

226 2487 425 2518 Norzeieensis
440 2492 574 2529 diocesis,
592 2494 698 2524 clere'co
712 2498 867 2527 carissimi
883 2500 916 2528 in
930 2500 1049 2531 Christo
1064 2503 1125 2540 filit
1138 2507 1237 2535 nostri

228 2541 275 2576 E.,
291 2543 490 2579 7·i·y1‘s.›irzali'e
507 2547 649 2584 illustris,
668 2548 813 2587 indulget
829 2555 864 2581 ut
879 2553 1028 2584 ecclesias
1044 2555 1082 2586 de
1099 2556 1237 2588 Schade-

226 2593 289 2622 feld
314 2599 343 2623 et
369 2595 407 2625 de
429 2598 589 2635 Branton,
614 2600 836 2633 Norwieeusis
864 2605 1035 2646 dioecesis,
1062 2618 1141 2648 quas
1165 2611 1235 2642 sine

227 2647 397 2684 apostolica
418 2649 654 2688 dispensatione
674 2654 807 2685 insimul
824 2657 981 2697 detinuit,
1000 2665 1031 2691 et
1046 2671 1101 2700 pro
1117 2664 1235 2702 quibus

227 2698 312 2728 infra
337 2709 459 2730 annum
488 2703 519 2732 in
546 2706 768 2744 presbyterum
793 2713 972 2747 promoveri
998 2723 1063 2744 non
1089 2725 1122 2746 se
1144 2718 1234 2756 fecit,

228 2751 314 2782 licite
335 2755 473 2785 retinere
490 2758 604 2795 possit,
622 2759 798 2792 dnmmodo
816 2772 990 2803 congruam
1010 2773 1130 2806 partein
1148 2771 1235 2802 fruc-

227 2808 317 2834 tuum
334 2815 368 2835 ex
389 2808 434 2837 eis
448 2809 512 2846 ¹jam
532 2817 751 2852 perceptorum
769 2816 801 2845 in
819 2818 999 2850 evidentem
1017 2830 1127 2853 earum
1148 2825 1235 2856 utili-

225 2861 321 2888 tatem
340 2868 511 2892 convertat.

268 2925 279 2937 a
306 2913 341 2942 In
361 2913 424 2943 liiis
441 2924 540 2953 que...
560 2935 596 2940 —
613 2920 683 2950 Dat.
703 2922 822 2959 Rome,
841 2930 984 2966 utsupra
997 2952 1004 2966 ,
1024 2929 1170 2962 kalendis
1186 2933 1234 2964 t'e-

223 2964 357 3003 bruarfi,
376 2976 461 2998 auno
477 2976 598 3008 quarto.
620 2986 632 2998 υ

1407 375 1523 403 6559

1371 435 1572 463 immunitates
1579 437 1647 463 Tem
1653 438 1749 472 pieriis
1756 438 1950 466 confirmatae.
1960 439 2043 473 (Rae.
2052 441 2094 472 46,
2103 449 2128 467 e.
2138 442 2198 476 7‘28,
2207 442 2225 468 f.
2236 443 2284 470 145
2293 445 2341 481 vo.)

1643 376 2002 412 Satnte-Marie-Majeure,
2021 379 2051 406 13
2063 380 2176 414 janvier
2194 381 2271 409 1292.

1375 559 1396 567 ..
1423 539 1569 575 wioyistro
1592 544 1618 567 et
1641 540 1792 575 (ratribus
1812 540 1922 569 militie
1948 542 2062 579 Templi
2080 543 2338 584 Jerosolimilani,

1333 591 1372 619 ad
1390 590 1490 619 instar
1509 591 1685 620 Alexandri
1706 596 1736 621 et
1754 592 1881 622 Urbani
1898 602 2069 632 paparum,
2089 595 2235 634 indulget
2251 602 2284 627 ut
2301 598 2340 629 ad

1333 643 1604 673 contribuendum
1626 644 1658 672 in
1683 644 1846 682 aliquibus
1871 646 1987 684 talliis,
2007 647 2147 678 collectis
2170 657 2224 679 seu
2248 659 2341 688 pecu-

1333 697 1405 725 niae
1421 697 1556 726 snnnnis
1574 702 1628 726 aut
1643 698 1862 728 exactionibus
1878 699 1949 729 aliis
1965 709 2029 730 non
2049 705 2228 732 teneantur.

1375 761 1387 775 α
1406 750 1532 784 Quanto
1547 750 1691 780 devotius
1708 751 1856 782 divino...
1874 769 1912 774 —
1928 754 1998 784 Dat.
2016 754 2126 791 Rome,
2143 756 2227 794 apud
2244 756 2340 789 Sanc-

1333 806 1395 831 tam
1414 803 1549 832 Mariam
1568 803 1731 842 Majorem,
1750 803 1857 834 idibus
1869 806 2022 844 januarii⁷
2041 816 2127 838 anno
2143 814 2264 847 quarto.
2285 821 2300 837 »

1403 973 1522 1002 6560

1365 1036 1567 1064 Immunitates
1594 1037 1765 1073 Templariis
1794 1040 1988 1067 confirmatae.
2017 1040 2100 1073 (Rea.
2130 1041 2180 1074 46,
2209 1050 2236 1070 e.
2262 1042 2339 1079 728²,

1329 1085 1348 1111 f.
1368 1085 1417 1112 145
1434 1087 1486 1119 vo.)

1636 975 1995 1011 Sainte-Marie-Majeure,
2017 979 2048 1005 13
2061 980 2174 1013 janvier
2191 980 2269 1008 1292.

1371 1211 1391 1217 ..
1415 1190 1562 1226 mayiscro
1581 1194 1605 1218 et
1626 1191 1775 1226 fratribus
1798 1192 1907 1221 danius
1926 1193 2039 1221 militie
2064 1193 2178 1232 Templi
2195 1194 2338 1224 Jerosoti-

1330 1243 1458 1278 milani,
1486 1242 1523 1271 ad
1548 1243 1647 1272 instar
1672 1243 1847 1273 Clementis
1874 1245 1980 1282 ΙΙΠῑΙ,
2008 1245 2155 1284 indulget
2185 1251 2220 1277 ut
2241 1246 2338 1286 legati

1327 1295 1517 1334 apostolicae
1541 1296 1626 1326 sedis
1649 1297 1698 1326 vel
1720 1298 1842 1335 nuntii,
1862 1298 2081 1329 cardinalibus
2099 1300 2247 1339 exceptis,
2264 1309 2337 1340 pro-

1328 1349 1509 1379 curationes
1526 1350 1727 1388 pecuniarias
1742 1351 1782 1380 ab
1798 1351 1844 1381 eis
1860 1352 1986 1390 exigere
2003 1361 2067 1383 non
2084 1354 2214 1392 possint.

1369 1414 1382 1429 ιι
1402 1403 1547 1441 Dignum
1561 1412 1629 1433 esse
1644 1404 1898 1443 conspicimus...
1917 1423 1954 1428 —
1972 1406 2043 1436 Dat.
2062 1411 2095 1436 ut
2111 1415 2217 1446 supra.
2237 1419 2250 1435 n

1397 1588 1510 1617 6561

1359 1651 1560 1679 Immunitates
1590 1652 1760 1687 Templariis
1789 1653 1983 1680 confirmatae.
2015 1653 2099 1686 (Rso.
2133 1654 2182 1688 46,
2210 1661 2236 1682 c.
2265 1653 2333 1687 729,

1323 1700 1406 1728 f.145
1419 1704 1470 1732 νῦ.)

1630 1589 1990 1625 Sainte-Marie—Majeure,
2012 1590 2042 1617 13
2055 1591 2169 1625 janvier
2185 1591 2263 1619 1292.

1362 1804 1522 1840 Nicolaus,
1548 1808 1602 1833 etc.
1633 1804 1855 1833 Venerabilibus
1879 1805 2033 1841 fratribus
2055 1806 2290 1844 archiepiscopis
2307 1811 2336 1836 et

1322 1857 1467 1894 episcopis
1484 1861 1510 1885 et
1529 1855 1644 1885 dilectis
1661 1856 1737 1893 filiis
1753 1858 1919 1893 abbatibus,
1937 1859 2095 1895 prioribus
2107 1882 2114 1895 ,
2131 1859 2264 1896 decanis,
2281 1867 2335 1889 ar-

1322 1910 1511 1939 chidiaconis
1529 1914 1554 1939 et
1570 1911 1643 1939 aliis
1661 1911 1853 1939 ecclesiarum
1870 1912 1996 1948 prelatis
2018 1912 2058 1941 ad
2074 1920 2148 1949 quos
2166 1912 2265 1942 littere
2281 1914 2335 1943 isle

1320 1965 1534 2001 pervenerint,
1555 1964 1702 1999 salutem,
1728 1968 1780 1993 etc.
1809 1964 1881 2000 Eis,
1910 1964 1949 1993 ad
1974 1964 2076 1994 instar
2102 1965 2236 1995 Honorii
2257 1964 2331 2002 111¹,

1322 2017 1453 2046 mandat
1470 2021 1503 2046 nt
1522 2026 1540 2046 a
1563 2016 1753 2055 Templariis
1779 2017 1986 2054 vicesimum,
2006 2022 2176 2057 quaestum
2202 2023 2234 2048 et
2254 2017 2334 2049 alias

1322 2072 1503 2101 exactiones
1521 2070 1649 2108 exigere
1665 2079 1698 2100 se
1716 2071 1910 2101 abstineant.

1364 2136 1377 2151 α
1395 2123 1477 2154 Cum
1492 2124 1531 2154 de
1544 2124 1665 2163 juris...
1682 2141 1722 2147 —
1738 2125 1810 2154 Dat.
1828 2129 1984 2163 utsupra.
2004 2136 2018 2151 »

1391 2297 1508 2326 6562
1625 2295 1988 2331 Sainte-Marie—MaJeure,
2005 2296 2039 2324 23
2051 2297 2165 2331 janvier
2181 2295 2259 2324 1292.

1356 2359 1542 2395 Dis-pensatio
1551 2367 1639 2395 super
1650 2359 1764 2386 defectu
1776 2358 1923 2386 natalium.
1932 2358 2015 2392 (Rea.
2027 2359 2071 2394 46,
2082 2367 2107 2386 c.
2119 2358 2180 2393 730,
2194 2359 2275 2387 f.145
2284 2365 2328 2391 v⁰;
2354 2391 2359 2395 .
2374 2380 2378 2381 γ

1320 2408 1438 2441 Ροττιι.,
1455 2409 1563 2441 23898.)

1361 2535 1382 2542 ..
1407 2513 1628 2550 archiepiscopo
1650 2512 1841 2541 Nidrosiensi
1861 2510 2034 2541 committit
2055 2515 2089 2540 ut
2109 2519 2183 2541 cum
2203 2511 2331 2549 Augus-

1321 2566 1388 2596 tino
1404 2565 1558 2604 Taorgilli
1574 2570 1604 2595 et
1618 2565 1786 2602 Johanne,
1806 2565 1901 2594 fratre
1918 2565 2005 2603 erS,
2026 2564 2235 2603 presbyteris,
2256 2565 2329 2604 qui,

1319 2619 1484 2649 credentes
1501 2628 1534 2648 se
1550 2627 1585 2648 ex
1601 2618 1703 2648 soluta
1719 2618 1854 2647 muliere
1870 2622 1900 2647 et
1915 2616 2060 2656 simplice
2075 2617 2260 2657 presbytero
2274 2626 2330 2656 ge-

1320 2673 1422 2708 nitos,
1440 2682 1458 2702 a
1479 2673 1509 2702 J.
1524 2694 1531 2708 ,
1554 2671 1757 2702 Nidrosiensi
1779 2671 2036 2710 archiepiscopo,
2056 2671 2330 2710 dispensationem

1318 2726 1528 2755 obtinuerunt
1554 2729 1587 2755 ut
1610 2725 1649 2754 ad
1673 2734 1785 2755 omnes
1811 2724 1942 2754 ordines
1968 2725 2148 2763 promoveri
2172 2728 2203 2755 et
2227 2733 2330 2755 unum

1318 2779 1511 2809 beneficium
1538 2777 1789 2809 ecclesiasticum
1820 2778 1937 2808 habere
1967 2783 2115 2816 possent,
2143 2778 2327 2817 dispenset,

1318 2841 1505 2870 quanquam
1531 2836 1638 2871 pater,
1666 2836 1740 2862 ante
1762 2831 2004 2870 conceptionem
2028 2839 2156 2866 eorum,
2183 2831 2328 2870 regulam

1319 2885 1426 2916 Sancti
1453 2885 1632 2923 Augustini
1657 2889 1687 2915 et
1708 2885 1911 2924 postmodum
1930 2884 2155 2914 Cisterciensis
2175 2884 2328 2921 ordinum

1317 2938 1476 2978 professus
1486 2943 1543 2976 est,
1558 2939 1637 2969 utin
1649 2939 1803 2977 susceptis
1814 2938 1982 2968 ordinibus
1998 2937 2180 2968 ministrare
2193 2938 2325 2977 possint.

1317 3007 1356 3013 —
1369 3003 1382 3019 ι
1398 2991 1530 3030 Verum,
1542 2992 1619 3031 quia
1634 2991 1694 3022 hec
1705 2991 1771 3022 sore
1787 2995 2010 3031 proponuntur
2024 2989 2158 3029 occulta,
2176 2991 2327 3031 predictis
