2393 3496
232 310 289 341 972
981 310 1218 340 REGISTRES
1239 311 1293 340 DE
1315 311 1499 342 NICOLAS
1522 313 1578 343 lV.

231 378 270 408 ad
286 378 445 408 civitatem
463 377 655 413 callensem,
674 377 824 414 gravibus
842 376 1136 415 perturbationibus
1149 385 1237 406 com-

232 434 369 466 motam,
388 439 419 460 se
435 430 612 465 conterens,
633 429 671 458 de
687 429 755 466 ejus
772 433 852 458 statu
872 433 902 458 et
919 429 1102 459 conditione
1117 429 1237 459 civium

231 484 384 522 inquirat.

272 550 285 563 a
304 537 349 566 De
361 541 440 566 statu
455 535 628 565 civitatis...
640 551 679 556 -—
696 535 765 563 Dat.
786 535 896 570 Rome,
914 535 997 573 apud
1013 535 1162 565 Sanctam
1174 535 1238 565 Ma-

231 590 309 619 riam
329 590 493 627 Majorem,
514 598 554 617 xu
573 587 726 617 kalendas
746 588 940 617 novembris.
963 599 976 614 n

299 819 351 848 '⁷1
362 820 417 848 '22
526 819 884 855 Sainte-Marie-Majeure‚
902 820 932 846 ‘21
952 819 1069 847 octobre
1086 819 1165 847 1288.

262 887 304 914 De
319 888 418 914 codem
436 890 562 923 negotio.
578 889 647 923 (Fot.
667 889 699 916 30
715 889 763 923 r0.)

267 1016 383 1046 Dilectis
398 1017 471 1054 filiis
482 1039 503 1047 ..
514 1018 663 1054 potestati,
681 1018 808 1046 consitio
820 1022 845 1046 et
860 1019 1019 1047 communi
1035 1018 1234 1047 Callensibus.

227 1069 281 1099 Eis
298 1069 426 1099 nuntiat
442 1078 474 1099 se
490 1070 529 1099 ad
550 1078 660 1099 eorum
677 1070 837 1099 civitatem
856 1070 905 1105 R,
929 1070 1111 1109 episcopum
1137 1070 1235 1101 Gros-

226 1128 388 1158 setauum,
406 1123 538 1153 latorem
557 1124 786 1162 praesentium,
804 1125 858 1163 qui
875 1124 914 1154 de
929 1125 999 1163 ejus
1019 1128 1101 1154 statu
1124 1125 1235 1164 inqui-

225 1181 290 1213 rat,
318 1177 443 1206 mittere
466 1177 575 1215 eisque
597 1177 728 1206 mandat
746 1181 782 1206 ut
805 1177 910 1207 eidem
930 1178 1077 1217 episcopo
1099 1178 1235 1208 interro-

224 1229 314 1268 ganti
333 1230 548 1260 intentionem
566 1239 656 1259 suam
674 1231 867 1269 exprimant.

265 1293 279 1312 ‹<
300 1283 411 1321 Nuper
422 1292 485 1313 non
503 1284 610 1313 sine...
625 1300 664 1305 —
682 1284 751 1313 Dat.
771 1284 884 1320 Rome,
899 1284 983 1323 apud
1000 1284 1150 1314 Sanctam
1163 1284 1233 1313 Ma-

223 1335 304 1365 riam
322 1336 492 1375 Majorem,
513 1345 555 1365 xu
572 1336 726 1366 kalendas
742 1337 936 1367 novembris.
957 1349 970 1364 n

295 1563 411 1591 7123

257 1631 305 1661 G.,
322 1631 459 1666 episcopo
476 1631 641 1666 Sabinensi,
657 1631 769 1658 intimat
788 1639 820 1658 se
841 1632 1028 1658 castellanum
1042 1632 1129 1658 castri
1147 1631 1232 1658 Mon-

222 1680 334 1706 tiscalvi
359 1680 485 1706 detinere
511 1680 684 1715 mandatque
710 1684 740 1706 ut
764 1680 798 1706 ad
826 1689 858 1706 se
887 1680 1025 1707 vicarium
1047 1680 1177 1707 Oddonis
1197 1680 1232 1707 de

221 1728 363 1755 Tusciaco
377 1729 431 1754 sub
447 1728 502 1754 fida
518 1728 649 1755 custodia
665 1729 766 1755 mittat.
784 1728 855 1761 (Fol.
875 1729 907 1755 30
924 1729 973 1761 νῦ.)

520 1562 882 1597 sainte-Mai-ie—Majeure‚
898 1563 929 1589 ‘21
946 1563 1064 1589 octobre
1082 1562 1160 1590 1288.

268 1858 436 1887 Venerabili
453 1859 549 1894 fratri
567 1859 613 1894 G.,
633 1860 766 1896 episcopo
786 1859 956 1896 Sabinensi,
976 1861 1136 1897 apostolice
1152 1861 1231 1890 sedis

222 1913 316 1949 legato
333 1917 357 1941 et
374 1921 437 1941 una
451 1920 518 1941 cum
534 1913 639 1941 dilecto
649 1913 713 1948 filio
730 1913 825 1941 nobiti?
842 1913 908 1942 vtro
922 1914 967 1950 R„
980 1916 1088 1943 comite
1101 1913 1230 1944 Atreba-

221 1966 308 2001 lensz',
322 1966 424 2002 bajulo
438 1967 526 2001 regmz'
539 1965 643 1994 Sicilie
651 1975 706 2003 per
717 1974 876 1994 romanam
891 1967 1043 1996 ecetesiam
1055 1969 1227 1999 constituto,

222 2031 235 2045 «
254 2018 304 2048 Ad
322 2022 406 2048 tuam
424 2018 572 2048 volumus
588 2020 757 2057 pervenire
774 2019 920 2048 notitiam
936 2020 1020 2058 quod
1032 2019 1147 2050 latores
1158 2031 1230 2060 pre-

221 2072 372 2107 sentium,
385 2071 431 2100 tui
446 2072 564 2108 nuntii,
578 2072 669 2101 nobis
684 2072 848 2109 Pontium,
861 2072 1009 2111 militem,
1025 2074 1148 2112 pridem
1160 2084 1229 2105 eas-

220 2126 258 2154 tri
278 2125 478 2154 Montiscalvi
492 2125 714 2162 castellanum,
729 2125 868 2156 fideliter
880 2132 1118 2165 presentarunt,
1133 2137 1229 2167 quem

220 2178 448 2208 mandavimus
465 2179 561 2217 recipi
581 2183 610 2208 et
634 2183 667 2208 ut
689 2179 805 2209 meruit
822 2179 978 2218 detineri,
1003 2185 1054 2211 tue
1073 2181 1230 2213 sollicitu-

222 2231 311 2262 dinis
327 2231 470 2261 studium
487 2240 582 2269 super
599 2231 659 2261 hoc
677 2232 851 2270 prudenter
868 2232 1047 2264 adhibitum
1064 2243 1228 2266 commen-

220 2284 342 2314 dantes.
362 2284 529 2321 Ceterum,
550 2285 626 2323 quia
644 2285 820 2324 impunitas
843 2295 958 2316 ausum
978 2287 1108 2318 exhibet
1126 2289 1231 2319 delin-

220 2337 356 2375 quendi,
382 2337 531 2367 volumus
556 2342 585 2367 et
606 2339 803 2376 presentium
831 2339 886 2368 tibi
912 2344 1019 2370 tenore
1038 2341 1230 2372 mandamus

220 2387 373 2428 quatinus
393 2414 412 2419 ..
436 2391 590 2420 vicarium
612 2391 729 2421 nobilis
751 2391 813 2421 viri
836 2392 980 2423 Oddonis
1001 2394 1040 2424 de
1060 2395 1229 2433 Tusciaco,

219 2444 273 2482 qui
292 2452 393 2482 nuper
415 2449 553 2474 castrum
577 2443 658 2474 Albe
680 2454 744 2475 non
763 2446 832 2475 sine
849 2446 949 2476 multe
968 2448 1154 2478 temeritatis
1172 2459 1230 2479 au-

220 2496 310 2526 dacia
325 2497 491 2535 occupavit
507 2501 536 2527 et
552 2502 661 2527 contra
678 2503 860 2537 preceptum
878 2504 1023 2530 nostrum
1040 2501 1228 2540 aliquandiu

219 2549 362 2580 detinere
379 2551 573 2589 presumpsit
591 2550 695 2580 taliter
707 2556 908 2590 occupatum,
920 2554 1027 2591 gravis
1040 2555 1230 2586 turbationis

219 2602 386 2631 materiam
407 2602 438 2631 in
461 2602 525 2631 illis
549 2603 691 2641 partibus
714 2605 915 2642 suscitando,
935 2606 975 2635 ad
999 2612 1140 2637 nostram
1158 2618 1230 2647 pre-

219 2654 355 2684 sentiam
374 2655 432 2684 sub
450 2655 511 2684 fida
527 2656 669 2686 custodia
686 2656 846 2687 destinare
859 2667 1021 2697 procureS‚
1037 2669 1091 2699 pro
1107 2663 1230 2692 meritis

219 2711 434 2746 recepturum.
449 2708 537 2737 Scire
551 2718 690 2747 namque
707 2713 735 2739 te
752 2710 898 2740 volumus
915 2716 945 2742 et
960 2721 1013 2751 pro
1026 2718 1110 2744 certo
1123 2718 1230 2744 tenere

218 2760 301 2799 quod
320 2761 463 2790 nondum
477 2762 661 2791 audivimus
675 2766 707 2791 ut
719 2763 822 2801 ipsius
836 2764 885 2794 vel
899 2765 1037 2796 aliorum
1051 2772 1229 2798 castrorum

218 2813 367 2843 homines
384 2815 442 2843 sub
460 2815 577 2844 nobilis
595 2815 709 2854 prefati
726 2816 869 2847 dominio
888 2828 1018 2849 manere
1034 2820 1228 2859 desiderent,

217 2866 292 2896 licet
316 2867 397 2897 sorte
425 2868 624 2897 contrarium
653 2869 692 2899 ab
722 2869 884 2908 aliquibus
912 2872 1130 2910 confingatur,
1156 2883 1229 2905 cum

219 2921 313 2950 etiam
332 2925 412 2951 terre
427 2921 509 2951 dicto
521 2927 622 2952 castro
635 2922 715 2953 Albe
727 2923 832 2954 vicine
844 2923 982 2956 libenter
992 2926 1032 2956 ad
1045 2926 1229 2959 dominium

218 2973 348 3003 ecclesie
365 2975 562 3004 devenirent.
586 2976 656 3005 Dat.
676 2980 830 3016 utsupra.
852 2990 865 3004 n

1393 378 1509 407 '⁷174

1356 439 1398 466 De
1415 444 1491 467 statu
1506 441 1631 468 civitatis
1647 441 1797 469 Callensis.
1814 442 1886 476 (Fol.
1901 443 1933 470 30
1949 445 1996 477 r⁰.)
2389 455 2391 489 '¹

1614 379 1978 415 Sainte-Marie-Majeurc,
2000 382 2029 408 17
2045 382 2162 410 octobre
2179 383 2254 412 ¹288.

1367 542 1532 572 Venerabili
1556 543 1651 580 fratri
1671 567 1692 575 ..
1710 545 1841 582 episcopo
1865 545 1998 575 Cattenst
2018 546 2150 577 mandat
2173 553 2208 578 nt
2229 548 2268 579 ad
2291 559 2323 582 se
2390 562 2393 590 ς

1321 594 1438 632 veniat,
1459 595 1618 626 relaturus
1634 596 1673 626 de
1689 601 1771 627 statu
1787 598 1928 628 civitatis
1948 597 2118 629 Callensis.
2390 595 2393 629 l

1362 660 1375 675 α
1394 648 1511 679 Gravia
1527 649 1665 688 quedam
1682 659 1786 680 non...
1803 668 1842 672 —
1859 652 1930 681 Dat.
1949 652 2061 689 Rome,
2079 653 2161 692 apud
2178 653 2324 688 Sanctam
2391 639 2393 665 ¹

1322 701 1457 730 Mariam
1476 702 1649 740 Major-em,
1668 712 1719 732 xv1
1739 703 1890 734 kalendas
1907 705 2106 741 novembris,
2125 707 2324 745 pontificatus
2392 676 2393 723 1

1321 755 1421 784 nostri
1437 763 1523 785 anno
1540 756 1654 794 primo.
1676 768 1690 783 ι»

1392 940 1512 969 Ἐἱῖὅ

1355 1002 1398 1029 De
1414 1003 1490 1029 tallia
1506 1004 1609 1030 rectori
1625 1003 1813 1031 Romaniolae
1829 1005 1976 1032 solvenda.
1993 1004 2065 1038 (Fol.
2082 1004 2115 1033 30
2130 1007 2179 1039 ro.)

1621 941 1982 977 Sainte-Marie-Majeure,
1998 943 2028 970 19
2044 943 2162 970 octobre
2180 943 2256 973 ¹288.

1358 1106 1468 1134 Dilecto
1486 1106 1552 1142 filio
1570 1107 1616 1143 1³„
1633 1107 1744 1136 rectori
1759 1107 1851 1136 Masse
1870 1107 2027 1144 Trobarie,
2044 1107 2198 1146 capellano
2212 1114 2323 1143 nostro.

1319 1158 1452 1188 Mandat
1472 1163 1505 1188 ut
1527 1159 1678 1189 homines
1699 1160 1793 1189 castri
1815 1160 1949 1192 Sanctae
1971 1160 2117 1199 Agathae
2139 1165 2170 1192 et
2190 1161 2324 1196 aliorum

1317 1215 1496 1242 castrorum
1515 1221 1597 1251 quae
1616 1213 1675 1243 sub
1691 1214 1850 1252 regimine
1867 1215 1997 1245 rectoris
2013 1215 2136 1246 Massae
2148 1216 2324 1250 Trabariae

1317 1266 1412 1295 modo
1433 1274 1488 1304 per
1509 1265 1630 1296 litteras
1652 1266 1839 1306 apostolicas
1856 1267 1987 1298 reducta
2008 1272 2084 1299 sunt
2100 1268 2220 1300 talliam
2237 1269 2324 1302 miti-

1319 1322 1385 1348 tum
1403 1318 1449 1348 eis
1464 1322 1538 1348 ante
1552 1318 1624 1349 illas
1639 1318 1761 1349 litteras
1783 1320 1823 1350 ab
1847 1320 2054 1358 Hermanno,
2072 1326 2193 1353 rectore
2207 1323 2323 1356 Roma-
2344 1360 2350 1367 ⁶

1317 1371 1432 1408 niolae,
1450 1371 1633 1410 impositam
1651 1372 1755 1402 eidem
1775 1373 1963 1403 Hermanno
1979 1373 2114 1405 solvant.

1358 1436 1372 1451 ιι
1392 1423 1435 1454 Ex
1454 1429 1540 1464 parte
1555 1425 1700 1456 dilecti...
1717 1443 1756 1447 —
1772 1426 1845 1455 Dat.
1864 1426 1976 1465 Rome,
1996 1427 2081 1467 apud
2096 1428 2247 1460 Sanctam
2260 1429 2324 1461 Ma-

1315 1479 1398 1508 riam
1416 1478 1584 1517 Majorem,
1601 1488 1667 1508 xnn
1686 1479 1842 1510 kalendas
1859 1481 2054 1511 novembris.
2072 1493 2085 1508 »

1387 1665 1505 1694 '71⁸7ss

1349 1727 1393 1754 De
1409 1731 1485 1755 statu
1502 1728 1627 1755 civitatis
1642 1728 1793 1758 Callensis.
1808 1729 1880 1762 (Fol.
1898 1730 1931 1757 30
1947 1731 1997 1763 νο.)

1615 1666 1974 1702 Sainte-Marie-Majeure,
1993 1667 2025 1695 19
2041 1667 2158 1695 octobre
2175 1668 2252 1697 1288.

1353 1831 1464 1860 Dilecto
1485 1831 1550 1868 filio
1572 1832 1668 1861 nobili
1690 1833 1758 1861 viro
1781 1832 1916 1862 Johanm‘
1934 1833 1967 1862 de
1989 1833 2174 1872 Cotumpna,
2192 1833 2320 1864 Marchie
2344 1820 2361 1877 ζ,

1313 1884 1523 1913 Anchonitane
1543 1885 1666 1921 rectori,
1686 1884 1816 1914 nuntiat
1831 1894 1864 1915 se
1880 1885 1920 1914 ad
1936 1894 2010 1916 eum
2029 1886 2212 1925 episcopum
2226 1885 2320 1918 Gros-

1313 1941 1479 1974 setanum,
1508 1936 1642 1967 latorem
1666 1939 1904 1976 praesentium,
1927 1939 2072 1977 mittere,
2099 1940 2154 1979 qui
2177 1939 2216 1970 de
2239 1943 2321 1972 statu
2342 1944 2348 1946 '
2368 1968 2370 1970 ,

1313 1990 1452 2020 civitatis
1468 1990 1630 2021 Callensis
1647 1991 1803 2030 inquirat.

1354 2055 1368 2070 α
1387 2043 1499 2086 Nuper
1515 2043 1573 2074 tibi
1588 2053 1681 2082 per...
1701 2056 1716 2071 »
2347 2024 2362 2070 δ’

2345 2179 2370 2292 l

1386 2230 1439 2258 ¹71
1449 2231 1502 2258 '5¹2
1613 2230 1975 2266 Salute-Marie-lttaJ‘em-e,
1992 2232 2027 2259 ‘23
2042 2232 2160 2259 octobre
2177 2232 2254 2261 1288.

1348 2292 1392 2318 De
1408 2293 1531 2327 pecunia
1547 2301 1562 2319 a
1578 2292 1612 2320 G.
1627 2292 1767 2327 GelloniS,
1780 2293 1942 2321 Lodovensi
1957 2298 1986 2321 et
1998 2293 2156 2322 Biterrensi
2173 2295 2319 2331 canonico,
2343 2299 2370 2331 ἶ

1313 2341 1358 2376 P„
1375 2342 1558 2369 Narbonensi
1573 2342 1792 2378 archiepiscopo
1802 2365 1808 2374 ,
1825 2347 1853 2370 et
1867 2343 1931 2370 aliis
1950 2343 2013 2370 sedi
2027 2344 2202 2379 apostolicae
2218 2344 2319 2380 legata.
2330 2335 2364 2374 (η

1316 2390 1387 2423 (Fol.
1404 2391 1437 2418 30
1454 2392 1506 2424 v0.)
2338 2370 2371 2465 ,ἒ

2350 2472 2366 2492 κ.

1354 2495 1463 2524 Dilecto
1481 2495 1545 2532 filio
1568 2495 1698 2532 Anyerio
1717 2495 1750 2524 de
1767 2495 1954 2532 Affamanis,
1976 2496 2121 2525 canonico
2145 2496 2319 2528 Biterrensi.
2334 2493 2367 2537 §¹

1316 2559 1328 2573 ιι
1349 2547 1532 2577 Habebatur
1550 2547 1585 2576 in
1605 2547 1720 2577 litteris
1739 2547 1802 2577 tuis
1818 2556 1897 2586 quas
1914 2547 2091 2578 venerabili
2111 2548 2201 2579 fratri
2217 2551 2321 2580 nostro
2350 2559 2362 2589 ξ

1315 2600 1364 2637 Β.,
1384 2600 1537 2630 Paduano
1556 2600 1717 2639 episcopo,
1738 2601 1886 2630 direxisti
1903 2601 1987 2640 quod
2009 2601 2173 2640 quondam
2190 2601 2228 2632 G.
2247 2601 2320 2633 Gel-
2356 2604 2361 2629 ·:

1313 2653 1407 2689 lonis,
1420 2653 1497 2683 olim
1514 2653 1710 2684 Lodovensis
1723 2654 1768 2693 (1)
1780 2658 1810 2684 et
1826 2654 2020 2684 Biterrensis
2032 2655 2217 2691 canonicus,
2231 2654 2321 2695 quin-
2340 2636 2367 2704 ᾖ

1312 2707 1467 2746 quaginta
1483 2707 1582 2737 libras
1599 2708 1824 2737 turonensium
1839 2707 1907 2738 sedi
1920 2707 2091 2747 apostolice
2107 2708 2142 2739 in
2159 2717 2217 2740 suo
2232 2711 2320 2740 testa·
2344 2730 2365 2755 stt

1314 2765 1422 2790 mento
1446 2761 1594 2799 reliquit,
1613 2765 1641 2791 te
1659 2769 1696 2791 ac
1723 2784 1742 2790 ..
1767 2762 1898 2791 sacrista
1917 2761 2112 2792 Lodovensis
2131 2762 2178 2802 (l)
2192 2761 2320 2794 ecclesie
2347 2754 2363 2792 'o'

1313 2813 1415 2851 ipsius
1432 2814 1614 2843 testamenti
1627 2813 1848 2844 executoribus
1860 2815 2053 2852 constitutis,
2066 2815 2216 2855 quodque
2227 2823 2330 2856 penes.

1313 2866 1467 2905 quosdam
1487 2871 1679 2897 mercatores
1694 2867 1825 2898 illarum
1841 2867 1982 2906 partium
1999 2868 2136 2907 pecunia
2151 2869 2320 2909 eratdepo-
2359 2880 2361 2886 ·

1345 2994 1378 3024 (l)
1394 2997 1442 3019 Ms.
1461 3003 1467 3018 .·
1484 2994 1668 3020 Lodonensis,
