2393 3496
901 302 1153 348 QUATRIEME
1176 304 1333 342 ANNE'E.
2099 324 2155 353 347

77 379 196 410 Mariae
217 376 458 412 festivitatibus,
480 386 535 415 per
561 382 628 407 octo
651 377 720 408 dies
746 384 930 417 sequentes,
951 384 1022 413 etc.‚
1042 381 1077 409 ut

75 440 180 470 supra.
193 429 251 470 (En
266 430 393 467 marye.)

114 485 152 514 In
178 493 204 513 e.
232 491 290 519 m.,
313 490 369 520 pro
396 481 528 512 ecclesia
551 482 590 512 de
617 483 731 513 Sancto
755 483 929 522 Boculpbo‚
953 484 1076 514 Lincol-

76 536 196 567 niensis
211 535 379 571 dioecesis,
398 535 431 564 in
454 535 485 565 S.
510 535 668 574 Boculphi
689 540 718 566 et
735 542 868 575 quatuor
883 537 990 567 heatae
1007 538 1076 566 Ma-

74 591 140 620 riae
156 588 391 624 festivitatibus,
408 598 461 627 per
474 593 542 619 octo
558 589 626 618 dies
642 595 821 628 sequentes,
836 595 908 627 etc.,
924 594 1073 629 utsupra.

72 642 177 683 (lbid.)

324 687 692 723 Sainte-Marie-Majeure,
714 690 743 717 19
759 690 909 716 decembre
928 690 1003 717 1291.

112 750 150 780 In
166 758 192 779 e.
211 758 267 783 m.,
291 757 346 787 pro
365 749 496 779 ecclesia
520 772 539 779 ..
562 751 730 787 guardiani
754 756 783 780 et
807 752 938 781 fratrum
962 752 1074 781 domus

74 802 194 834 ordinis
211 802 374 832 minorum
389 802 427 831 de
444 802 555 832 Insula
572 803 714 832 Danubii
728 804 818 841 juxta
836 804 976 840 Budam,
996 804 1074 833 Ves-

75 856 283 896 premmensis
299 855 464 890 dioecesis,
481 856 515 884 in
533 861 658 885 sanctae
674 856 800 892 Clarae,
817 857 908 895 cujus
923 856 1076 886 vocabulo

75 909 206 940 66616513
228 913 275 939 est
297 909 471 946 insignita,
490 914 628 947 quatuor
651 909 758 939 beatae
779 910 909 943 Mariae,
928 910 959 939 S.
976 910 1076 939 Fran-

72 962 147 994 cisci
163 966 194 992 et
207 961 240 992 S.
257 962 393 991 Antonii
408 962 645 999 festivitatibus,
663 962 802 991 secunda
818 963 894 992 seria
908 967 973 1001 post
991 963 1074 992 Pen-

74 1020 208 1047 tecosten
229 1019 260 1044 et
284 1024 340 1053 per
361 1020 428 1045 octo
448 1015 516 1044 dies
536 1020 713 1054 sequentes.
736 1016 807 1045 Dat.
833 1016 967 1052 Romae,
991 1016 1075 1054 apud

71 1068 218 1099 Sanctam
237 1068 372 1097 Mariam
389 1069 556 1107 Majorem,
571 1078 637 1098 xlm
652 1068 805 1098 kalendas
817 1069 970 1107 januarii,
989 1077 1074 1098 anno

69 1127 191 1162 quarto.
210 1121 320 1161 (Ibid.;
339 1122 475 1159 Porri—1„
494 1122 614 1159 23878.)

341 1202 699 1237 Sainte-Marie-Majeure
719 1204 732 1229 5
750 1203 906 1229 novembre
922 1204 1000 1230 1291.

108 1265 145 1295 In
162 1273 188 1294 e.
207 1273 264 1301 m.,
281 1273 337 1303 pro
350 1264 482 1294 ecclesia
496 1264 609 1298 ,Sancti
625 1264 787 1295 Johannis
806 1265 843 1294 de
862 1264 978 1294 Sancto
994 1265 1072 1295 Ger-

68 1326 163 1348 mano
183 1317 374 1353 Dambront,
391 1317 665 1347 Claromontensis
684 1318 847 1354 dioecesis,
865 1319 897 1346 in
916 1320 1073 1357 Assump-

70 1371 165 1401 tionis
184 1370 292 1400 beatae
317 1371 436 1400 Mariae
459 1375 489 1400 et
511 1371 543 1401 S.
570 1371 730 1401 Jobannis
755 1371 999 1405 festivitatibus,
1018 1380 1075 1410 per

67 1428 135 1455 octo
156 1424 224 1457 dies
247 1428 415 1463 sequentes
442 1429 472 1454 et
494 1424 529 1453 in
550 1425 770 1454 anniversario
792 1425 842 1454 die
865 1425 1073 1454 dedicationis

69 1477 210 1515 eJusdem
231 1477 393 1507 ecclesiae.
413 1478 484 1506 Dat.
505 1477 636 1513 Romae,
657 1477 740 1516 apud
765 1478 915 1507 Sanctam
937 1478 1072 1507 Mariam

69 1530 234 1567 Majorem,
255 1530 351 1560 nonis
369 1530 553 1560 novembris
566 1553 574 1566 ,
591 1539 677 1560 anno
693 1535 815 1568 quarto.
835 1530 937 1569 (Ibid.)

108 1584 146 1613 In
160 1592 187 1613 e.
205 1592 262 1620 m.,
280 1592 334 1621 pro
349 1583 483 1613 ecclesia
500 1584 614 1614 Beatae
631 1584 749 1614 Mariae
766 1584 944 1614 Brivatensi
959 1585 992 1613 in
1011 1587 1072 1614 Ar-

70 1637 190 1674 vernia,
210 1636 482 1667 Claromontensis
497 1636 662 1672 dioecesis,
682 1637 715 1666 in
733 1641 868 1676 quatuor
878 1638 988 1667 beatae
1006 1638 1071 1666 Ma-

70 1690 133 1720 riae
149 1695 180 1719 et
195 1690 227 1720 S.
246 1690 345 1720 Blasii
362 1690 599 1726 festivitatibus,
619 1700 673 1729 per
688 1695 756 1720 octo
773 1691 840 1719 dies
855 1695 1024 1729 sequentes
1043 1695 1072 1720 et

69 1743 103 1772 in
120 1743 342 1774 anniversario
358 1743 408 1773 die
425 1744 636 1773 dedicationis
654 1744 798 1782 ejusdem
816 1744 978 1773 ecclesiae.
999 1744 1070 1774 Dat.

71 1800 219 1835 utsupra.
239 1796 341 1835 (Ibid.)

329 1868 682 1904 Sainte-Marie-Majeure,
698 1870 731 1896 *29
750 1870 903 1895 novembre
922 1869 998 1896 1291.

106 1930 143 1960 In
162 1940 187 1960 e.
211 1939 272 1968 m.,
294 1940 350 1969 pro
367 1931 499 1961 ecclesia
518 1955 537 1960 ..
558 1931 729 1969 magistrae
746 1936 776 1960 et
792 1940 936 1961 sororum
958 1932 1070 1961 domus

67 1983 125 2013 Dei
141 1983 248 2014 Sancti
265 1984 350 2013 Petri
368 1984 407 2013 ad
426 1983 581 2013 moniales
604 1984 789 2019 Remensis,
809 1984 842 2013 in
861 1984 893 2014 S.
911 1985 1014 2020 Petri,
1036 1985 1070 2014 in

65 2037 155 2075 cujus
174 2036 327 2067 bonorem
344 2037 453 2066 eadem
472 2037 605 2067 ecclesia
622 2042 669 2066 est
683 2042 873 2074 constructa,
890 2043 920 2067 et
935 2042 1071 2076 quatuor

65 2076 172 2120 beatae
194 2090 314 2119 Mariae
334 2090 556 2120 festivitatibus
577 2095 607 2119 et
627 2099 681 2128 per
704 2095 773 2120 octo
794 2090 861 2119 dies
888 2094 1065 2129 sequentes.

67 2142 136 2171 Dat.
154 2143 286 2178 Romae,
304 2143 387 2181 apud
403 2142 552 2172 Sanctam
571 2143 706 2172 Mariam
723 2143 890 2181 Maiorem,
908 2153 940 2172 111
956 2143 1068 2172 kalen-

64 2194 120 2225 das
134 2194 326 2231 decembris,
347 2204 433 2225 anno
448 2201 572 2234 quarto.

135 2355 251 2385 (3:302

100 2417 228 2445 Ecclesia
244 2418 278 2444 de
295 2417 427 2444 Rncham
444 2418 617 2444 monasterio
639 2417 673 2443 de
688 2417 857 2451 &Vestacra⁷
874 2416 1070 2444 Norwicensis

64 2466 216 2498 dioecesis,
233 2466 409 2493 conceditur.
425 2465 508 2498 (Rae.
526 2466 573 2499 46,
591 2474 617 2492 6,
633 2466 705 2499 6182,
723 2465 742 2492 f.
763 2466 811 2492 124
828 2467 875 2498 r0.)

322 2354 680 2390 Sainte-Marie-Majeure,
699 2355 730 2381 22
748 2355 902 2381 novembre
922 2354 1011 2382 1291.-

105 2577 125 2584 ..
144 2557 276 2592 episcopo
290 2555 479 2584 Norwicensz'
496 2554 667 2584 committit
683 2558 716 2583 ut
734 2553 835 2592 priori
850 2558 880 2583 et
897 2553 1068 2583 conventui

64 2608 248 2638 monasterii
266 2607 303 2637 de
327 2609 507 2644 Westacra,
531 2617 584 2646 per
607 2607 745 2646 priorem
770 2607 856 2637 soliti
877 2606 1068 2645 gubernari,

64 2660 186 2690 ordinis
210 2661 242 2691 S.
268 2661 460 2698 Augustini,
485 2661 708 2691 Norwicensis
736 2660 905 2700 dioecesis,
931 2668 1068 2698 quorum

64 2714 294 2743 monasterium
309 2722 383 2744 casu
397 2714 526 2744 fortuito
538 2713 741 2744 combustum
754 2718 801 2743 est
813 2717 843 2743 et
855 2713 1069 2752 possessiones

60 2765 150 2804 juxta
171 2775 260 2796 mare
282 2768 360 2796 sitae
380 2776 436 2805 per
456 2775 606 2805 magnam
628 2771 750 2805 partem
771 2766 954 2796 submersae
975 2770 1066 2802 sunt,

65 2817 230 2855 ecclesiam
246 2819 284 2849 de
300 2819 446 2850 Rucham
459 2843 467 2856 ‚
485 2821 517 2849 in
536 2828 598 2858 qua
611 2820 663 2858 jus
681 2824 864 2857 patronatus
880 2818 1016 2854 habent,
1033 2818 1068 2847 in

65 2880 140 2901 usus
156 2872 294 2911 proprios
310 2873 473 2903 concedat.

106 2936 119 2951 u
140 2925 185 2954 Ex
200 2930 286 2963 parte
301 2925 526 2956 dilectorum...
543 2943 582 2946 —
601 2926 673 2955 Dat.
693 2926 804 2962 Rome,
818 2924 901 2964 apud
918 2924 1066 2955 Sanctam

68 2977 204 3007 Mariam
219 2978 382 3016 Maiorem,
399 2987 418 3007 x
434 2977 587 3008 kalendas
603 2978 792 3015 decembris,
809 2986 895 3008 anno
910 2982 1031 3016 quarto.
1051 2990 1065 3004 »

1229 379 1345 408 6:303

1193 440 1362 469 Lambertus
1373 442 1408 468 de
1424 443 1623 478 Lambertinis,
1636 447 1684 480 qui
1697 447 1853 481 prioratum
1866 448 1900 474 de
1913 449 2018 476 Sancto
2030 451 2154 486 Cesario,

1157 489 1330 517 Mutinensis
1353 492 1508 520 dioecesis.
1532 496 1697 530 usurpavit,
1718 496 1751 522 ab
1776 505 1810 523 eo
1831 502 1989 526 amovetur.
2009 499 2089 529 truso.
2106 502 2155 530 46,

1157 546 1182 564 6.
1199 539 1258 571 619,
1277 540 1295 565 f.
1315 540 1363 566 1‘24
1382 542 1429 573 ro.)

1414 380 1770 418 Sainte-Marie-Majeure‚
1789 385 1827 411 1⁰¹·
1841 385 1990 414 decembre
2007 388 2084 416 1291.

1203 641 1369 671 Vener-abui
1388 644 1482 678 fratri
1499 666 1519 674 ..
1539 646 1670 683 episcopo
1688 651 1713 675 et
1730 648 1834 677 dilecto
1850 649 1914 685 filio
1935 673 1953 678 ..
1975 651 2073 679 abbati
2095 660 2156 680 mo-

1158 695 1287 722 nasterii
1302 694 1409 724 Sancte
1423 696 1540 725 Justz‘ne
1556 698 1707 728 Paducmi.
1728 713 1738 725 α
1757 700 1986 737 significarunt
2002 703 2091 733 nobis
2106 713 2158 734 ve-

1158 746 1309 775 nerabilis
1328 747 1423 777 frater
1438 754 1545 778 noster
1562 750 1741 790 Philippus,
1761 754 1922 792 episcopus
1938 756 2155 795 Tridentinus,

1157 798 1397 829 administrator
1413 801 1444 829 111
1463 802 1680 840 spiritualibus
1697 809 1726 834 et
1743 807 1964 844 temporalibus
1982 819 2035 847 per
2050 810 2157 840 sedem

1157 852 1359 890 apostolicam
1392 855 1558 892 deputatus
1582 861 1611 885 et
1639 863 1814 888 conventus
1842 863 2025 892 monasterii
2048 863 2156 892 Sancti

1159 905 1324 936 Benedicti
1343 907 1380 936 de
1404 907 1625 946 Padolyrone‚
1645 910 1684 939 ad
1704 919 1869 942 romanam
1888 914 2050 944 ecclesiam
2070 916 2158 947 nullo

1157 957 1262 988 medio
1285 960 1490 996 pertinentis,
1512 961 1635 991 ordinis
1655 963 1761 993 Sancti
1783 965 1962 1002 Benedicti,
1984 969 2157 999 Mantuane

1157 1010 1299 1045 diocesis,
1321 1012 1416 1050 quod,
1437 1019 1567 1043 vacante
1586 1014 1660 1044 olim
1677 1017 1815 1054 prioratu
1833 1018 1870 1047 de
1887 1019 2000 1049 Sancto
2018 1021 2156 1058 Cesario,

1156 1063 1299 1100 ejusdem
1315 1065 1450 1101 ordinis,
1468 1066 1662 1097 Mutinensis
1680 1069 1826 1103 diocesis,
1846 1070 1948 1100 eidem
1968 1075 2158 1104 monasterio

1156 1116 1341 1147 immediate
1358 1127 1394 1148 ac
1410 1118 1502 1157 pleno
1515 1120 1587 1158 jure
1606 1121 1746 1160 subjecto
1762 1127 1790 1151 et
1807 1129 1957 1153 consueto
1976 1135 2030 1163 per
2045 1135 2157 1155 mona-

1155 1170 1231 1199 chos
1252 1170 1324 1199 dicti
1349 1173 1533 1202 monasterii
1555 1174 1746 1211 gubernari,
1767 1176 1990 1207 Lambertinus
2005 1179 2043 1208 de
2062 1180 2157 1209 Lam-

1156 1223 1305 1259 bertinis,
1324 1224 1460 1255 clericus
1483 1227 1714 1265 Bononiensis,
1733 1239 1766 1259 se
1787 1230 1820 1258 in
1842 1230 1924 1261 dicto
1946 1232 2084 1270 prioratu
2105 1243 2158 1271 per

1155 1276 1329 1306 secularem
1348 1280 1521 1315 potentiam
1535 1280 1655 1310 intrudi
1671 1286 1788 1312 temere
1803 1286 1992 1321 procuravit,
2006 1290 2035 1315 et
2048 1287 2158 1317 eadem

1155 1329 1253 1359 fultus
1273 1332 1410 1368 potentia
1430 1333 1603 1370 prioratum
1621 1335 1796 1372 predictum
1818 1337 1938 1367 detinet
1951 1345 2155 1377 occupatum,

1154 1383 1187 1412 in
1210 1383 1351 1421 ipsorum
1369 1385 1638 1416 administratoris
1659 1393 1688 1417 et
1709 1394 1884 1419 conventus
1900 1392 2110 1429 prejudicium
2129 1397 2158 1422 et

1154 1444 1365 1473 gravamen...
1390 1438 1544 1474 Quocirca
1568 1440 1750 1471 discretioni
1776 1448 1877 1472 vestre
1907 1453 1961 1482 per
1989 1445 2158 1482 apostolica

1155 1489 1271 1528 scripta
1307 1491 1499 1521 mandamus
1533 1494 1721 1532 quatinus...
1756 1496 1931 1534 predictum
1966 1498 2154 1528 clericum...

1154 1544 1309 1572 moneatis
1338 1548 1367 1573 et
1396 1544 1555 1576 inducatis
1585 1552 1616 1576 ut
1641 1548 1724 1577 infra
1749 1549 1846 1579 nnius
1873 1551 1992 1579 mensis
2020 1552 2155 1590 spatium

1154 1600 1221 1634 post
1238 1597 1449 1626 monitionem
1471 1598 1654 1636 hujusmodi
1675 1601 1848 1638 predictum
1870 1603 2042 1641 prioratum
2055 1626 2063 1639 ‚
2081 1612 2155 1633 cnm

1153 1650 1304 1679 omnibus
1325 1651 1452 1689 juribus
1478 1656 1507 1680 et
1526 1653 1727 1690 pertinentiis
1748 1654 1813 1684 suis
1836 1664 1871 1685 ac
1893 1656 2046 1686 fructibus
2065 1666 2101 1686 ex
2120 1665 2156 1687 eo

1153 1703 1328 1741 perceptis,
1356 1704 1426 1734 sine
1453 1705 1594 1742 qualibet
1615 1706 1800 1737 difficultate
1825 1710 1968 1739 restituat
1987 1711 2156 1749 ipsumque

1153 1756 1303 1794 predictis
1320 1757 1571 1788 administratori
1588 1764 1617 1788 et
1632 1763 1801 1790 conventui
1818 1761 1952 1792 liberum
1971 1767 2000 1792 et
2012 1764 2155 1802 quietum

1153 1808 1328 1839 dimittat...
1348 1810 1504 1849 Alioquin
1527 1812 1631 1850 ipsum
1655 1822 1689 1842 ex
1715 1819 1788 1843 tunc
1806 1824 1840 1843 ex
1864 1820 1949 1853 parte
1974 1821 2079 1846 nostra
2101 1827 2154 1856 pe-

1152 1863 1323 1901 remptorie
1344 1864 1441 1893 citare
1466 1866 1584 1894 curetis
1606 1871 1637 1895 ut
1660 1867 1743 1896 infra
1765 1877 1866 1897 unum
1889 1869 1988 1899 alium
2011 1879 2154 1900 mensem

1151 1921 1220 1953 post
1237 1916 1423 1946 citationem
1442 1923 1598 1954 vestram,
1617 1929 1688 1948 cum
1708 1921 1858 1951 omnibus
1874 1923 1967 1958 actis,
1981 1923 2107 1961 juribus
2125 1928 2156 1953 et

1151 1969 1363 1998 munimentis
1388 1970 1454 1999 suis
1479 1972 1641 2009 negotium
1667 1973 1852 2011 hujusmodi
1875 1976 2151 2013 contingentibus,

1150 2021 1357 2058 personaliter
1375 2028 1554 2061 compareat
1571 2033 1677 2054 coram
1698 2026 1806 2063 nobis,
1831 2027 1971 2057 facturus
1994 2034 2023 2057 et
2045 2038 2153 2068 recep-

1152 2078 1240 2103 turus
1253 2084 1347 2113 snper
1360 2076 1522 2113 premissis
1534 2078 1617 2115 quod
1631 2078 1707 2108 ordo
1721 2079 1888 2109 dictaverit
1902 2082 2043 2110 rationis.
2061 2083 2151 2111 Diem

1150 2135 1224 2156 vero
1249 2128 1408 2158 citationis
1432 2133 1462 2158 et
1486 2129 1619 2159 formam
1644 2136 1673 2160 et
1694 2132 1845 2171 quicquid
1871 2143 1965 2172 super
1990 2136 2152 2172 premissis

1150 2179 1305 2209 duxeritis
1321 2181 1502 2211 faciendum
1521 2183 1611 2213 nobis
1627 2193 1683 2222 per
1699 2189 1817 2214 vestras
1834 2186 1954 2215 litteras
1970 2187 2083 2217 harum
2102 2198 2151 2218 se—

1150 2232 1230 2262 riem
1254 2234 1454 2264 continentes
1477 2235 1614 2266 fideliter
1634 2237 1799 2267 intimetis.
1826 2239 1897 2268 Dat.
1925 2240 2044 2278 Rome,
2069 2242 2152 2280 apud

1150 2285 1299 2315 Sanctam
1326 2287 1462 2316 Mariam
1488 2289 1658 2327 Majorem,
1681 2290 1828 2321 kalendis
1850 2292 2042 2330 decembris,
2066 2303 2152 2325 anno

1150 2344 1272 2376 quarto.
1293 2351 1305 2366 n

1185 2497 1436 2526 6304-(3314
1474 2499 1824 2535 Sainte-Marie-Majeure.
1842 2504 1870 2529 15
1883 2503 2033 2530 decembre
2048 2505 2121 2531 1291.

1184 2558 1341 2585 Concessio
1356 2559 1566 2588 tabellionatus.
1584 2562 1667 2595 (Rae.
1683 2563 1726 2597 46,
1738 2571 1764 2590 c.
1781 2564 1842 2598 6⁶20,
1859 2564 1877 2591 f.
1897 2564 1946 2592 124
1963 2568 2010 2598 νο.)

1189 2661 1296 2690 Dilecto
1314 2661 1380 2698 filio
1401 2662 1570 2692 ιΙαιίίοαείῐο
1591 2665 1744 2694 [rivalloni
1759 2664 1834 2695 dicti
1851 2666 1927 2695 Socii
1943 2668 1976 2696 de
1996 2669 2146 2702 Erdeven,

1150 2714 1272 2750 clerico,
1293 2715 1325 2743 in
1346 2716 1514 2745 minoribus
1532 2717 1690 2747 ordinibus
1707 2721 1883 2755 constituto,
1907 2721 2068 2750 Venecensfs
2085 2722 2148 2750 ‹lin-

1149 2767 1237 2803 cesis,
1256 2766 1395 2796 officium
1413 2767 1652 2805 tabellionatus,
1670 2770 1709 2799 ad
1725 2772 1809 2809 qnod
1826 2781 1881 2809 per
1897 2774 2062 2810 magistros
2077 2773 2149 2803 Cle-

1149 2818 1252 2848 ricum
1274 2819 1312 2848 de
1339 2818 1439 2855 Pisis,
1460 2819 1648 2859 Remensis,
1672 2826 1702 2852 et
1727 2824 1925 2863 Raynerium
1952 2826 1988 2855 de
2010 2826 2146 2863 Casulis,

1149 2871 1343 2901 Vulteranae
1373 2872 1578 2904 ecclesiarum
1608 2876 1796 2912 canonic)s‚
1825 2877 2003 2916 capellanos
2036 2888 2144 2917 papae,

1148 2924 1283 2954 idoneus
1300 2924 1361 2954 fuit
1377 2929 1528 2964 repertus,
1544 2928 1700 2958 concedit.

1190 2989 1205 3004 «
1229 2977 1277 3007 Ne
1301 2982 1520 3010 contractuum
1545 2982 1737 3014 memoria...
1763 2999 1801 3006 —
1830 2984 1898 3013 Dat.
1927 2985 2041 3023 Rome,
2065 2986 2148 3024 apud
