2393 3496
181 294 238 324 022
928 289 1163 321 REGISTRES
1183 289 1238 319 DE
1260 288 1444 318 NICOLAS
1465 289 1521 319 JV.

252 360 371 388 8108
659 358 789 387 Orvieto,
807 357 839 383 30
855 356 1015 391 septembre
1034 356 1111 383 1291,

215 440 236 450 ..
256 422 392 456 episcopo
408 420 640 453 Mei-seburgensi
661 418 773 444 mandat
794 422 823 444 ut
840 417 1012 448 Heni-icum.
1031 418 1182 443 Albertum

179 473 208 497 et
222 469 409 496 W'ilhelmum
427 469 537 499 fratres,
557 469 644 493 duces
665 467 700 492 de
720 466 917 496 bruneswich,
938 474 1096 499 eorumque
1113 473 1183 491 con-

180 520 341 543 tet-vatores
362 519 473 541 moneat
497 518 525 540 ut
552 513 708 539 Innocentii
725 516 752 538 et
775 512 929 539 Alexandri
947 521 1082 547 paparum
1104 513 1181 538 litte-

181 573 226 591 ras
245 564 351 598 quibus
374 571 471 588 eorum
498 561 676 595 genitoribus
701 561 841 587 indultum
865 566 909 587 est
935 566 964 587 ut
987 561 1041 595 ipsi
1063 565 1091 587 et
1116 561 1181 593 filii,

181 620 284 638 uxores
307 617 334 637 et
357 610 490 641 heredes,
511 618 559 643 per
586 610 712 635 locorum
738 610 912 639 ordinarios,
931 610 1092 643 delegatos,
1110 610 1182 635 snb-

179 660 323 693 delegatos
339 659 416 684 sedis
436 658 608 692 apostolicae
629 658 880 684 excommunicare
905 667 959 684 non
985 659 1096 693 possint
1119 659 1182 684 sine

178 708 293 742 speciali
321 706 451 732 mandato
475 706 554 731 sedis
577 707 751 738 apostolicae
773 706 941 740 exhibeant,
963 707 1082 741 ipseque
1103 706 1181 741 epis-

178 763 267 788 copus
289 762 338 780 eas
360 754 511 780 transcribi
536 754 619 780 faciat
642 758 670 780 et
693 755 943 789 transcriptionem
969 755 1121 789 sigillatam
1147 755 1181 781 ad

178 803 339 836 pontificem
360 802 462 828 mittat.
479 802 561 836 (lieo.
579 802 623 834 -tss,
640 811 665 829 c.
683 803 744 834 529,
767 803 786 830 f.
808 803 855 830 105
872 809 915 836 r0;
937 803 1052 836 Portu..
1070 803 1181 836 23841.)

218 926 238 933 ..
253 904 386 941 episcopo
401 904 618 942 Meleburyensi
631 904 689 944 (1).

216 967 230 983 ι
249 955 312 986 Sua
328 956 421 986 nobis
439 957 672 988 venerabiles...
696 974 735 980 -—-
762 958 833 988 Dat.
861 958 944 997 apud
972 958 1181 990 Urbemvete-

175 1017 243 1039 rem
255 1032 262 1044 ,
283 1019 304 1039 n
322 1009 476 1040 kalendas
490 1011 638 1048 octobris,
655 1019 741 1041 anno
758 1016 881 1051 quarto.
902 1023 915 1038 ι

245 1181 504 1210 (nov-8108

211 1242 395 1278 Dispensatio
410 1243 591 1270 residentiae.
609 1243 693 1275 (Rau.
711 1244 754 1277 46,
771 1252 797 1271 c.
816 1245 877 1276 530,
895 1245 915 1272 f.
934 1245 984 1272 105
999 1247 1046 1278 1⁸⁰.)

701 1181 828 1214 Orvieto‚
847 1183 885 1208 μ’
899 1183 1015 1209 octobre
1032 1183 1110 1210 1291.

221 1346 385 1375 Venerabili
398 1346 496 1382 fratri
507 1346 547 1382 .Ι.,
559 1347 693 1384 episcopo
704 1347 880 1383 Mor-mensi,
894 1347 1042 1385 indulget
1057 1352 1091 1378 ut
1106 1357 1183 1387 qua-

174 1402 244 1428 tuor
266 1398 374 1429 clerici
393 1399 462 1437 ejus
485 1399 647 1438 obsequiis
667 1399 854 1430 insistentes
878 1400 1019 1438 fructus,
1039 1401 1183 1432 redditus

173 1455 204 1482 et
218 1456 390 1491 proventus
410 1452 641 1483 beneficiorum
666 1462 798 1484 suorum
820 1453 1109 1485 ecclesiasticorum
1126 1465 1184 1495 per

173 1505 422 1544 quadriennium
439 1505 565 1544 integre
579 1507 740 1546 percipere
752 1506 889 1545 valeant,
906 1512 1060 1548 tanquam
1073 1509 1101 1539 si
1116 1519 1182 1548 per-

173 1558 324 1588 sonaliter
340 1559 519 1588 residerent
535 1559 569 1589 in
589 1559 734 1590 ecclesiis
752 1561 787 1590 in
807 1561 924 1600 quibus
941 1562 1011 1601 ipsa
1025 1563 1185 1594 beneficia

172 1614 359 1641 consistunt.

213 1676 226 1691 α
246 1664 396 1695 Volentes
408 1670 495 1695 tuam
512 1667 585 1697 in...
603 1683 642 1689 —
654 1668 726 1698 Dat.
742 1669 827 1707 apud
840 1669 1115 1707 Urbemveterem,
1128 1670 1184 1701 ka-

171 1718 277 1749 lendis
292 1719 428 1749 octobris
439 1743 446 1755 ,
465 1728 551 1750 anno
566 1724 689 1760 quarto.
707 1734 721 1749 ιι

212 1771 250 1801 In
267 1781 294 1802 e.
310 1781 353 1802 m.
376 1796 396 1802 ..
415 1773 520 1803 abbati
537 1775 724 1805 monasterii
741 1775 851 1806 Sancti
868 1776 1011 1807 Cornelii
1027 1777 1184 1818 Compen-

170 1824 305 1862 diensis,
323 1848 344 1855 ..
366 1826 487 1858 decano
504 1827 613 1858 Sancti
629 1829 781 1865 Quintini
795 1829 830 1859 in
846 1830 1060 1862 Viromandia
1081 1832 1181 1864 eccle-

171 1878 251 1915 siae,
278 1878 521 1910 Suessionensis
548 1885 579 1911 et
608 1882 838 1913 Noviomensis
864 1884 1074 1923 dioecesium,
1098 1895 1135 1916 ac
1160 1910 1179 1917 ..

169 1932 415 1970 poenitentiario
438 1934 668 1965 Ambianensis
693 1935 844 1966 ecclesiae
862 1938 993 1967 mandat
1009 1943 1044 1968 ut
1060 1939 1181 1970 eisdem

170 1984 292 2014 clericis
304 1991 476 2024 proventus
485 1996 615 2018 suorum
627 1988 859 2020 beneficiorum
868 1990 994 2029 integre
1003 1992 1181 2023 ministrari

169 2038 296 2070 faciant.

212 2103 225 2118 α
244 2091 393 2122 Volentes
410 2102 577 2132 personam
597 2095 830 2128 venerahilis...
847 2115 885 2119 —
900 2097 972 2128 Dat.
991 2104 1026 2128 ut
1040 2109 1146 2138 supra.
1163 2113 1178 2128 »

241 2263 427 2292 8109-(31
437 2265 492 2294 10

207 2323 347 2352 Vassallis
363 2326 602 2361 Salzeburgensis
617 2329 758 2357 ecclesiae
779 2332 895 2359 mandat
910 2337 941 2360 ut
959 2335 1177 2372 archiepiscopo

170 2381 224 2400 suo
239 2374 383 2402 obediant.
403 2376 483 2407 (Res.
505 2377 553 2411 46,
575 2386 600 2404 c.
619 2378 680 2412 531,
699 2379 718 2406 f.
742 2380 792 2407 105
812 2388 853 2413 r⁰;
872 2381 992 2416 Pori-11..
1009 2384 1121 2419 23827.)

649 2266 781 2300 Orvieto,
797 2269 831 2296 22
847 2271 1011 2305 septembre
1028 2272 1107 2301 1291.

209 2476 328 2506 Dilectis
341 2478 416 2514 filiis
431 2480 582 2508 nobilibus
598 2482 677 2510 viris
694 2482 859 2513 baronibus
870 2507 879 2521 ‚
901 2486 1177 2526 ministerialibus,

169 2530 343 2559 castellanis
371 2536 398 2560 ec
422 2533 691 2563 communitatibus
712 2537 848 2566 civitatis
876 2537 1129 2578 Salzeburqensis
1152 2548 1180 2572 et

168 2587 339 2612 castrorum
356 2593 390 2613 ac
406 2586 587 2622 oppidorum
603 2587 642 2615 ad
657 2588 809 2618 ecclesiam
822 2590 1085 2631 Salzeburyensem
1097 2604 1178 2633 spec-

169 2638 313 2674 tantium,
332 2638 472 2676 quicum
491 2638 629 2679 Othone,
647 2640 726 2671 duce
746 2642 908 2681 Bavariae,
928 2648 1177 2686 conjurationes,

168 2690 459 2721 confoederationes
484 2697 514 2722 et
535 2697 622 2731 pacta
644 2695 802 2732 inierunt,
826 2698 1052 2740 civitatemque
1074 2702 1177 2733 Salze-

168 2743 374 2782 burgensem,
392 2750 492 2775 castra
508 2747 665 2786 etoppida
681 2749 720 2778 ad
738 2751 1012 2792 archiepiscopum
1029 2759 1059 2784 et
1077 2756 1178 2786 eccle-

168 2796 250 2826 siam
266 2798 460 2836 pertinentia
476 2799 578 2830 eidem
597 2800 671 2831 duci
682 2802 912 2843 submiserunt,
930 2807 1062 2838 mandat
1075 2813 1109 2838 ut
1121 2809 1178 2841 illa

200 2917 233 2947 (1)
250 2917 288 2941 La
309 2919 467 2943 rubricelle.
486 2926 519 2942 en
536 2920 600 2943 haut
618 2922 650 2945 de
667 2922 692 2945 la
707 2930 813 2954 marge,
827 2925 918 2951 donno
939 2928 1001 2952 bien
1019 2931 1176 2955 Meu-sebur-

167 2968 256 2990 907181.

1265 359 1354 392 pacta
1385 354 1568 384 nullatenus
1598 355 1784 391 observent,
1815 354 1870 384 sed
1901 353 2006 384 eidem
2034 353 2270 394 archiepiscopo

1266 411 1416 446 tanquam
1434 416 1490 437 suo
1508 407 1674 446 temporali
1689 408 1820 438 domino
1837 407 1999 437 obediant.

1307 471 1320 486 ι
1338 459 1429 489 Circa
1444 468 1554 490 curam
1569 460 1822 499 quarumlibet...
1839 477 1878 483 —
1900 460 1972 489 Dat.
1994 459 2078 499 apud
2094 460 2270 492 Urbemve-

1265 516 1377 548 terem,
1394 522 1412 542 x
1428 512 1582 543 kalendas
1597 513 1750 550 octobris,
1767 521 1853 543 anno
1870 518 1994 552 quarto.
2015 525 2026 538 ι

1306 566 1343 595 In
1358 576 1384 595 e.
1403 575 1445 595 m.
1465 588 1485 596 ..
1502 566 1699 605 patriarchae
1713 566 1926 605 Aquilegensi
1938 565 2069 595 mandat
2085 569 2119 595 ut
2133 565 2270 605 praedic»

1266 623 1312 649 tos
1327 618 1366 648 ad
1382 618 1584 658 implendum
1602 620 1789 649 mandatum
1808 619 2016 659 apostolicum
2032 618 2211 658 compellat.

1335 818 1389 846 61
1402 819 1590 847 11-6112

1302 881 1375 908 Duci
1401 881 1538 908 Bavariae
1565 881 1679 908 mandat
1705 885 1735 908 ut
1763 902 1781 909 ..
1809 881 2027 916 archiepiscopo
2052 880 2271 916 Salzeburgensi
2299 867 2313 913 '⁷

1264 934 1372 965 partein
1389 931 1514 957 civitatis
1530 930 1768 965 Salzeburgensis
1781 934 1810 957 et
1831 930 1971 965 quaedam
1990 931 2044 957 alia
2070 930 2273 965 possessiones

1263 983 1291 1005 et
1305 980 1371 1014 jura
1388 980 1528 1006 restituat.
1551 980 1631 1013 (Rea.
1651 980 1695 1010 46,
1708 988 1734 1007 c.
1747 979 1809 1014 532,
1826 980 1845 1006 1“.
1866 980 1914 1006 105
1931 985 1977 1011 νο;
1996 978 2113 1011 Purra..
2131 978 2239 1014 23826.)
2276 1012 2279 1015 ¹

1747 817 1878 849 Orvieto.
1894 817 1928 845 22
1944 818 2107 853 septembre
2124 817 2202 846 1291.

1306 1082 1414 1111 Dilecto
1430 1082 1496 1119 filio
1511 1083 1607 1111 nobili
1621 1083 1688 1111 viro
1707 1082 1820 1117 octoni,
1837 1082 1909 1111 duci
1924 1082 2073 1111 Bawarie.

1307 1147 1321 1162 α
1339 1135 1486 1165 Graviter
1496 1144 1549 1165 cor
1561 1140 1746 1166 nostrum...
1757 1151 1798 1158 —
1812 1135 1884 1165 Dat.
1896 1134 1980 1174 apud
1997 1134 2272 1173 Urbemveterem,

1267 1198 1285 1219 x
1303 1189 1458 1219 kalendas
1473 1189 1625 1225 octobris,
1641 1197 1728 1219 anno
1747 1193 1872 1227 quarto.
1891 1200 1904 1215 n

1307 1242 1347 1272 In
1367 1251 1395 1272 e.
1413 1251 1458 1272 m.
1479 1265 1500 1272 ..
1521 1242 1720 1281 patriarchae
1737 1241 1951 1280 Aquilegensi
1964 1241 2096 1271 mandat
2110 1245 2155 1278 ut,
2171 1241 2197 1271 si
2211 1241 2273 1272 dux

1269 1296 1423 1327 Bavariae
1441 1296 1629 1326 mandatum
1651 1295 1859 1334 apostolicum
1884 1303 1948 1325 non
1968 1293 2119 1334 impleat,
2145 1303 2220 1325 eum
2234 1294 2274 1325 ad

1264 1350 1296 1381 id
1315 1359 1371 1389 per
1385 1359 1555 1391 censuram
1571 1349 1777 1389 apostolicam
1793 1347 1974 1388 compellat.

1336 1551 1455 1580 6113

1300 1613 1487 1650 Dispensatio
1502 1622 1591 1649 super
1606 1614 1766 1649 pluralitate
1780 1613 1998 1640 beneficiorum.
2015 1612 2099 1646 (Rae.
2117 1612 2160 1645 ⁴6.
2173 1619 2200 1640 c.
2213 1611 2274 1646 533,

1264 1665 1284 1694 f.
1303 1665 1353 1692 106
1369 1664 1416 1699 ro.)

1752 1549 1880 1583 Orvieto,
1898 1549 1930 1576 19
1945 1548 2109 1584 septembre
2125 1547 2203 1576 1291.

1304 1768 1447 1804 Magistro
1460 1767 1567 1795 Pontio
1583 1767 1618 1795 de
1633 1767 1791 1802 Narbona,
1809 1767 1973 1802 utriusque
1987 1764 2074 1801 Juris
2093 1765 2274 1803 professori.

1263 1820 1433 1859 pret-emori
1449 1820 1566 1850 ecclesie
1580 1818 1742 1857 Aquensis.
1761 1817 1843 1848 Cum
1859 1826 1896 1848 eo
1910 1840 1917 1853 ‚
1941 1826 2015 1848 cum
2030 1825 2094 1857 quo
2115 1816 2194 1848 olim
2209 1817 2276 1847 dis-

1264 1873 1409 1912 pensavit
1424 1877 1458 1903 ut
1472 1872 1726 1912 praecentoriam
1741 1871 1900 1911 Aquensis
1913 1870 2077 1908 ecclesiae,
2089 1878 2200 1901 curam
2210 1879 2275 1901 non

1264 1928 1448 1964 habentem,
1467 1925 1633 1956 ecclesiam
1649 1925 1758 1956 Sancti
1782 1925 1927 1964 Eutropii
1942 1925 2203 1962 Aurasicensem,
2221 1933 2277 1955 cu—

1263 1990 1332 2011 ram
1346 1980 1529 2015 habentem,
1546 1979 1752 2009 canonicatus
1769 1983 1800 2008 et
1821 1978 2019 2017 praebendas
2039 1987 2096 2009 seu
2119 1978 2276 2009 beneficia

1263 2034 1331 2065 loco
1348 2033 1602 2074 praebendarum
1617 2032 1783 2063 canonicis
1803 2031 1983 2071 Aquensis,
2008 2031 2275 2071 Carpentoraten-

1261 2090 1304 2119 sis
1321 2093 1352 2118 et
1366 2087 1593 2118 Cavallicensis
1612 2086 1819 2117 ecclesiarum
1832 2085 1924 2116 solita
1938 2086 2088 2122 conferri,
2105 2085 2274 2116 canonica-

1261 2148 1328 2173 tum
1344 2141 1497 2172 ecclesiae
1514 2140 1726 2171 Massiliensis
1742 2143 1772 2170 et
1795 2139 1964 2170 ecclesiam
1988 2138 2098 2170 Sancti
2119 2138 2275 2179 Stephani

1257 2196 1296 2226 de
1306 2195 1491 2232 Cortolesio‚
1500 2194 1797 2234 Carpentoratensis
1809 2193 1977 2230 dioecesis,
1990 2192 2126 2223 insimul
2136 2192 2275 2223 retinere

1258 2253 1372 2289 posset,
1393 2248 1684 2287 rursusdispensat
1705 2251 1754 2284 ut,
1774 2247 1911 2276 dimissa
1928 2246 2068 2286 praefata
2090 2250 2276 2285 praecento-

1258 2303 1319 2340 ria,
1336 2302 1433 2332 aliam
1454 2301 1644 2339 dignitatem
1660 2310 1715 2331 seu
1730 2304 1938 2340 personatum
1955 2299 2097 2339 recipere
2113 2298 2227 2331 valeat.

1301 2368 1314 2383 α
1339 2356 1408 2386 Etsi
1426 2354 1617 2395 pretermitti
1641 2363 1744 2385 non...
1762 2371 1801 2376 —
1818 2354 1888 2383 Dat.
1905 2353 1990 2392 apud
2007 2353 2274 2384 Urbemveterem

1259 2418 1314 2440 xm
1333 2409 1488 2440 kalendas
1507 2408 1655 2445 octobris,
1672 2415 1759 2438 anno
1782 2410 1906 2446 quarto.
1924 2418 1940 2433 »

1330 2601 1451 2629 8114

1296 2663 1438 2698 Episcopo
1462 2662 1625 2690 Florentino
1641 2663 1757 2690 mandat
1772 2666 1804 2690 ut
1825 2663 1930 2689 fratres
1945 2662 1980 2688 de
2001 2661 2184 2689 poenitentia
2197 2660 2271 2688 Jesu

1258 2711 1365 2739 Christi
1381 2712 1564 2740 Florentinos
1580 2721 1683 2739 vexare
1705 2716 1811 2740 cesset.
1829 2712 1915 2746 (Rao.
1932 2711 1976 2744 46,
1993 2719 2019 2738 c.
2033 2710 2100 2742 534,
2116 2710 2137 2738 f.
2156 2710 2206 2738 106
2223 2717 2268 2742 vu

1258 2760 1377 2793 Pomm,
1394 2762 1505 2795 23823.)

1745 2599 1873 2631 Orvieto,
1889 2599 1923 2627 20
1939 2599 2104 2635 septembre
2121 2597 2200 2626 1291.

1306 2864 1471 2894 Venerabili
1487 2866 1585 2902 fratri
1600 2888 1620 2896 ..
1637 2866 1770 2904 episcopo
1787 2864 1976 2894 Florentino.

1300 2929 1314 2946 ιι
1331 2918 1381 2947 Ad
1397 2918 1597 2949 audientiam
1614 2923 1793 2950 nostram...
1810 2934 1848 2940 —
1863 2917 1935 2947 Dat.
1957 2916 2041 2956 apud
2056 2915 2268 2947 Urbemvete-

1257 2979 1338 3008 rem,
1354 2980 1396 3001 xn
1412 2971 1566 3003 kalendas
1581 2972 1730 3010 octobris,
1748 2979 1834 3002 anno
1848 2975 1971 3011 quarto.
1993 2981 2007 2998 »
