2393 3496
653 310 906 354 QUATRIEME
927 307 1084 348 ΑΝΝΕΕ.
1109 334 1145 338 -
1168 318 1354 348 LETTRns
1376 319 1601 350 cuniAffls.
2116 324 2169 354 901

154 384 262 413 6281

121 446 161 473 De
175 446 273 472 eodem
290 446 414 479 negotio.
432 446 514 479 (Rea.
532 447 574 480 46,
591 455 616 474 c.
635 447 676 478 54,
694 448 712 474 f.
734 448 781 474 175
797 449 844 480 νο.)

662 384 788 419 Orvieto,
806 385 839 411 ‘25
853 386 919 411 aout
938 385 1014 411 1‘291.

126 535 243 564 Eisdem
256 534 436 564 facultatem
456 535 601 565 concedit
622 535 720 565 dandi
738 535 891 574 apocham
909 535 974 573 regi
991 536 1089 564 Fran-

88 588 152 618 ciae
167 587 195 616 si
212 587 265 616 ille
284 587 425 618 decimae
444 589 612 626 pecuniam
630 589 708 627 ipsis
724 589 946 626 assignaverit.

126 653 140 668 «
161 640 289 670 Dudum
311 641 394 671 clare
412 642 605 671 memorie...
624 658 664 664 —-
683 643 753 671 Dat.
775 641 857 680 apud
876 642 1086 672 Urbemvete-

87 703 161 732 rem,
179 703 234 723 vni
253 693 405 723 kalendas
424 695 621 733 septembris,
639 704 724 724 anno
741 699 862 733 quarto.
883 706 897 720 »

154 845 401 874 aasz-{3283

119 907 282 934 Januenses
304 912 331 934 et
353 907 480 935 Venetos
501 909 631 935 hortatur
653 912 683 935 ut
706 917 802 943 pacem
829 909 902 934 inter
923 917 954 934 se
976 909 1090 934 firment

658 846 790 880 Orvieto,
808 847 838 873 13
855 848 921 873 aoi‘it
941 846 1016 873 1‘291.

87 965 175 992 neque
192 957 267 983 ullus
283 966 381 983 eorum
398 958 425 983 in
447 957 532 984 terris
548 958 665 984 soldano
682 957 822 991 subjectis
843 958 1031 984 mercationes
1047 957 1088 983 fa-

86 1007 148 1035 ciat.
163 1007 245 1039 (Rau.
264 1007 307 1041 46,
324 1015 349 1034 c.
365 1007 408 1039 55,
427 1007 446 1033 f,
467 1007 516 1033 175
535 1014 578 1038 1·⁰;
599 1007 713 1041 Purra„
729 1007 838 1040 2377‘2.)

123 1097 238 1126 Dilectis
258 1096 333 1133 filiis
355 1118 374 1125 ..
394 1098 548 1133 potestati,
570 1119 589 1125 ..
615 1097 801 1133 capitaneis,
824 1096 947 1125 consilio
965 1102 989 1126 et
1008 1105 1087 1125 com-

84 1151 172 1179 muni
192 1149 407 1178 JanuensibuS.
434 1148 494 1178 Eos
516 1154 603 1186 rogat
628 1154 660 1178 ut
681 1149 764 1178 inter
787 1158 819 1178 se
842 1149 979 1178 invicem
1004 1150 1088 1188 pacis

85 1202 207 1233 foedera
230 1207 260 1231 et
282 1201 462 1240 specialiter
481 1211 553 1231 cum
578 1203 740 1231 communi
764 1203 957 1232 Venetorum
979 1212 1086 1241 pacem

83 1255 258 1286 autsaltem
277 1259 418 1292 treugam
433 1254 529 1293 longo
548 1260 686 1294 tempore
703 1256 887 1284 duraturam
904 1256 1043 1291 firment,
1059 1260 1088 1285 et

84 1313 222 1339 statuant
238 1313 271 1338 ut
288 1308 396 1338 nullus
412 1309 593 1339 concivium
612 1318 740 1338 suorum
761 1321 773 1335 ιι
789 1309 827 1338 ad
845 1313 942 1338 terras
958 1309 1088 1339 soldano

84 1361 236 1400 sthectas
254 1361 399 1395 accedat,
418 1361 628 1391 mercationes
650 1361 772 1400 aliquas
794 1362 887 1398 ferri,
905 1371 1086 1398 armorum,

83 1414 294 1453 lignaminum
329 1414 379 1444 vel
411 1414 547 1444 aliarum
582 1424 688 1445 rerum
719 1415 935 1453 quarumlibet
969 1416 1089 1445 deserat

83 1468 146 1498 sive
172 1468 295 1502 mittat,
324 1468 449 1506 sibique
478 1468 527 1497 vel
553 1468 619 1497 suis
646 1473 761 1507 prestet
785 1469 941 1498 auxilium
967 1468 1015 1498 vel
1041 1469 1086 1498 sa-

84 1529 200 1551 vorem.
217 1533 231 1547 ›)

124 1586 136 1601 α
158 1574 234 1604 Dire
249 1574 474 1604 amaritudinis
491 1574 660 1604 calicem...
676 1591 714 1597 —
728 1575 799 1604 Dat.
814 1575 896 1613 apud
910 1575 1087 1605 Urbcmve-

86 1633 193 1665 terem,
213 1627 316 1657 idibus
331 1628 469 1665 augusti,
489 1636 574 1657 auno
589 1633 711 1667 quarto.
736 1641 747 1653 υ

122 1681 160 1711 10
174 1690 199 1710 e.
217 1690 260 1710 m.
281 1703 302 1710 ..
319 1681 404 1717 duci,
419 1681 551 1711 consilio
565 1685 594 1711 et
610 1682 775 1711 communi
790 1682 997 1712 Venetorum.
1015 1683 1086 1712 Dat.

86 1738 235 1774 utsupra.

151 1888 402 1917 (sesan-6288

116 1951 309 1979 Gravissimas
333 1959 439 1985 poenas
463 1951 562 1977 statuit
585 1953 684 1977 contra
707 1958 757 1976 eos
779 1950 828 1984 qui
851 1950 1035 1976 mercimonia
1058 1950 1086 1976 in

83 2001 141 2027 loca
157 2000 380 2027 Sarracenorum
404 2003 495 2025 terrae
512 1999 616 2034 Egypti
637 1999 753 2025 tulerint
776 1999 819 2025 vel
835 2008 870 2025 ex
890 1999 934 2025 eis
953 2002 1087 2033 exporta-

82 2049 181 2076 verint.
199 2048 281 2082 (nso.
298 2048 341 2080 46,
359 2056 383 2074 c.
402 2048 444 2079 56,
461 2048 482 2074 f.
500 2048 549 2074 176
567 2048 614 2080 r0.)

661 1886 788 1921 Orvieto‚
803 1887 837 1914 23
852 1888 920 1913 aodt
936 1887 1015 1914 1291.

120 2139 162 2167 Ad
175 2142 351 2176 perpetuam
367 2137 411 2166 rei
428 2138 619 2166 memoriam.
642 2148 654 2163 α
673 2136 758 2166 Olim
780 2140 842 2165 tam
860 2136 892 2165 111
905 2135 1083 2174 generali...

84 2190 148 2221 Nos
164 2198 289 2229 quoque
300 2194 447 2227 gerentes
458 2189 543 2219 cordi
557 2189 720 2227 negotium
733 2189 814 2219 dicte
831 2193 922 2225 terre,
937 2189 1086 2219 duximus

82 2243 233 2274 hactenus
258 2242 462 2272 statuendum
488 2247 521 2273 ut
542 2242 650 2272 nullus
670 2252 774 2279 arma,
799 2251 896 2281 equos
911 2266 918 2279 ,
943 2243 1083 2278 ferrum,

84 2296 275 2335 lignamina,
301 2295 453 2326 victualia
469 2300 498 2325 et
513 2295 575 2325 alia
598 2304 800 2334 quecumque
823 2296 1032 2325 mercimonia
1051 2296 1085 2325 in

84 2349 309 2381 Alexandriam
339 2349 389 2379 vel
414 2349 477 2379 alia
504 2349 572 2380 loca
599 2349 845 2380 Sarracenorum
877 2354 958 2379 terre
982 2350 1087 2389 Egipti

83 2403 203 2434 deferre
228 2403 277 2433 vel
300 2403 440 2438 mittere,
465 2412 520 2432 seu
543 2403 582 2432 de
602 2402 755 2441 portubus
778 2411 888 2432 eorum
910 2407 944 2432 ut
965 2402 1086 2432 eisdem

83 2456 264 2487 deferantur
279 2456 443 2486 extrahere
461 2455 510 2486 vel
529 2456 651 2486 extrahi
676 2456 858 2495 permittere
874 2460 928 2485 aut
945 2456 989 2486 eis
1006 2455 1086 2486 alias

83 2509 236 2539 auxilium
254 2509 302 2538 vel
320 2509 459 2539 favorem
477 2513 616 2547 prestare
633 2517 761 2548 quoquo
777 2509 871 2539 modo
886 2513 1084 2548 presumant.

82 2564 127 2592 Ac
148 2562 220 2592 illos
235 2562 291 2601 qui
314 2567 421 2592 contra
448 2561 633 2601 hujusmodi
659 2562 919 2592 constitutionem
946 2565 1085 2591 nostram

82 2623 159 2645 ausu
178 2615 346 2645 temerario
365 2615 477 2644 venire
494 2615 720 2653 temptaverint
737 2624 772 2645 eo
787 2616 853 2654 ipso
870 2615 1086 2644 excommuni-

83 2669 213 2699 cationis
231 2669 388 2699 sententie
405 2669 604 2698 decrevimus
623 2669 802 2707 subjacere,
823 2678 840 2697 a
857 2677 918 2706 qua
938 2676 1001 2697 non
1020 2676 1087 2706 pos-

83 2723 145 2752 sint
159 2723 278 2753 absolvi
297 2723 361 2752 nisi
385 2726 507 2752 tantum
526 2723 565 2752 de
587 2722 679 2752 bouis
696 2722 832 2761 propriis
849 2722 884 2751 in
904 2722 985 2751 dicte
1005 2726 1086 2751 terre

83 2775 258 2806 subsidium
282 2775 534 2806 convertendum
559 2775 735 2805 exolverint
753 2779 910 2813 quantum
927 2774 965 2803 ad
984 2778 1087 2813 partes

83 2828 235 2866 predictas
251 2828 425 2858 detulerint
442 2827 493 2858 vel
510 2828 655 2857 miserint
670 2832 725 2856 aut
741 2827 863 2857 deferre
881 2826 930 2857 vel
948 2827 986 2856 de
1002 2827 1086 2866 ipso-

83 2886 154 2910 rum
170 2882 321 2920 portubus
337 2881 461 2911 extrahi
479 2880 915 2919 permiserintdeferendum.
937 2880 973 2909 Et
985 2879 1088 2909 1110111-

84 2933 223 2964 lominus
239 2936 264 2964 si
279 2944 428 2974 personas
446 2943 558 2964 eorum
572 2934 640 2972 capi
658 2934 832 2971 contingat,
852 2934 883 2962 in
901 2933 1087 2962 servitutem

86 2992 115 3017 et
129 2994 290 3026 capturam
307 2988 434 3019 illorum
453 2997 520 3017 esse
534 2987 696 3017 voluimus
710 2987 743 3016 in
762 2995 897 3025 quorum
915 2985 1088 3016 ceciderint

1169 385 1362 423 captionem.
1388 386 1538 417 Volentes
1556 391 1663 416 autern
1682 391 1766 417 tanto
1786 387 1817 416 in
1842 387 1900 417 hac
1919 393 2005 426 parte
2029 390 2174 421 solertius

1170 437 1335 475 providere
1359 443 1478 477 quanto
1501 440 1638 479 amplius
1662 439 1721 470 hoc
1744 440 1869 478 exigere
1895 442 2035 471 noscitur
2057 452 2173 480 urgens

1170 490 1341 520 necessitas
1356 491 1438 521 dicte
1459 497 1539 522 terre
1554 516 1559 527 ,
1577 493 1748 532 apostolica
1760 494 1944 524 auctoritate
1960 496 2129 525 statuimus
2143 501 2174 526 ut

1170 542 1278 571 nullus
1304 544 1435 573 0111111110
1460 544 1568 583 aliqua
1594 545 1742 575 victualia
1771 546 1809 575 ad
1840 546 2030 576 decennium
2059 558 2076 577 a
2103 548 2175 578 data

1170 596 1367 632 presentium
1386 598 1648 635 computandum,
1665 599 1726 628 alia
1744 608 1817 629 vero
1831 600 1970 638 predicta
1986 601 2034 630 vel
2047 601 2174 640 aliquod

1171 656 1223 676 seu
1241 648 1348 687 aliqua
1371 650 1409 678 de
1432 650 1552 679 eisdem
1575 655 1629 680 aut
1651 651 1738 681 aliud
1759 653 1940 690 quodlibet,
1964 654 2173 691 victualibus,

1171 700 1252 729 sicut
1270 702 1473 739 premittitur,
1494 712 1593 741 usque
1612 704 1649 732 ad
1674 705 1847 742 predictum
1870 710 1993 745 tempus
2011 707 2175 737 dumtaxat

1171 754 1323 790 exceptis,
1342 763 1543 793 quacumque
1559 758 1723 787 occasione
1740 758 1787 787 vel
1806 768 1899 788 causa
1918 769 1971 789 seu
1991 762 2102 799 quovis
2120 762 2173 790 in-

1170 805 1266 842 genio
1299 806 1347 835 vel
1377 807 1481 837 colore
1516 809 1640 847 quesito
1654 832 1662 846 ‚
1701 809 1764 840 ullo
1797 821 1937 850 unquam
1971 818 2109 853 tempore
2140 815 2173 844 in

1171 857 1399 888 Alexandriam
1427 859 1475 889 vel
1500 861 1538 890 ad
1561 866 1665 899 partes
1692 863 1797 901 Egipti
1826 865 1949 894 mittere
1976 867 2024 895 vel
2053 867 2174 897 deferre

1171 916 1343 949 presumat,
1360 911 1409 941 vel
1425 917 1583 951 quantum
1599 914 1631 943 111
1650 924 1685 944 00
1701 915 1797 944 fuerit
1813 917 1896 945 mitti
1913 917 2085 948 veldeferri
2105 929 2172 958 per-

1171 964 1290 1000 mittat,
1313 966 1498 995 auctoritate
1518 966 1725 996 decernentes
1744 968 1854 997 eadem
1879 974 1912 998 ut
1933 970 1978 999 hii
1997 973 2050 1009 qui
2067 978 2175 1002 contra

1171 1017 1358 1055 hujusmodi
1382 1023 1534 1048 statutum
1555 1025 1698 1049 nostrum
1719 1022 1957 1059 quomodolibet
1975 1025 2084 1053 venire
2104 1034 2173 1063 pre-

1170 1071 1379 1109 sumpserint,
1398 1076 1502 1110 preter
1521 1082 1618 1111 penas
1636 1074 1805 1112 predictas,
1831 1084 1908 1113 quas
1925 1076 1995 1106 illos
2011 1077 2079 1115 ipso
2098 1079 2176 1108 sacto

1170 1123 1334 1153 incurrere
1351 1123 1515 1160 volumus,
1536 1131 1685 1164 perpetuo
1699 1127 1762 1156 51111
1779 1128 1914 1158 infames
1933 1134 1963 1158 et
1981 1130 2176 1160 intestabiles

1171 1176 1359 1213 habeantur,
1377 1177 1421 1206 ita
1437 1178 1521 1216 quod
1541 1188 1598 1208 uec
1623 1181 1727 1209 testari
1748 1190 1852 1219 neque
1873 1181 1976 1220 legata
1992 1183 2037 1212 eis
2056 1192 2109 1213 seu
2127 1194 2174 1214 re-

1170 1228 1243 1258 licta
1265 1230 1425 1268 percipere
1446 1231 1580 1260 valeant.
1605 1232 1643 1261 Et
1666 1232 1798 1272 insuper
1812 1234 1851 1263 ad
1875 1236 2092 1266 successiones
2112 1240 2175 1267 tam

1170 1291 1205 1311 ex
1225 1286 1411 1313 testamento
1427 1293 1522 1323 quam
1539 1285 1578 1314 ab
1601 1285 1748 1315 intestato
1765 1287 1829 1316 sint
1848 1296 1976 1326 prorsus
1992 1293 2022 1318 et
2037 1290 2175 1319 reddan-

1171 1340 1221 1365 tur
1238 1336 1414 1373 inhabiles,
1433 1347 1491 1367 nec
1512 1338 1552 1367 ad
1571 1339 1698 1377 publica
1717 1339 1857 1378 quelibet
1874 1341 2084 1372 admittantur
2107 1344 2176 1373 offi-

1169 1389 1229 1426 cia,
1245 1390 1372 1429 sintque
1385 1390 1451 1420 illis
1467 1400 1578 1421 omnes
1597 1396 1685 1422 actus
1701 1392 1838 1431 legitimi
1857 1395 1983 1433 penitus
2000 1396 2174 1433 interdicti,

1170 1448 1199 1472 et
1227 1448 1378 1482 tanquam
1408 1446 1676 1476 excommunicati
1702 1446 1872 1486 hostesque
1898 1448 2050 1478 catholice
2077 1449 2174 1486 fidei,

1170 1501 1335 1539 postquam
1352 1497 1390 1527 de
1412 1497 1554 1536 ipsorum
1576 1498 1761 1537 hujusmodi
1785 1501 1959 1531 temeritate
1978 1503 2172 1540 constiterit,

1169 1549 1281 1579 diebus
1297 1550 1466 1580 dominicis
1482 1557 1512 1580 et
1528 1552 1647 1582 festivis
1665 1553 1790 1591 publice
1808 1555 2007 1591 nuntientur,
2026 1561 2055 1584 et
2070 1556 2103 1585 in
2121 1556 2172 1585 fis-

1169 1612 1242 1632 cum
1271 1604 1352 1633 bona
1376 1613 1485 1634 eorum
1507 1606 1617 1635 omnia
1641 1606 1860 1637 devolvantur.
1881 1607 1971 1637 Nulli
1987 1617 2077 1646 ergo,
2101 1614 2171 1646 ete,

1171 1657 1270 1686 nostri
1293 1658 1400 1687 statuti
1420 1663 1448 1687 et
1465 1659 1720 1697 constitutionis,
1742 1665 1800 1690 etc.
1824 1661 1856 1691 Si
1875 1662 1946 1700 quis
1969 1667 2093 1699 autem,
2114 1668 2170 1692 etc.

1171 1711 1241 1739 Dat.
1261 1710 1343 1749 apud
1365 1710 1626 1742 Urbemveterem
1642 1737 1648 1750 ,
1666 1723 1683 1742 x
1701 1713 1853 1743 kalendas
1871 1715 2070 1753 septembris,
2089 1724 2175 1746 anno

1169 1768 1292 1802 quarto.
1313 1778 1324 1789 υ

1209 1818 1247 1847 111
1274 1827 1301 1848 e.
1330 1827 1372 1848 m.
1402 1841 1421 1847 ..
1452 1819 1650 1858 patriarchae
1678 1820 1899 1858 Antiocheno,
1923 1821 2175 1852 administratori

1169 1871 1321 1901 ecclesiae
1335 1872 1523 1910 Janueusis,
1544 1873 1593 1902 vel
1610 1873 1675 1912 ejus
1692 1874 1826 1911 vicario,
1838 1879 1869 1904 et
1881 1875 2036 1914 episcopis
2053 1886 2106 1915 per
2119 1877 2174 1906 Ja-

1169 1934 1325 1955 nuensem
1351 1926 1549 1963 provinciam
1572 1927 1751 1956 constitutis
1773 1928 1903 1957 mandat
1926 1933 1959 1958 ut
1980 1929 2173 1968 praedictum

1168 1982 1321 2007 statutum
1338 1978 1370 2007 in
1387 1978 1579 2016 civitatibus,
1598 1979 1709 2009 castris
1726 1984 1755 2009 et
1771 1980 1841 2010 aliis
1857 1980 1933 2011 locis
1948 1982 2008 2011 sibi
2027 1983 2175 2021 subjectis

1168 2039 1273 2060 coram
1283 2031 1397 2069 populo
1410 2031 1616 2070 publicantes,
1628 2033 1660 2061 id
1672 2033 1703 2062 111
1718 2033 1896 2063 cartulariis
1910 2035 2175 2073 etcapitularibus

1168 2084 1434 2113 communitatum
1453 2088 1483 2113 et
1500 2084 1746 2114 universitatum
1762 2086 1938 2124 civitatum,
1955 2092 2131 2117 castrorum
2146 2093 2176 2118 et

1168 2135 1305 2166 aliorum
1319 2135 1461 2166 locorum
1478 2137 1610 2167 inscribi
1627 2138 1756 2168 saciant.

1210 2189 1248 2218 In
1265 2198 1293 2219 e.
1312 2199 1353 2218 m.
1373 2212 1393 2219 ..
1411 2189 1557 2229 episcopo
1573 2190 1752 2221 Castellano
1773 2192 1903 2222 mandat
1922 2197 1957 2222 ut
1972 2193 2058 2223 idem
2076 2198 2174 2224 statu-

1171 2246 1237 2272 tum
1253 2242 1285 2271 111
1303 2242 1428 2272 civitate
1446 2243 1653 2273 Venetiarum
1670 2252 1775 2274 coram
1798 2245 1912 2284 populo
1929 2246 2111 2285 publicans,
2131 2247 2172 2276 il-

1169 2295 1224 2324 lud
1241 2296 1274 2324 in
1292 2295 1472 2326 cartulariis
1487 2296 1534 2326 vel
1553 2297 1785 2336 capitularibus
1805 2299 1943 2328 civitatis
1961 2300 2106 2338 ejusdem
2122 2301 2174 2330 in-

1170 2349 1265 2378 scribi
1282 2349 1386 2379 faciat.

1210 2403 1248 2432 In
1265 2412 1293 2432 e.
1312 2412 1357 2440 m.
1375 2425 1396 2432 ..
1415 2403 1574 2442 potestati,
1596 2404 1783 2442 capitaneis,
1805 2405 1939 2435 consilio
1960 2410 1989 2435 et
2012 2408 2174 2437 communi

1168 2456 1388 2486 Januensibus
1409 2456 1537 2486 mandat
1560 2461 1593 2487 ut
1608 2457 1693 2487 idem
1710 2462 1863 2488 statutum
1881 2459 1916 2488 in
1932 2459 2109 2489 cartulariis
2127 2460 2175 2490 vel

1169 2509 1395 2548 capitularibus
1413 2510 1477 2540 suis
1498 2510 1630 2541 inscribi
1648 2511 1776 2542 faciant.

1210 2563 1247 2592 ln
1265 2572 1291 2592 e.
1305 2572 1348 2592 m.
1369 2586 1389 2592 ..
1409 2563 1494 2600 duci,
1511 2563 1647 2594 consilio
1664 2569 1693 2594 et
1708 2566 1872 2595 communi
1888 2566 2094 2597 Venetorum.

1241 2721 1356 2749 (3283

1206 2782 1248 2809 De
1264 2782 1362 2809 eodem
1381 2783 1506 2817 negotio.
1524 2783 1608 2817 (Rea.
1625 2784 1669 2818 45,
1686 2793 1712 2813 c.
1729 2785 1784 2817 552,
1799 2785 1819 2812 f.
1837 2786 1882 2812 176
1899 2792 1940 2817 ro,
1956 2794 1990 2812 en
2008 2787 2114 2820 margo)
2127 2787 2174 2819 (t).

1436 2720 1797 2758 Sainte-Marie-Majeui·e,
1812 2723 1844 2750 ξ28
1860 2723 2011 2750 decembre
2028 2725 2104 2751 1‘289.

1213 2883 1225 2898 α
1248 2871 1347 2900 Multa
1365 2871 1484 2900 mentis
1500 2871 1753 2904 amaritudine...
1771 2874 1966 2912 presentium
1984 2878 2091 2904 tenore
2112 2879 2172 2903 sta-

1202 2992 1235 3021 (i)
1254 2991 1331 3015 Cettc
1349 2991 1420 3013 bulte
1436 2992 1477 3014 est
1498 2991 1643 3015 transcrite
1664 2998 1697 3016 en
1720 2999 1825 3022 marge,
1846 2999 1880 3016 en
1895 2992 1954 3016 face
1974 2993 2006 3016 de
2031 2993 2054 3015 la
2081 2992 2174 3023 prece-
