<?xml version="1.0" encoding="UTF-8"?>
<!DOCTYPE html PUBLIC "-//W3C//DTD XHTML 1.0 Transitional//EN"
    "http://www.w3.org/TR/xhtml1/DTD/xhtml1-transitional.dtd">
<html xmlns="http://www.w3.org/1999/xhtml" xml:lang="en" lang="en">
 <head>
  <title>
</title>
<meta http-equiv="Content-Type" content="text/html;charset=utf-8" />
  <meta name='ocr-system' content='tesseract 3.04.00' />
  <meta name='ocr-capabilities' content='ocr_page ocr_carea ocr_par ocr_line ocrx_word'/>
</head>
<body>
  <div class='ocr_page' id='page_1' title='image "./lesregistresdeni02romeuoft_0226.png"; bbox 0 0 2393 3496; ppageno 0'>
   <div class='ocr_carea' id='block_1_1' title="bbox 246 317 1588 362">
    <p class='ocr_par' dir='ltr' id='par_1_1' title="bbox 246 317 1588 362">
     <span class='ocr_line' id='line_1_1' title="bbox 246 317 1588 362; baseline -0.013 0"><span class='ocrx_word' id='word_1_1' title='bbox 246 334 304 362; x_wconf 77' lang='lat'>900</span> <span class='ocrx_word' id='word_1_2' title='bbox 992 322 1225 353; x_wconf 72' lang='lat' dir='ltr'>REtsss&#39;t‘ttl-:s</span> <span class='ocrx_word' id='word_1_3' title='bbox 1249 321 1301 349; x_wconf 87' lang='lat' dir='ltr'>DE</span> <span class='ocrx_word' id='word_1_4' title='bbox 1324 317 1508 348; x_wconf 73' lang='lat' dir='ltr'>NtCOLAS</span> <span class='ocrx_word' id='word_1_5' title='bbox 1532 318 1588 347; x_wconf 74' lang='lat' dir='ltr'>lv.</span> 
     </span>
    </p>
   </div>
   <div class='ocr_carea' id='block_1_2' title="bbox 245 389 1254 1810">
    <p class='ocr_par' dir='ltr' id='par_1_2' title="bbox 245 389 1254 1810">
     <span class='ocr_line' id='line_1_2' title="bbox 249 389 1250 430; baseline -0.014 -2"><span class='ocrx_word' id='word_1_6' title='bbox 249 398 334 428; x_wconf 46' lang='lat' dir='ltr'>modi</span> <span class='ocrx_word' id='word_1_7' title='bbox 358 398 453 427; x_wconf 87' lang='lat' dir='ltr'>Terre</span> <span class='ocrx_word' id='word_1_8' title='bbox 469 396 582 425; x_wconf 70' lang='lat' dir='ltr'>Sancte</span> <span class='ocrx_word' id='word_1_9' title='bbox 600 393 723 430; x_wconf 73' lang='lat' dir='ltr'>negotio</span> <span class='ocrx_word' id='word_1_10' title='bbox 739 396 914 421; x_wconf 66' lang='lat' dir='ltr'>ceterorum</span> <span class='ocrx_word' id='word_1_11' title='bbox 935 389 1183 419; x_wconf 76' lang='lat' dir='ltr'>christianorum</span> <span class='ocrx_word' id='word_1_12' title='bbox 1202 396 1250 415; x_wconf 92' lang='lat' dir='ltr'>re-</span> 
     </span>
     <span class='ocr_line' id='line_1_3' title="bbox 246 441 1251 489; baseline -0.013 -8"><span class='ocrx_word' id='word_1_13' title='bbox 246 461 322 489; x_wconf 66' lang='lat' dir='ltr'>gum</span> <span class='ocrx_word' id='word_1_14' title='bbox 346 456 375 479; x_wconf 87' lang='lat' dir='ltr'>et</span> <span class='ocrx_word' id='word_1_15' title='bbox 401 450 578 487; x_wconf 71' lang='lat' dir='ltr'><strong>principum</strong></span> <span class='ocrx_word' id='word_1_16' title='bbox 603 451 631 475; x_wconf 74' lang='lat' dir='ltr'>ct</span> <span class='ocrx_word' id='word_1_17' title='bbox 658 445 794 474; x_wconf 87' lang='lat' dir='ltr'>aliorum</span> <span class='ocrx_word' id='word_1_18' title='bbox 817 444 875 472; x_wconf 72' lang='lat' dir='ltr'>sul»</span> <span class='ocrx_word' id='word_1_19' title='bbox 901 443 1053 480; x_wconf 72' lang='lat' dir='ltr'>religione</span> <span class='ocrx_word' id='word_1_20' title='bbox 1076 441 1251 470; x_wconf 83' lang='lat' dir='ltr'>christiana</span> 
     </span>
     <span class='ocr_line' id='line_1_4' title="bbox 246 493 1250 541; baseline -0.013 -7"><span class='ocrx_word' id='word_1_21' title='bbox 246 505 432 541; x_wconf 78' lang='lat' dir='ltr'>degentium</span> <span class='ocrx_word' id='word_1_22' title='bbox 448 501 530 532; x_wconf 89' lang='lat' dir='ltr'>oculi</span> <span class='ocrx_word' id='word_1_23' title='bbox 547 500 747 537; x_wconf 71' lang='lat' dir='ltr'>diriguntur,</span> <span class='ocrx_word' id='word_1_24' title='bbox 766 497 918 535; x_wconf 83' lang='lat' dir='ltr'>promptis</span> <span class='ocrx_word' id='word_1_25' title='bbox 935 495 1051 524; x_wconf 89' lang='lat' dir='ltr'>animis</span> <span class='ocrx_word' id='word_1_26' title='bbox 1070 499 1099 523; x_wconf 86' lang='lat' dir='ltr'>et</span> <span class='ocrx_word' id='word_1_27' title='bbox 1119 493 1250 522; x_wconf 86' lang='lat' dir='ltr'>munifi-</span> 
     </span>
     <span class='ocr_line' id='line_1_5' title="bbox 247 547 1252 591; baseline -0.013 -4"><span class='ocrx_word' id='word_1_28' title='bbox 247 558 350 587; x_wconf 67' lang='lat' dir='ltr'>centia</span> <span class='ocrx_word' id='word_1_29' title='bbox 368 556 452 591; x_wconf 65' lang='lat' dir='ltr'>regia</span> <span class='ocrx_word' id='word_1_30' title='bbox 467 553 645 591; x_wconf 70' lang='lat' dir='ltr'>exequaris,</span> <span class='ocrx_word' id='word_1_31' title='bbox 661 556 704 586; x_wconf 84' lang='lat' dir='ltr'>nt,</span> <span class='ocrx_word' id='word_1_32' title='bbox 716 555 817 588; x_wconf 83' lang='lat' dir='ltr'>preter</span> <span class='ocrx_word' id='word_1_33' title='bbox 830 549 938 578; x_wconf 73' lang='lat' dir='ltr'>divine</span> <span class='ocrx_word' id='word_1_34' title='bbox 955 547 1172 577; x_wconf 85' lang='lat' dir='ltr'>retributionis</span> <span class='ocrx_word' id='word_1_35' title='bbox 1187 555 1252 584; x_wconf 84' lang='lat' dir='ltr'>pre-</span> 
     </span>
     <span class='ocr_line' id='line_1_6' title="bbox 247 598 1250 642; baseline -0.012 -3"><span class='ocrx_word' id='word_1_36' title='bbox 247 619 347 639; x_wconf 77' lang='lat' dir='ltr'>mium</span> <span class='ocrx_word' id='word_1_37' title='bbox 366 608 419 637; x_wconf 81' lang='lat' dir='ltr'>tibi</span> <span class='ocrx_word' id='word_1_38' title='bbox 437 605 549 636; x_wconf 80' lang='lat' dir='ltr'>exinde</span> <span class='ocrx_word' id='word_1_39' title='bbox 567 608 806 642; x_wconf 74' lang='lat' dir='ltr'>proventurum,</span> <span class='ocrx_word' id='word_1_40' title='bbox 823 602 957 639; x_wconf 69' lang='lat' dir='ltr'>gloriose</span> <span class='ocrx_word' id='word_1_41' title='bbox 974 600 1077 629; x_wconf 84' lang='lat' dir='ltr'>laudis</span> <span class='ocrx_word' id='word_1_42' title='bbox 1094 600 1126 628; x_wconf 90' lang='lat' dir='ltr'>in</span> <span class='ocrx_word' id='word_1_43' title='bbox 1145 598 1250 628; x_wconf 86' lang='lat' dir='ltr'>seculo</span> 
     </span>
     <span class='ocr_line' id='line_1_7' title="bbox 247 653 1249 696; baseline -0.011 -5"><span class='ocrx_word' id='word_1_44' title='bbox 247 670 359 691; x_wconf 89' lang='lat' dir='ltr'>sonora</span> <span class='ocrx_word' id='word_1_45' title='bbox 390 658 534 696; x_wconf 83' lang='lat' dir='ltr'>preconia</span> <span class='ocrx_word' id='word_1_46' title='bbox 564 655 778 693; x_wconf 69' lang='lat' dir='ltr'>consequaris.</span> <span class='ocrx_word' id='word_1_47' title='bbox 809 654 910 691; x_wconf 79' lang='lat' dir='ltr'>Super</span> <span class='ocrx_word' id='word_1_48' title='bbox 938 653 1098 691; x_wconf 83' lang='lat' dir='ltr'>premissis</span> <span class='ocrx_word' id='word_1_49' title='bbox 1128 656 1249 687; x_wconf 89' lang='lat' dir='ltr'>autem,</span> 
     </span>
     <span class='ocr_line' id='line_1_8' title="bbox 248 706 1251 749; baseline -0.01 -6"><span class='ocrx_word' id='word_1_50' title='bbox 248 722 367 743; x_wconf 71' lang='lat' dir='ltr'>necnon</span> <span class='ocrx_word' id='word_1_51' title='bbox 387 711 523 749; x_wconf 77' lang='lat' dir='ltr'>qualiter</span> <span class='ocrx_word' id='word_1_52' title='bbox 540 715 569 738; x_wconf 89' lang='lat' dir='ltr'>et</span> <span class='ocrx_word' id='word_1_53' title='bbox 585 719 646 747; x_wconf 83' lang='lat' dir='ltr'>quo</span> <span class='ocrx_word' id='word_1_54' title='bbox 665 708 756 737; x_wconf 86' lang='lat' dir='ltr'>modo</span> <span class='ocrx_word' id='word_1_55' title='bbox 774 708 857 737; x_wconf 80' lang='lat' dir='ltr'>circa</span> <span class='ocrx_word' id='word_1_56' title='bbox 875 707 1147 744; x_wconf 82' lang='lat' dir='ltr'>recuperationem</span> <span class='ocrx_word' id='word_1_57' title='bbox 1167 706 1251 742; x_wconf 90' lang='lat' dir='ltr'>ejus-</span> 
     </span>
     <span class='ocr_line' id='line_1_9' title="bbox 247 760 1252 798; baseline -0.009 -3"><span class='ocrx_word' id='word_1_58' title='bbox 247 767 317 795; x_wconf 77' lang='lat' dir='ltr'>dem</span> <span class='ocrx_word' id='word_1_59' title='bbox 345 773 423 793; x_wconf 77' lang='lat' dir='ltr'>terre</span> <span class='ocrx_word' id='word_1_60' title='bbox 451 762 615 797; x_wconf 70' lang='lat' dir='ltr'>celeriter,</span> <span class='ocrx_word' id='word_1_61' title='bbox 639 766 744 790; x_wconf 86' lang='lat' dir='ltr'>actore</span> <span class='ocrx_word' id='word_1_62' title='bbox 774 760 928 794; x_wconf 76' lang='lat' dir='ltr'>Domino,</span> <span class='ocrx_word' id='word_1_63' title='bbox 954 765 1195 798; x_wconf 79' lang='lat' dir='ltr'>proventuram,</span> <span class='ocrx_word' id='word_1_64' title='bbox 1223 762 1252 786; x_wconf 89' lang='lat' dir='ltr'>et</span> 
     </span>
     <span class='ocr_line' id='line_1_10' title="bbox 246 811 1251 850; baseline -0.008 -3"><span class='ocrx_word' id='word_1_65' title='bbox 246 816 521 848; x_wconf 86' lang='lat' dir='ltr'>continuationem</span> <span class='ocrx_word' id='word_1_66' title='bbox 548 814 684 843; x_wconf 72' lang='lat' dir='ltr'>subsidii</span> <span class='ocrx_word' id='word_1_67' title='bbox 711 813 793 843; x_wconf 87' lang='lat' dir='ltr'>dicte</span> <span class='ocrx_word' id='word_1_68' title='bbox 816 818 895 842; x_wconf 84' lang='lat' dir='ltr'>terre</span> <span class='ocrx_word' id='word_1_69' title='bbox 917 822 951 842; x_wconf 87' lang='lat' dir='ltr'>ac</span> <span class='ocrx_word' id='word_1_70' title='bbox 975 811 1251 850; x_wconf 73' lang='lat' dir='ltr'>impugnationem</span> 
     </span>
     <span class='ocr_line' id='line_1_11' title="bbox 246 863 1252 900; baseline -0.008 -2"><span class='ocrx_word' id='word_1_71' title='bbox 246 878 374 898; x_wconf 79' lang='lat' dir='ltr'>suorum</span> <span class='ocrx_word' id='word_1_72' title='bbox 395 867 532 896; x_wconf 79' lang='lat' dir='ltr'>bostium</span> <span class='ocrx_word' id='word_1_73' title='bbox 548 865 738 900; x_wconf 71' lang='lat' dir='ltr'>faciendam,</span> <span class='ocrx_word' id='word_1_74' title='bbox 757 870 787 894; x_wconf 86' lang='lat' dir='ltr'>et</span> <span class='ocrx_word' id='word_1_75' title='bbox 801 865 895 893; x_wconf 89' lang='lat' dir='ltr'>etiam</span> <span class='ocrx_word' id='word_1_76' title='bbox 915 865 997 893; x_wconf 83' lang='lat' dir='ltr'>circa</span> <span class='ocrx_word' id='word_1_77' title='bbox 1011 863 1071 893; x_wconf 89' lang='lat' dir='ltr'>alia</span> <span class='ocrx_word' id='word_1_78' title='bbox 1089 863 1252 899; x_wconf 74' lang='lat' dir='ltr'>negotium</span> 
     </span>
     <span class='ocr_line' id='line_1_12' title="bbox 247 916 1250 960; baseline -0.008 -9"><span class='ocrx_word' id='word_1_79' title='bbox 247 923 349 960; x_wconf 81' lang='lat' dir='ltr'>ipsum</span> <span class='ocrx_word' id='word_1_80' title='bbox 373 919 534 957; x_wconf 71' lang='lat' dir='ltr'>tangentia</span> <span class='ocrx_word' id='word_1_81' title='bbox 561 919 656 957; x_wconf 58' lang='lat' dir='ltr'>[ussit</span> <span class='ocrx_word' id='word_1_82' title='bbox 680 918 876 957; x_wconf 78' lang='lat' dir='ltr'>quamtotius</span> <span class='ocrx_word' id='word_1_83' title='bbox 893 923 922 947; x_wconf 89' lang='lat' dir='ltr'>et</span> <span class='ocrx_word' id='word_1_84' title='bbox 945 916 1078 951; x_wconf 76' lang='lat' dir='ltr'>utiliter,</span> <span class='ocrx_word' id='word_1_85' title='bbox 1097 916 1178 945; x_wconf 80' lang='lat' dir='ltr'>sicut</span> <span class='ocrx_word' id='word_1_86' title='bbox 1198 924 1250 943; x_wconf 84' lang='lat' dir='ltr'>ex-</span> 
     </span>
     <span class='ocr_line' id='line_1_13' title="bbox 247 970 1253 1014; baseline -0.007 -11"><span class='ocrx_word' id='word_1_87' title='bbox 247 975 342 1014; x_wconf 81' lang='lat' dir='ltr'>pedit,</span> <span class='ocrx_word' id='word_1_88' title='bbox 368 972 536 1013; x_wconf 77' lang='lat' dir='ltr'>provideri,</span> <span class='ocrx_word' id='word_1_89' title='bbox 554 981 625 1002; x_wconf 83' lang='lat' dir='ltr'>euin</span> <span class='ocrx_word' id='word_1_90' title='bbox 642 971 718 1000; x_wconf 73' lang='lat' dir='ltr'>viris</span> <span class='ocrx_word' id='word_1_91' title='bbox 735 971 870 1009; x_wconf 76' lang='lat' dir='ltr'>expertis</span> <span class='ocrx_word' id='word_1_92' title='bbox 885 976 914 1000; x_wconf 91' lang='lat' dir='ltr'>et</span> <span class='ocrx_word' id='word_1_93' title='bbox 931 970 1069 1008; x_wconf 88' lang='lat' dir='ltr'>providis</span> <span class='ocrx_word' id='word_1_94' title='bbox 1087 970 1253 1005; x_wconf 85' lang='lat' dir='ltr'>Deumque</span> 
     </span>
     <span class='ocr_line' id='line_1_14' title="bbox 249 1023 1253 1057; baseline -0.008 0"><span class='ocrx_word' id='word_1_95' title='bbox 249 1027 439 1057; x_wconf 75' lang='lat' dir='ltr'>timentibus</span> <span class='ocrx_word' id='word_1_96' title='bbox 458 1035 494 1056; x_wconf 87' lang='lat' dir='ltr'>ac</span> <span class='ocrx_word' id='word_1_97' title='bbox 517 1031 632 1055; x_wconf 83' lang='lat' dir='ltr'>statum</span> <span class='ocrx_word' id='word_1_98' title='bbox 657 1025 776 1054; x_wconf 85' lang='lat' dir='ltr'>bonnm</span> <span class='ocrx_word' id='word_1_99' title='bbox 796 1023 1053 1053; x_wconf 71' lang='lat' dir='ltr'>desiderantibus</span> <span class='ocrx_word' id='word_1_100' title='bbox 1074 1023 1155 1051; x_wconf 88' lang='lat' dir='ltr'>dicte</span> <span class='ocrx_word' id='word_1_101' title='bbox 1173 1027 1253 1050; x_wconf 85' lang='lat' dir='ltr'>terre</span> 
     </span>
     <span class='ocr_line' id='line_1_15' title="bbox 245 1075 1253 1116; baseline -0.008 -5"><span class='ocrx_word' id='word_1_102' title='bbox 245 1081 379 1111; x_wconf 88' lang='lat' dir='ltr'>consilio</span> <span class='ocrx_word' id='word_1_103' title='bbox 399 1080 507 1109; x_wconf 86' lang='lat' dir='ltr'>habito</span> <span class='ocrx_word' id='word_1_104' title='bbox 522 1078 667 1116; x_wconf 76' lang='lat' dir='ltr'>diligenti</span> <span class='ocrx_word' id='word_1_105' title='bbox 685 1083 714 1107; x_wconf 90' lang='lat' dir='ltr'>et</span> <span class='ocrx_word' id='word_1_106' title='bbox 731 1082 838 1106; x_wconf 79' lang='lat' dir='ltr'>exacta</span> <span class='ocrx_word' id='word_1_107' title='bbox 854 1086 925 1106; x_wconf 85' lang='lat' dir='ltr'>cum</span> <span class='ocrx_word' id='word_1_108' title='bbox 944 1076 1008 1105; x_wconf 86' lang='lat' dir='ltr'>illis</span> <span class='ocrx_word' id='word_1_109' title='bbox 1025 1075 1253 1105; x_wconf 78' lang='lat' dir='ltr'>deliberatione</span> 
     </span>
     <span class='ocr_line' id='line_1_16' title="bbox 247 1129 1253 1170; baseline -0.009 -5"><span class='ocrx_word' id='word_1_110' title='bbox 247 1140 369 1165; x_wconf 81' lang='lat' dir='ltr'>secuta.</span> <span class='ocrx_word' id='word_1_111' title='bbox 391 1133 480 1163; x_wconf 83' lang='lat' dir='ltr'>nobis</span> <span class='ocrx_word' id='word_1_112' title='bbox 501 1132 582 1170; x_wconf 85' lang='lat' dir='ltr'>quod</span> <span class='ocrx_word' id='word_1_113' title='bbox 608 1131 818 1161; x_wconf 85' lang='lat' dir='ltr'>deliberatum</span> <span class='ocrx_word' id='word_1_114' title='bbox 842 1130 936 1159; x_wconf 80' lang='lat' dir='ltr'>suerit</span> <span class='ocrx_word' id='word_1_115' title='bbox 960 1130 991 1158; x_wconf 91' lang='lat' dir='ltr'>in</span> <span class='ocrx_word' id='word_1_116' title='bbox 1018 1129 1076 1157; x_wconf 86' lang='lat' dir='ltr'>bac</span> <span class='ocrx_word' id='word_1_117' title='bbox 1099 1133 1182 1166; x_wconf 86' lang='lat' dir='ltr'>parte</span> <span class='ocrx_word' id='word_1_118' title='bbox 1200 1137 1253 1166; x_wconf 89' lang='lat' dir='ltr'>per</span> 
     </span>
     <span class='ocr_line' id='line_1_17' title="bbox 247 1182 1250 1223; baseline -0.008 -6"><span class='ocrx_word' id='word_1_119' title='bbox 247 1188 366 1217; x_wconf 79' lang='lat' dir='ltr'>litteras</span> <span class='ocrx_word' id='word_1_120' title='bbox 379 1187 481 1223; x_wconf 84' lang='lat' dir='ltr'>regias</span> <span class='ocrx_word' id='word_1_121' title='bbox 493 1184 746 1223; x_wconf 82' lang='lat' dir='ltr'>plene,seriatim</span> <span class='ocrx_word' id='word_1_122' title='bbox 758 1188 787 1212; x_wconf 86' lang='lat' dir='ltr'>et</span> <span class='ocrx_word' id='word_1_123' title='bbox 798 1183 946 1212; x_wconf 91' lang='lat' dir='ltr'>distincte</span> <span class='ocrx_word' id='word_1_124' title='bbox 956 1182 1082 1211; x_wconf 86' lang='lat' dir='ltr'>studeas</span> <span class='ocrx_word' id='word_1_125' title='bbox 1092 1182 1250 1210; x_wconf 87' lang='lat' dir='ltr'>intimare.</span> 
     </span>
     <span class='ocr_line' id='line_1_18' title="bbox 248 1235 1254 1276; baseline -0.007 -6"><span class='ocrx_word' id='word_1_126' title='bbox 248 1241 339 1270; x_wconf 86' lang='lat' dir='ltr'>Illam</span> <span class='ocrx_word' id='word_1_127' title='bbox 356 1241 387 1269; x_wconf 94' lang='lat' dir='ltr'>in</span> <span class='ocrx_word' id='word_1_128' title='bbox 406 1239 467 1269; x_wconf 86' lang='lat' dir='ltr'>hiis</span> <span class='ocrx_word' id='word_1_129' title='bbox 483 1238 695 1276; x_wconf 76' lang='lat' dir='ltr'>diligentiam,</span> <span class='ocrx_word' id='word_1_130' title='bbox 712 1236 960 1266; x_wconf 84' lang='lat' dir='ltr'>sollicitudinem</span> <span class='ocrx_word' id='word_1_131' title='bbox 973 1235 1179 1265; x_wconf 86' lang='lat' dir='ltr'>etefficatiam</span> <span class='ocrx_word' id='word_1_132' title='bbox 1197 1235 1254 1263; x_wconf 89' lang='lat' dir='ltr'>im—</span> 
     </span>
     <span class='ocr_line' id='line_1_19' title="bbox 246 1288 1252 1333; baseline -0.007 -9"><span class='ocrx_word' id='word_1_133' title='bbox 246 1303 403 1333; x_wconf 80' lang='lat' dir='ltr'>pensurus</span> <span class='ocrx_word' id='word_1_134' title='bbox 419 1297 451 1322; x_wconf 90' lang='lat' dir='ltr'>ut</span> <span class='ocrx_word' id='word_1_135' title='bbox 462 1298 569 1321; x_wconf 86' lang='lat' dir='ltr'>eterne</span> <span class='ocrx_word' id='word_1_136' title='bbox 584 1290 792 1321; x_wconf 77' lang='lat' dir='ltr'>beatitudinis</span> <span class='ocrx_word' id='word_1_137' title='bbox 804 1290 936 1327; x_wconf 78' lang='lat' dir='ltr'>gloriam</span> <span class='ocrx_word' id='word_1_138' title='bbox 956 1289 1086 1328; x_wconf 85' lang='lat' dir='ltr'>proinde</span> <span class='ocrx_word' id='word_1_139' title='bbox 1100 1288 1252 1326; x_wconf 77' lang='lat' dir='ltr'>consequi</span> 
     </span>
     <span class='ocr_line' id='line_1_20' title="bbox 247 1342 1253 1382; baseline -0.006 -5"><span class='ocrx_word' id='word_1_140' title='bbox 247 1347 400 1377; x_wconf 86' lang='lat' dir='ltr'>merearis</span> <span class='ocrx_word' id='word_1_141' title='bbox 421 1351 447 1376; x_wconf 88' lang='lat' dir='ltr'>et</span> <span class='ocrx_word' id='word_1_142' title='bbox 469 1355 524 1376; x_wconf 90' lang='lat' dir='ltr'>nos</span> <span class='ocrx_word' id='word_1_143' title='bbox 541 1345 626 1382; x_wconf 74' lang='lat' dir='ltr'>regie</span> <span class='ocrx_word' id='word_1_144' title='bbox 650 1344 826 1374; x_wconf 89' lang='lat' dir='ltr'>devotionis</span> <span class='ocrx_word' id='word_1_145' title='bbox 844 1343 1127 1382; x_wconf 83' lang='lat' dir='ltr'>promptitudinem</span> <span class='ocrx_word' id='word_1_146' title='bbox 1145 1342 1253 1372; x_wconf 89' lang='lat' dir='ltr'>uberi-</span> 
     </span>
     <span class='ocr_line' id='line_1_21' title="bbox 247 1395 1252 1431; baseline -0.007 0"><span class='ocrx_word' id='word_1_147' title='bbox 247 1402 349 1431; x_wconf 88' lang='lat' dir='ltr'>busin</span> <span class='ocrx_word' id='word_1_148' title='bbox 368 1400 503 1430; x_wconf 83' lang='lat' dir='ltr'>Domino</span> <span class='ocrx_word' id='word_1_149' title='bbox 519 1398 668 1428; x_wconf 88' lang='lat' dir='ltr'>laudibus</span> <span class='ocrx_word' id='word_1_150' title='bbox 683 1397 876 1427; x_wconf 81' lang='lat' dir='ltr'>attollamus.</span> <span class='ocrx_word' id='word_1_151' title='bbox 896 1397 933 1426; x_wconf 86' lang='lat' dir='ltr'>Et</span> <span class='ocrx_word' id='word_1_152' title='bbox 950 1405 1021 1426; x_wconf 89' lang='lat' dir='ltr'>ecce</span> <span class='ocrx_word' id='word_1_153' title='bbox 1038 1395 1252 1425; x_wconf 85' lang='lat' dir='ltr'>venerabilem</span> 
     </span>
     <span class='ocr_line' id='line_1_22' title="bbox 247 1448 1252 1489; baseline -0.006 -6"><span class='ocrx_word' id='word_1_154' title='bbox 247 1455 375 1483; x_wconf 83' lang='lat' dir='ltr'>fratrem</span> <span class='ocrx_word' id='word_1_155' title='bbox 404 1457 548 1482; x_wconf 90' lang='lat' dir='ltr'>nostrum</span> <span class='ocrx_word' id='word_1_156' title='bbox 577 1451 628 1486; x_wconf 83' lang='lat' dir='ltr'>G.,</span> <span class='ocrx_word' id='word_1_157' title='bbox 656 1450 862 1489; x_wconf 82' lang='lat' dir='ltr'>Spoletanum</span> <span class='ocrx_word' id='word_1_158' title='bbox 890 1449 1070 1488; x_wconf 89' lang='lat' dir='ltr'>episcopum</span> <span class='ocrx_word' id='word_1_159' title='bbox 1083 1472 1089 1483; x_wconf 78' lang='lat'>,</span> <span class='ocrx_word' id='word_1_160' title='bbox 1119 1448 1252 1478; x_wconf 88' lang='lat' dir='ltr'>latorem</span> 
     </span>
     <span class='ocr_line' id='line_1_23' title="bbox 247 1502 1254 1546; baseline -0.007 -9"><span class='ocrx_word' id='word_1_161' title='bbox 247 1507 464 1546; x_wconf 72' lang='lat' dir='ltr'>presentium,</span> <span class='ocrx_word' id='word_1_162' title='bbox 488 1506 592 1534; x_wconf 77' lang='lat' dir='ltr'>virum</span> <span class='ocrx_word' id='word_1_163' title='bbox 619 1504 729 1542; x_wconf 85' lang='lat' dir='ltr'>utique</span> <span class='ocrx_word' id='word_1_164' title='bbox 754 1503 923 1542; x_wconf 85' lang='lat' dir='ltr'>providum</span> <span class='ocrx_word' id='word_1_165' title='bbox 951 1507 980 1532; x_wconf 89' lang='lat' dir='ltr'>et</span> <span class='ocrx_word' id='word_1_166' title='bbox 1006 1502 1192 1537; x_wconf 84' lang='lat' dir='ltr'>discretum,</span> <span class='ocrx_word' id='word_1_167' title='bbox 1218 1510 1254 1531; x_wconf 84' lang='lat' dir='ltr'>ac</span> 
     </span>
     <span class='ocr_line' id='line_1_24' title="bbox 247 1556 1253 1594; baseline -0.006 -4"><span class='ocrx_word' id='word_1_168' title='bbox 247 1561 340 1591; x_wconf 87' lang='lat' dir='ltr'>nobis</span> <span class='ocrx_word' id='word_1_169' title='bbox 367 1563 397 1589; x_wconf 89' lang='lat' dir='ltr'>et</span> <span class='ocrx_word' id='word_1_170' title='bbox 419 1558 570 1588; x_wconf 84' lang='lat' dir='ltr'>fratribus</span> <span class='ocrx_word' id='word_1_171' title='bbox 589 1558 705 1587; x_wconf 89' lang='lat' dir='ltr'>nostris</span> <span class='ocrx_word' id='word_1_172' title='bbox 726 1558 840 1586; x_wconf 87' lang='lat' dir='ltr'>merito</span> <span class='ocrx_word' id='word_1_173' title='bbox 865 1566 920 1586; x_wconf 89' lang='lat' dir='ltr'>sue</span> <span class='ocrx_word' id='word_1_174' title='bbox 942 1556 1127 1594; x_wconf 84' lang='lat' dir='ltr'>multiplicis</span> <span class='ocrx_word' id='word_1_175' title='bbox 1146 1556 1253 1594; x_wconf 89' lang='lat' dir='ltr'>probi-</span> 
     </span>
     <span class='ocr_line' id='line_1_25' title="bbox 248 1609 1252 1651; baseline -0.006 -8"><span class='ocrx_word' id='word_1_176' title='bbox 248 1615 318 1643; x_wconf 80' lang='lat' dir='ltr'>tatis</span> <span class='ocrx_word' id='word_1_177' title='bbox 330 1618 505 1651; x_wconf 83' lang='lat' dir='ltr'>acceptum,</span> <span class='ocrx_word' id='word_1_178' title='bbox 523 1611 561 1641; x_wconf 87' lang='lat' dir='ltr'>ad</span> <span class='ocrx_word' id='word_1_179' title='bbox 580 1611 769 1650; x_wconf 80' lang='lat' dir='ltr'>presentiam</span> <span class='ocrx_word' id='word_1_180' title='bbox 785 1610 906 1647; x_wconf 77' lang='lat' dir='ltr'>regiam</span> <span class='ocrx_word' id='word_1_181' title='bbox 923 1614 1049 1648; x_wconf 88' lang='lat' dir='ltr'>propter</span> <span class='ocrx_word' id='word_1_182' title='bbox 1065 1609 1124 1639; x_wconf 88' lang='lat' dir='ltr'>hoc</span> <span class='ocrx_word' id='word_1_183' title='bbox 1139 1609 1252 1647; x_wconf 85' lang='lat' dir='ltr'>spetia-</span> 
     </span>
     <span class='ocr_line' id='line_1_26' title="bbox 247 1662 1254 1703; baseline -0.006 -7"><span class='ocrx_word' id='word_1_184' title='bbox 247 1667 318 1696; x_wconf 81' lang='lat' dir='ltr'>liter</span> <span class='ocrx_word' id='word_1_185' title='bbox 336 1665 547 1701; x_wconf 69' lang='lat' dir='ltr'>destinamus,</span> <span class='ocrx_word' id='word_1_186' title='bbox 564 1664 620 1703; x_wconf 88' lang='lat' dir='ltr'>qui</span> <span class='ocrx_word' id='word_1_187' title='bbox 642 1664 696 1693; x_wconf 89' lang='lat' dir='ltr'>tibi</span> <span class='ocrx_word' id='word_1_188' title='bbox 714 1664 747 1692; x_wconf 87' lang='lat' dir='ltr'>in</span> <span class='ocrx_word' id='word_1_189' title='bbox 766 1663 823 1692; x_wconf 86' lang='lat' dir='ltr'>bac</span> <span class='ocrx_word' id='word_1_190' title='bbox 841 1667 926 1702; x_wconf 86' lang='lat' dir='ltr'>parte</span> <span class='ocrx_word' id='word_1_191' title='bbox 943 1668 1049 1692; x_wconf 87' lang='lat' dir='ltr'>nostre</span> <span class='ocrx_word' id='word_1_192' title='bbox 1065 1662 1254 1692; x_wconf 83' lang='lat' dir='ltr'>intentionis</span> 
     </span>
     <span class='ocr_line' id='line_1_27' title="bbox 249 1716 1252 1759; baseline -0.005 -10"><span class='ocrx_word' id='word_1_193' title='bbox 249 1720 440 1759; x_wconf 84' lang='lat' dir='ltr'>propositum</span> <span class='ocrx_word' id='word_1_194' title='bbox 458 1718 583 1756; x_wconf 84' lang='lat' dir='ltr'>plenius</span> <span class='ocrx_word' id='word_1_195' title='bbox 597 1717 775 1756; x_wconf 82' lang='lat' dir='ltr'>explicabit.</span> <span class='ocrx_word' id='word_1_196' title='bbox 794 1717 864 1747; x_wconf 88' lang='lat' dir='ltr'>Dat.</span> <span class='ocrx_word' id='word_1_197' title='bbox 879 1716 961 1755; x_wconf 88' lang='lat' dir='ltr'>apud</span> <span class='ocrx_word' id='word_1_198' title='bbox 980 1716 1252 1750; x_wconf 69' lang='lat' dir='ltr'>Urbemveterem,</span> 
     </span>
     <span class='ocr_line' id='line_1_28' title="bbox 247 1771 932 1810; baseline -0.006 -7"><span class='ocrx_word' id='word_1_199' title='bbox 247 1783 264 1803; x_wconf 82' lang='lat' dir='ltr'>x</span> <span class='ocrx_word' id='word_1_200' title='bbox 283 1773 435 1802; x_wconf 76' lang='lat' dir='ltr'>kalendas</span> <span class='ocrx_word' id='word_1_201' title='bbox 454 1771 653 1810; x_wconf 86' lang='lat' dir='ltr'>septembris,</span> <span class='ocrx_word' id='word_1_202' title='bbox 673 1779 758 1800; x_wconf 88' lang='lat' dir='ltr'>anno</span> <span class='ocrx_word' id='word_1_203' title='bbox 776 1775 899 1809; x_wconf 89' lang='lat' dir='ltr'>quarto.</span> <span class='ocrx_word' id='word_1_204' title='bbox 919 1782 932 1796; x_wconf 74' lang='lat' dir='ltr'>n</span> 
     </span>
    </p>
   </div>
   <div class='ocr_carea' id='block_1_3' title="bbox 319 1939 434 1967">
    <p class='ocr_par' dir='ltr' id='par_1_3' title="bbox 319 1939 434 1967">
     <span class='ocr_line' id='line_1_29' title="bbox 319 1939 434 1967; baseline -0.009 0"><span class='ocrx_word' id='word_1_205' title='bbox 319 1939 434 1967; x_wconf 58' lang='lat'>(3⁷59</span> 
     </span>
    </p>
   </div>
   <div class='ocr_carea' id='block_1_4' title="bbox 248 1999 1256 2084">
    <p class='ocr_par' dir='ltr' id='par_1_4' title="bbox 248 1999 1256 2084">
     <span class='ocr_line' id='line_1_30' title="bbox 284 1999 1254 2035; baseline -0.002 -8"><span class='ocrx_word' id='word_1_206' title='bbox 284 2001 393 2035; x_wconf 70' lang='lat' dir='ltr'>Regem</span> <span class='ocrx_word' id='word_1_207' title='bbox 416 1999 553 2026; x_wconf 88' lang='lat' dir='ltr'>Franciae</span> <span class='ocrx_word' id='word_1_208' title='bbox 578 2004 659 2035; x_wconf 79' lang='lat' dir='ltr'>rogat</span> <span class='ocrx_word' id='word_1_209' title='bbox 681 2003 720 2031; x_wconf 90' lang='lat' dir='ltr'>ut,</span> <span class='ocrx_word' id='word_1_210' title='bbox 744 2000 798 2026; x_wconf 92' lang='lat' dir='ltr'>nisi</span> <span class='ocrx_word' id='word_1_211' title='bbox 822 2000 919 2026; x_wconf 86' lang='lat' dir='ltr'>crucis</span> <span class='ocrx_word' id='word_1_212' title='bbox 942 2000 1057 2034; x_wconf 80' lang='lat' dir='ltr'>signum</span> <span class='ocrx_word' id='word_1_213' title='bbox 1081 2001 1254 2034; x_wconf 74' lang='lat' dir='ltr'>sumpserit,</span> 
     </span>
     <span class='ocr_line' id='line_1_31' title="bbox 248 2049 1256 2084; baseline 0 -9"><span class='ocrx_word' id='word_1_214' title='bbox 248 2051 388 2077; x_wconf 73' lang='lat' dir='ltr'>decimam</span> <span class='ocrx_word' id='word_1_215' title='bbox 406 2058 456 2084; x_wconf 86' lang='lat' dir='ltr'>pro</span> <span class='ocrx_word' id='word_1_216' title='bbox 472 2049 576 2076; x_wconf 79' lang='lat' dir='ltr'>Terrae</span> <span class='ocrx_word' id='word_1_217' title='bbox 591 2050 713 2076; x_wconf 82' lang='lat' dir='ltr'>Sanctae</span> <span class='ocrx_word' id='word_1_218' title='bbox 730 2049 860 2076; x_wconf 85' lang='lat' dir='ltr'>subsidio</span> <span class='ocrx_word' id='word_1_219' title='bbox 882 2053 1045 2084; x_wconf 83' lang='lat' dir='ltr'>perceptam</span> <span class='ocrx_word' id='word_1_220' title='bbox 1063 2069 1082 2075; x_wconf 92' lang='lat'>..</span> <span class='ocrx_word' id='word_1_221' title='bbox 1099 2049 1256 2075; x_wconf 81' lang='lat' dir='ltr'>Parisiensi</span> 
     </span>
    </p>
   </div>
   <div class='ocr_carea' id='block_1_5' title="bbox 827 1937 1183 1971">
    <p class='ocr_par' dir='ltr' id='par_1_5' title="bbox 827 1937 1183 1971">
     <span class='ocr_line' id='line_1_32' title="bbox 827 1937 1183 1971; baseline 0 -7"><span class='ocrx_word' id='word_1_222' title='bbox 827 1937 954 1971; x_wconf 86' lang='lat' dir='ltr'>Orvieto,</span> <span class='ocrx_word' id='word_1_223' title='bbox 971 1937 1002 1963; x_wconf 66' lang='lat'>24</span> <span class='ocrx_word' id='word_1_224' title='bbox 1019 1938 1086 1963; x_wconf 77' lang='lat' dir='ltr'>aodt</span> <span class='ocrx_word' id='word_1_225' title='bbox 1106 1937 1183 1964; x_wconf 69' lang='lat'><strong>1291.</strong></span> 
     </span>
    </p>
   </div>
   <div class='ocr_carea' id='block_1_6' title="bbox 247 2098 1257 2234">
    <p class='ocr_par' dir='ltr' id='par_1_6' title="bbox 247 2098 1257 2234">
     <span class='ocr_line' id='line_1_33' title="bbox 247 2098 1256 2134; baseline -0.001 -8"><span class='ocrx_word' id='word_1_226' title='bbox 247 2104 276 2126; x_wconf 84' lang='lat' dir='ltr'>et</span> <span class='ocrx_word' id='word_1_227' title='bbox 292 2120 310 2126; x_wconf 93' lang='lat'>..</span> <span class='ocrx_word' id='word_1_228' title='bbox 329 2099 482 2134; x_wconf 88' lang='lat' dir='ltr'>Spoletano</span> <span class='ocrx_word' id='word_1_229' title='bbox 498 2098 644 2134; x_wconf 86' lang='lat' dir='ltr'>episcopis</span> <span class='ocrx_word' id='word_1_230' title='bbox 662 2099 805 2133; x_wconf 89' lang='lat' dir='ltr'>assignari</span> <span class='ocrx_word' id='word_1_231' title='bbox 821 2099 918 2129; x_wconf 80' lang='lat' dir='ltr'>faciat,</span> <span class='ocrx_word' id='word_1_232' title='bbox 937 2107 972 2125; x_wconf 82' lang='lat' dir='ltr'>ex</span> <span class='ocrx_word' id='word_1_233' title='bbox 991 2107 1046 2133; x_wconf 82' lang='lat' dir='ltr'>qua</span> <span class='ocrx_word' id='word_1_234' title='bbox 1069 2099 1150 2133; x_wconf 86' lang='lat' dir='ltr'>regni</span> <span class='ocrx_word' id='word_1_235' title='bbox 1173 2098 1256 2125; x_wconf 83' lang='lat' dir='ltr'>Fran-</span> 
     </span>
     <span class='ocr_line' id='line_1_34' title="bbox 248 2147 1257 2182; baseline -0.001 -7"><span class='ocrx_word' id='word_1_236' title='bbox 248 2150 308 2176; x_wconf 82' lang='lat' dir='ltr'>ciae</span> <span class='ocrx_word' id='word_1_237' title='bbox 320 2148 531 2182; x_wconf 80' lang='lat' dir='ltr'>crusesignatis</span> <span class='ocrx_word' id='word_1_238' title='bbox 547 2152 575 2174; x_wconf 86' lang='lat' dir='ltr'>et</span> <span class='ocrx_word' id='word_1_239' title='bbox 591 2148 654 2175; x_wconf 81' lang='lat' dir='ltr'>aliis</span> <span class='ocrx_word' id='word_1_240' title='bbox 665 2147 770 2174; x_wconf 83' lang='lat' dir='ltr'>Terrae</span> <span class='ocrx_word' id='word_1_241' title='bbox 784 2148 905 2174; x_wconf 82' lang='lat' dir='ltr'>Sanctae</span> <span class='ocrx_word' id='word_1_242' title='bbox 923 2148 1094 2174; x_wconf 84' lang='lat' dir='ltr'>utilitatibus</span> <span class='ocrx_word' id='word_1_243' title='bbox 1109 2147 1257 2174; x_wconf 87' lang='lat' dir='ltr'>subveniri</span> 
     </span>
     <span class='ocr_line' id='line_1_35' title="bbox 250 2197 790 2234; baseline 0 -11"><span class='ocrx_word' id='word_1_244' title='bbox 250 2199 351 2234; x_wconf 81' lang='lat' dir='ltr'>possit.</span> <span class='ocrx_word' id='word_1_245' title='bbox 369 2197 452 2230; x_wconf 64' lang='lat' dir='ltr'>(Risu.</span> <span class='ocrx_word' id='word_1_246' title='bbox 470 2198 512 2229; x_wconf 72' lang='lat'>46,</span> <span class='ocrx_word' id='word_1_247' title='bbox 530 2206 556 2223; x_wconf 83' lang='lat' dir='ltr'>e.</span> <span class='ocrx_word' id='word_1_248' title='bbox 575 2197 617 2228; x_wconf 66' lang='lat'>52,</span> <span class='ocrx_word' id='word_1_249' title='bbox 635 2197 653 2223; x_wconf 88' lang='lat' dir='ltr'>f.</span> <span class='ocrx_word' id='word_1_250' title='bbox 676 2198 721 2224; x_wconf 70' lang='lat'>174</span> <span class='ocrx_word' id='word_1_251' title='bbox 740 2200 790 2229; x_wconf 67' lang='lat' dir='ltr'>vu.)</span> 
     </span>
    </p>
   </div>
   <div class='ocr_carea' id='block_1_7' title="bbox 250 2299 1265 3034">
    <p class='ocr_par' dir='ltr' id='par_1_7' title="bbox 250 2299 1265 3034">
     <span class='ocr_line' id='line_1_36' title="bbox 292 2299 1258 2338; baseline 0 -9"><span class='ocrx_word' id='word_1_252' title='bbox 292 2301 405 2329; x_wconf 69' lang='lat' dir='ltr'>liiilrm.</span> <span class='ocrx_word' id='word_1_253' title='bbox 425 2313 438 2325; x_wconf 85' lang='lat'>«</span> <span class='ocrx_word' id='word_1_254' title='bbox 458 2300 555 2329; x_wconf 86' lang='lat' dir='ltr'>Novit</span> <span class='ocrx_word' id='word_1_255' title='bbox 570 2299 609 2329; x_wconf 88' lang='lat' dir='ltr'>ab</span> <span class='ocrx_word' id='word_1_256' title='bbox 630 2299 707 2330; x_wconf 90' lang='lat' dir='ltr'>olim</span> <span class='ocrx_word' id='word_1_257' title='bbox 726 2300 813 2337; x_wconf 82' lang='lat' dir='ltr'>regia</span> <span class='ocrx_word' id='word_1_258' title='bbox 831 2299 984 2329; x_wconf 87' lang='lat' dir='ltr'>celsitudo</span> <span class='ocrx_word' id='word_1_259' title='bbox 1001 2300 1166 2338; x_wconf 82' lang='lat' dir='ltr'>ipsamque</span> <span class='ocrx_word' id='word_1_260' title='bbox 1184 2300 1258 2330; x_wconf 84' lang='lat' dir='ltr'>facti</span> 
     </span>
     <span class='ocr_line' id='line_1_37' title="bbox 250 2352 1259 2392; baseline 0 -10"><span class='ocrx_word' id='word_1_261' title='bbox 250 2353 412 2389; x_wconf 68' lang='lat' dir='ltr'>evidentia</span> <span class='ocrx_word' id='word_1_262' title='bbox 440 2353 546 2382; x_wconf 86' lang='lat' dir='ltr'>docuit</span> <span class='ocrx_word' id='word_1_263' title='bbox 576 2352 659 2392; x_wconf 86' lang='lat' dir='ltr'>quod</span> <span class='ocrx_word' id='word_1_264' title='bbox 688 2352 772 2382; x_wconf 79' lang='lat' dir='ltr'>clare</span> <span class='ocrx_word' id='word_1_265' title='bbox 803 2353 955 2382; x_wconf 85' lang='lat' dir='ltr'>memorie</span> <span class='ocrx_word' id='word_1_266' title='bbox 985 2352 1164 2392; x_wconf 74' lang='lat' dir='ltr'>phylippo,</span> <span class='ocrx_word' id='word_1_267' title='bbox 1191 2354 1259 2391; x_wconf 81' lang='lat' dir='ltr'>regi</span> 
     </span>
     <span class='ocr_line' id='line_1_38' title="bbox 252 2406 1260 2445; baseline -0.001 -9"><span class='ocrx_word' id='word_1_268' title='bbox 252 2407 396 2443; x_wconf 86' lang='lat' dir='ltr'>Francie,</span> <span class='ocrx_word' id='word_1_269' title='bbox 412 2406 493 2445; x_wconf 83' lang='lat' dir='ltr'>patri</span> <span class='ocrx_word' id='word_1_270' title='bbox 511 2411 575 2438; x_wconf 81' lang='lat' dir='ltr'>tuo,</span> <span class='ocrx_word' id='word_1_271' title='bbox 591 2415 663 2436; x_wconf 87' lang='lat' dir='ltr'>cum</span> <span class='ocrx_word' id='word_1_272' title='bbox 680 2407 747 2444; x_wconf 82' lang='lat' dir='ltr'>ipse</span> <span class='ocrx_word' id='word_1_273' title='bbox 762 2406 828 2436; x_wconf 90' lang='lat' dir='ltr'>zelo</span> <span class='ocrx_word' id='word_1_274' title='bbox 845 2407 1024 2436; x_wconf 86' lang='lat' dir='ltr'>devotionis</span> <span class='ocrx_word' id='word_1_275' title='bbox 1037 2415 1200 2443; x_wconf 82' lang='lat' dir='ltr'>accensus,</span> <span class='ocrx_word' id='word_1_276' title='bbox 1217 2407 1260 2436; x_wconf 92' lang='lat' dir='ltr'>vi-</span> 
     </span>
     <span class='ocr_line' id='line_1_39' title="bbox 252 2459 1260 2498; baseline 0.001 -9"><span class='ocrx_word' id='word_1_277' title='bbox 252 2461 343 2489; x_wconf 80' lang='lat' dir='ltr'>vifice</span> <span class='ocrx_word' id='word_1_278' title='bbox 371 2460 473 2489; x_wconf 88' lang='lat' dir='ltr'>crucis</span> <span class='ocrx_word' id='word_1_279' title='bbox 500 2464 663 2498; x_wconf 86' lang='lat' dir='ltr'>assumpto</span> <span class='ocrx_word' id='word_1_280' title='bbox 686 2459 868 2497; x_wconf 84' lang='lat' dir='ltr'>signaculo,</span> <span class='ocrx_word' id='word_1_281' title='bbox 894 2459 1076 2489; x_wconf 85' lang='lat' dir='ltr'>intenderet</span> <span class='ocrx_word' id='word_1_282' title='bbox 1102 2460 1136 2488; x_wconf 91' lang='lat' dir='ltr'>in</span> <span class='ocrx_word' id='word_1_283' title='bbox 1165 2460 1260 2490; x_wconf 88' lang='lat' dir='ltr'>Terre</span> 
     </span>
     <span class='ocr_line' id='line_1_40' title="bbox 252 2512 1262 2551; baseline 0.001 -9"><span class='ocrx_word' id='word_1_284' title='bbox 252 2513 367 2543; x_wconf 86' lang='lat' dir='ltr'>Sancte</span> <span class='ocrx_word' id='word_1_285' title='bbox 395 2512 574 2542; x_wconf 83' lang='lat' dir='ltr'>subsidium</span> <span class='ocrx_word' id='word_1_286' title='bbox 603 2512 778 2551; x_wconf 88' lang='lat' dir='ltr'>proficisci,</span> <span class='ocrx_word' id='word_1_287' title='bbox 803 2512 974 2551; x_wconf 79' lang='lat' dir='ltr'>apostolice</span> <span class='ocrx_word' id='word_1_288' title='bbox 1000 2513 1083 2542; x_wconf 90' lang='lat' dir='ltr'>sedis</span> <span class='ocrx_word' id='word_1_289' title='bbox 1110 2518 1262 2543; x_wconf 83' lang='lat' dir='ltr'>consueta</span> 
     </span>
     <span class='ocr_line' id='line_1_41' title="bbox 253 2565 1261 2605; baseline 0.001 -10"><span class='ocrx_word' id='word_1_290' title='bbox 253 2566 433 2605; x_wconf 84' lang='lat' dir='ltr'>benignitas</span> <span class='ocrx_word' id='word_1_291' title='bbox 468 2566 624 2595; x_wconf 84' lang='lat' dir='ltr'>decimam</span> <span class='ocrx_word' id='word_1_292' title='bbox 663 2565 948 2595; x_wconf 73' lang='lat' dir='ltr'>ecclesiasticorum</span> <span class='ocrx_word' id='word_1_293' title='bbox 982 2572 1192 2605; x_wconf 85' lang='lat' dir='ltr'>proventuum</span> <span class='ocrx_word' id='word_1_294' title='bbox 1227 2567 1261 2596; x_wconf 90' lang='lat' dir='ltr'>iu</span> 
     </span>
     <span class='ocr_line' id='line_1_42' title="bbox 253 2618 1262 2658; baseline 0.002 -10"><span class='ocrx_word' id='word_1_295' title='bbox 253 2627 352 2657; x_wconf 83' lang='lat' dir='ltr'>regno</span> <span class='ocrx_word' id='word_1_296' title='bbox 376 2619 510 2648; x_wconf 88' lang='lat' dir='ltr'>Francie</span> <span class='ocrx_word' id='word_1_297' title='bbox 530 2628 565 2648; x_wconf 86' lang='lat' dir='ltr'>ac</span> <span class='ocrx_word' id='word_1_298' title='bbox 590 2618 758 2649; x_wconf 77' lang='lat' dir='ltr'>nonnullis</span> <span class='ocrx_word' id='word_1_299' title='bbox 776 2618 848 2648; x_wconf 86' lang='lat' dir='ltr'>aliis</span> <span class='ocrx_word' id='word_1_300' title='bbox 867 2620 1100 2658; x_wconf 79' lang='lat' dir='ltr'>circumpositis</span> <span class='ocrx_word' id='word_1_301' title='bbox 1120 2620 1262 2658; x_wconf 89' lang='lat' dir='ltr'>partibus</span> 
     </span>
     <span class='ocr_line' id='line_1_43' title="bbox 252 2671 1261 2712; baseline 0.003 -12"><span class='ocrx_word' id='word_1_302' title='bbox 252 2671 343 2701; x_wconf 80' lang='lat' dir='ltr'>duxit</span> <span class='ocrx_word' id='word_1_303' title='bbox 356 2671 394 2701; x_wconf 89' lang='lat' dir='ltr'>de</span> <span class='ocrx_word' id='word_1_304' title='bbox 411 2671 541 2710; x_wconf 84' lang='lat' dir='ltr'>speciali</span> <span class='ocrx_word' id='word_1_305' title='bbox 557 2672 661 2709; x_wconf 86' lang='lat' dir='ltr'>gratia</span> <span class='ocrx_word' id='word_1_306' title='bbox 675 2672 922 2702; x_wconf 87' lang='lat' dir='ltr'>concedendam.</span> <span class='ocrx_word' id='word_1_307' title='bbox 944 2673 1005 2703; x_wconf 84' lang='lat' dir='ltr'>Sed</span> <span class='ocrx_word' id='word_1_308' title='bbox 1024 2673 1098 2703; x_wconf 88' lang='lat' dir='ltr'>licet</span> <span class='ocrx_word' id='word_1_309' title='bbox 1114 2683 1166 2703; x_wconf 87' lang='lat' dir='ltr'>rex</span> <span class='ocrx_word' id='word_1_310' title='bbox 1183 2674 1261 2712; x_wconf 86' lang='lat' dir='ltr'>ipse,</span> 
     </span>
     <span class='ocr_line' id='line_1_44' title="bbox 253 2724 1263 2764; baseline 0.001 -10"><span class='ocrx_word' id='word_1_311' title='bbox 253 2725 329 2754; x_wconf 89' lang='lat' dir='ltr'>dum</span> <span class='ocrx_word' id='word_1_312' title='bbox 349 2725 480 2760; x_wconf 77' lang='lat' dir='ltr'>viveret,</span> <span class='ocrx_word' id='word_1_313' title='bbox 498 2724 656 2754; x_wconf 84' lang='lat' dir='ltr'>decimam</span> <span class='ocrx_word' id='word_1_314' title='bbox 675 2726 811 2763; x_wconf 87' lang='lat' dir='ltr'>percepit</span> <span class='ocrx_word' id='word_1_315' title='bbox 828 2725 1061 2764; x_wconf 81' lang='lat' dir='ltr'>supradictam,</span> <span class='ocrx_word' id='word_1_316' title='bbox 1079 2731 1202 2762; x_wconf 83' lang='lat' dir='ltr'>tamen,</span> <span class='ocrx_word' id='word_1_317' title='bbox 1220 2727 1263 2756; x_wconf 90' lang='lat' dir='ltr'>si-</span> 
     </span>
     <span class='ocr_line' id='line_1_45' title="bbox 254 2777 1263 2819; baseline 0.002 -12"><span class='ocrx_word' id='word_1_318' title='bbox 254 2782 305 2807; x_wconf 85' lang='lat' dir='ltr'>cut</span> <span class='ocrx_word' id='word_1_319' title='bbox 326 2778 462 2807; x_wconf 87' lang='lat' dir='ltr'>Domino</span> <span class='ocrx_word' id='word_1_320' title='bbox 479 2777 608 2817; x_wconf 86' lang='lat' dir='ltr'>placuit,</span> <span class='ocrx_word' id='word_1_321' title='bbox 624 2778 680 2817; x_wconf 91' lang='lat' dir='ltr'>qui</span> <span class='ocrx_word' id='word_1_322' title='bbox 698 2779 801 2808; x_wconf 78' lang='lat' dir='ltr'>aufert</span> <span class='ocrx_word' id='word_1_323' title='bbox 817 2780 964 2818; x_wconf 87' lang='lat' dir='ltr'>spiritum</span> <span class='ocrx_word' id='word_1_324' title='bbox 982 2780 1175 2819; x_wconf 83' lang='lat' dir='ltr'>principum,</span> <span class='ocrx_word' id='word_1_325' title='bbox 1194 2789 1263 2819; x_wconf 87' lang='lat' dir='ltr'>pre-</span> 
     </span>
     <span class='ocr_line' id='line_1_46' title="bbox 256 2832 1262 2872; baseline 0.004 -13"><span class='ocrx_word' id='word_1_326' title='bbox 256 2836 369 2861; x_wconf 79' lang='lat' dir='ltr'>ventus</span> <span class='ocrx_word' id='word_1_327' title='bbox 398 2836 498 2861; x_wconf 86' lang='lat' dir='ltr'>morte</span> <span class='ocrx_word' id='word_1_328' title='bbox 534 2840 595 2862; x_wconf 90' lang='lat' dir='ltr'>non</span> <span class='ocrx_word' id='word_1_329' title='bbox 634 2832 732 2870; x_wconf 89' lang='lat' dir='ltr'>potuit</span> <span class='ocrx_word' id='word_1_330' title='bbox 763 2832 948 2871; x_wconf 80' lang='lat' dir='ltr'>hujusmodi</span> <span class='ocrx_word' id='word_1_331' title='bbox 981 2834 1128 2872; x_wconf 85' lang='lat' dir='ltr'>prosequi</span> <span class='ocrx_word' id='word_1_332' title='bbox 1156 2839 1262 2864; x_wconf 90' lang='lat' dir='ltr'>votum</span> 
     </span>
     <span class='ocr_line' id='line_1_47' title="bbox 256 2885 1264 2926; baseline 0.002 -11"><span class='ocrx_word' id='word_1_333' title='bbox 256 2894 362 2915; x_wconf 85' lang='lat' dir='ltr'>suum.</span> <span class='ocrx_word' id='word_1_334' title='bbox 384 2885 450 2915; x_wconf 89' lang='lat' dir='ltr'>Nos</span> <span class='ocrx_word' id='word_1_335' title='bbox 465 2891 583 2922; x_wconf 87' lang='lat' dir='ltr'>autem,</span> <span class='ocrx_word' id='word_1_336' title='bbox 601 2886 738 2925; x_wconf 86' lang='lat' dir='ltr'>predicte</span> <span class='ocrx_word' id='word_1_337' title='bbox 755 2886 851 2916; x_wconf 80' lang='lat' dir='ltr'>&#39;Perre</span> <span class='ocrx_word' id='word_1_338' title='bbox 869 2886 985 2917; x_wconf 79' lang='lat' dir='ltr'>Sancte</span> <span class='ocrx_word' id='word_1_339' title='bbox 1001 2888 1150 2924; x_wconf 89' lang='lat' dir='ltr'>miseriis,</span> <span class='ocrx_word' id='word_1_340' title='bbox 1168 2897 1264 2926; x_wconf 87' lang='lat' dir='ltr'>quam</span> 
     </span>
     <span class='ocr_line' id='line_1_48' title="bbox 258 2939 1264 2978; baseline 0.004 -11"><span class='ocrx_word' id='word_1_341' title='bbox 258 2939 384 2969; x_wconf 82' lang='lat' dir='ltr'>hostilis</span> <span class='ocrx_word' id='word_1_342' title='bbox 403 2939 562 2978; x_wconf 81' lang='lat' dir='ltr'>impietas,</span> <span class='ocrx_word' id='word_1_343' title='bbox 583 2944 675 2978; x_wconf 90' lang='lat' dir='ltr'>prout</span> <span class='ocrx_word' id='word_1_344' title='bbox 694 2940 746 2969; x_wconf 92' lang='lat' dir='ltr'>tibi</span> <span class='ocrx_word' id='word_1_345' title='bbox 767 2949 821 2978; x_wconf 90' lang='lat' dir='ltr'>per</span> <span class='ocrx_word' id='word_1_346' title='bbox 840 2940 919 2970; x_wconf 88' lang='lat' dir='ltr'>alias</span> <span class='ocrx_word' id='word_1_347' title='bbox 938 2945 1060 2971; x_wconf 88' lang='lat' dir='ltr'>nostras</span> <span class='ocrx_word' id='word_1_348' title='bbox 1076 2940 1196 2971; x_wconf 82' lang='lat' dir='ltr'>litteras</span> <span class='ocrx_word' id='word_1_349' title='bbox 1214 2951 1264 2971; x_wconf 88' lang='lat' dir='ltr'>se-</span> 
     </span>
     <span class='ocr_line' id='line_1_49' title="bbox 258 2993 1265 3034; baseline 0.004 -13"><span class='ocrx_word' id='word_1_350' title='bbox 258 2993 374 3022; x_wconf 81' lang='lat' dir='ltr'>riosius</span> <span class='ocrx_word' id='word_1_351' title='bbox 403 2993 616 3032; x_wconf 77' lang='lat' dir='ltr'>explicamus,</span> <span class='ocrx_word' id='word_1_352' title='bbox 647 2993 833 3024; x_wconf 81' lang='lat' dir='ltr'>vorantibus</span> <span class='ocrx_word' id='word_1_353' title='bbox 862 2994 1000 3024; x_wconf 81' lang='lat' dir='ltr'>flammis</span> <span class='ocrx_word' id='word_1_354' title='bbox 1028 2995 1170 3034; x_wconf 80' lang='lat' dir='ltr'>exposuit</span> <span class='ocrx_word' id='word_1_355' title='bbox 1194 2995 1265 3025; x_wconf 90' lang='lat' dir='ltr'>des-</span> 
     </span>
    </p>
   </div>
   <div class='ocr_carea' id='block_1_8' title="bbox 1333 380 2343 1322">
    <p class='ocr_par' dir='ltr' id='par_1_8' title="bbox 1333 380 2343 1322">
     <span class='ocr_line' id='line_1_50' title="bbox 1334 380 2336 421; baseline 0 -9"><span class='ocrx_word' id='word_1_356' title='bbox 1334 383 1522 418; x_wconf 81' lang='lat' dir='ltr'>truendam,</span> <span class='ocrx_word' id='word_1_357' title='bbox 1545 382 1777 421; x_wconf 82' lang='lat' dir='ltr'>compacientes</span> <span class='ocrx_word' id='word_1_358' title='bbox 1800 381 1839 411; x_wconf 85' lang='lat' dir='ltr'>ab</span> <span class='ocrx_word' id='word_1_359' title='bbox 1862 381 1985 410; x_wconf 88' lang='lat' dir='ltr'>intimis</span> <span class='ocrx_word' id='word_1_360' title='bbox 2007 384 2036 410; x_wconf 88' lang='lat' dir='ltr'>et</span> <span class='ocrx_word' id='word_1_361' title='bbox 2058 385 2186 419; x_wconf 75' lang='lat' dir='ltr'>paterne</span> <span class='ocrx_word' id='word_1_362' title='bbox 2210 380 2336 418; x_wconf 84' lang='lat' dir='ltr'>pietatis</span> 
     </span>
     <span class='ocr_line' id='line_1_51' title="bbox 1333 432 2336 473; baseline 0.001 -9"><span class='ocrx_word' id='word_1_363' title='bbox 1333 437 1443 465; x_wconf 78' lang='lat' dir='ltr'>affectu</span> <span class='ocrx_word' id='word_1_364' title='bbox 1469 437 1537 473; x_wconf 67' lang='lat' dir='ltr'>ejus</span> <span class='ocrx_word' id='word_1_365' title='bbox 1564 435 1728 473; x_wconf 79' lang='lat' dir='ltr'>profundis</span> <span class='ocrx_word' id='word_1_366' title='bbox 1752 434 1913 464; x_wconf 87' lang='lat' dir='ltr'>doloribus</span> <span class='ocrx_word' id='word_1_367' title='bbox 1938 433 2161 468; x_wconf 78' lang='lat' dir='ltr'>condolentes,</span> <span class='ocrx_word' id='word_1_368' title='bbox 2180 432 2217 461; x_wconf 88' lang='lat' dir='ltr'>ad</span> <span class='ocrx_word' id='word_1_369' title='bbox 2237 438 2336 472; x_wconf 83' lang='lat' dir='ltr'>partes</span> 
     </span>
     <span class='ocr_line' id='line_1_52' title="bbox 1334 487 2337 527; baseline 0 -9"><span class='ocrx_word' id='word_1_370' title='bbox 1334 489 1405 518; x_wconf 84' lang='lat' dir='ltr'>illas</span> <span class='ocrx_word' id='word_1_371' title='bbox 1431 489 1468 517; x_wconf 89' lang='lat' dir='ltr'>ad</span> <span class='ocrx_word' id='word_1_372' title='bbox 1497 498 1626 527; x_wconf 79' lang='lat' dir='ltr'>presens</span> <span class='ocrx_word' id='word_1_373' title='bbox 1650 497 1711 518; x_wconf 91' lang='lat' dir='ltr'>uon</span> <span class='ocrx_word' id='word_1_374' title='bbox 1739 487 1898 517; x_wconf 88' lang='lat' dir='ltr'>modicum</span> <span class='ocrx_word' id='word_1_375' title='bbox 1925 487 2086 524; x_wconf 66' lang='lat' dir='ltr'>galearum</span> <span class='ocrx_word' id='word_1_376' title='bbox 2117 495 2284 516; x_wconf 87' lang='lat' dir='ltr'>numerum</span> <span class='ocrx_word' id='word_1_377' title='bbox 2308 492 2337 518; x_wconf 87' lang='lat' dir='ltr'>et.</span> 
     </span>
     <span class='ocr_line' id='line_1_53' title="bbox 1333 538 2336 579; baseline 0.001 -10"><span class='ocrx_word' id='word_1_378' title='bbox 1333 541 1523 571; x_wconf 75' lang='lat' dir='ltr'>laudabilem</span> <span class='ocrx_word' id='word_1_379' title='bbox 1539 546 1734 570; x_wconf 84' lang='lat' dir='ltr'>armatorum</span> <span class='ocrx_word' id='word_1_380' title='bbox 1749 540 1872 579; x_wconf 83' lang='lat' dir='ltr'>copiam</span> <span class='ocrx_word' id='word_1_381' title='bbox 1888 540 2096 574; x_wconf 66' lang='lat' dir='ltr'>destinamus,</span> <span class='ocrx_word' id='word_1_382' title='bbox 2111 538 2201 572; x_wconf 78' lang='lat' dir='ltr'>alias,</span> <span class='ocrx_word' id='word_1_383' title='bbox 2216 539 2336 570; x_wconf 85' lang='lat' dir='ltr'>favente</span> 
     </span>
     <span class='ocr_line' id='line_1_54' title="bbox 1337 591 2336 631; baseline -0.001 -8"><span class='ocrx_word' id='word_1_384' title='bbox 1337 594 1485 629; x_wconf 75' lang='lat' dir='ltr'>Domino,</span> <span class='ocrx_word' id='word_1_385' title='bbox 1499 594 1591 631; x_wconf 83' lang='lat' dir='ltr'>cujus</span> <span class='ocrx_word' id='word_1_386' title='bbox 1606 593 1768 631; x_wconf 80' lang='lat' dir='ltr'>negotium</span> <span class='ocrx_word' id='word_1_387' title='bbox 1778 593 1892 630; x_wconf 70' lang='lat' dir='ltr'>agitur,</span> <span class='ocrx_word' id='word_1_388' title='bbox 1905 592 1979 621; x_wconf 91' lang='lat' dir='ltr'>illuc</span> <span class='ocrx_word' id='word_1_389' title='bbox 1995 591 2223 621; x_wconf 85' lang='lat' dir='ltr'>transmitterre</span> <span class='ocrx_word' id='word_1_390' title='bbox 2234 591 2336 622; x_wconf 83' lang='lat' dir='ltr'>inten-</span> 
     </span>
     <span class='ocr_line' id='line_1_55' title="bbox 1333 644 2337 684; baseline -0.002 -9"><span class='ocrx_word' id='word_1_391' title='bbox 1333 647 1463 682; x_wconf 83' lang='lat' dir='ltr'>dentes,</span> <span class='ocrx_word' id='word_1_392' title='bbox 1488 650 1612 684; x_wconf 86' lang='lat' dir='ltr'>propter</span> <span class='ocrx_word' id='word_1_393' title='bbox 1635 646 1720 684; x_wconf 86' lang='lat' dir='ltr'>quod</span> <span class='ocrx_word' id='word_1_394' title='bbox 1741 651 1897 684; x_wconf 90' lang='lat' dir='ltr'>oportuna</span> <span class='ocrx_word' id='word_1_395' title='bbox 1918 644 2060 674; x_wconf 85' lang='lat' dir='ltr'>subsidia</span> <span class='ocrx_word' id='word_1_396' title='bbox 2080 644 2214 674; x_wconf 85' lang='lat' dir='ltr'>sollicite</span> <span class='ocrx_word' id='word_1_397' title='bbox 2234 644 2337 682; x_wconf 87' lang='lat' dir='ltr'>queri-</span> 
     </span>
     <span class='ocr_line' id='line_1_56' title="bbox 1336 694 2339 738; baseline 0.001 -10"><span class='ocrx_word' id='word_1_398' title='bbox 1336 709 1418 734; x_wconf 76' lang='lat' dir='ltr'>mus,</span> <span class='ocrx_word' id='word_1_399' title='bbox 1433 700 1603 738; x_wconf 86' lang='lat' dir='ltr'>juvamina</span> <span class='ocrx_word' id='word_1_400' title='bbox 1617 694 1836 737; x_wconf 78' lang='lat' dir='ltr'>procuramus,</span> <span class='ocrx_word' id='word_1_401' title='bbox 1851 703 1884 728; x_wconf 86' lang='lat' dir='ltr'>ut</span> <span class='ocrx_word' id='word_1_402' title='bbox 1897 702 2004 728; x_wconf 85' lang='lat' dir='ltr'>nostra</span> <span class='ocrx_word' id='word_1_403' title='bbox 2017 699 2142 728; x_wconf 88' lang='lat' dir='ltr'>fervens</span> <span class='ocrx_word' id='word_1_404' title='bbox 2158 697 2339 737; x_wconf 83' lang='lat' dir='ltr'>stabilisque</span> 
     </span>
     <span class='ocr_line' id='line_1_57' title="bbox 1336 750 2339 790; baseline -0.001 -9"><span class='ocrx_word' id='word_1_405' title='bbox 1336 753 1470 782; x_wconf 87' lang='lat' dir='ltr'>intentio</span> <span class='ocrx_word' id='word_1_406' title='bbox 1488 752 1629 782; x_wconf 88' lang='lat' dir='ltr'>votivum</span> <span class='ocrx_word' id='word_1_407' title='bbox 1646 752 1768 781; x_wconf 86' lang='lat' dir='ltr'>exitum</span> <span class='ocrx_word' id='word_1_408' title='bbox 1786 751 1947 782; x_wconf 88' lang='lat' dir='ltr'>sortiatur.</span> <span class='ocrx_word' id='word_1_409' title='bbox 1965 751 2046 782; x_wconf 91' lang='lat' dir='ltr'>Cum</span> <span class='ocrx_word' id='word_1_410' title='bbox 2063 751 2170 790; x_wconf 87' lang='lat' dir='ltr'>itaque</span> <span class='ocrx_word' id='word_1_411' title='bbox 2183 750 2339 788; x_wconf 86' lang='lat' dir='ltr'>magnitu-</span> 
     </span>
     <span class='ocr_line' id='line_1_58' title="bbox 1335 804 2340 843; baseline 0 -10"><span class='ocrx_word' id='word_1_412' title='bbox 1335 805 1444 834; x_wconf 82' lang='lat' dir='ltr'>dinem</span> <span class='ocrx_word' id='word_1_413' title='bbox 1465 805 1584 842; x_wconf 78' lang='lat' dir='ltr'>regiam</span> <span class='ocrx_word' id='word_1_414' title='bbox 1603 814 1657 843; x_wconf 88' lang='lat' dir='ltr'>per</span> <span class='ocrx_word' id='word_1_415' title='bbox 1675 805 1831 843; x_wconf 85' lang='lat' dir='ltr'>predictas</span> <span class='ocrx_word' id='word_1_416' title='bbox 1846 804 1966 834; x_wconf 86' lang='lat' dir='ltr'>litteras</span> <span class='ocrx_word' id='word_1_417' title='bbox 1979 804 2152 834; x_wconf 83' lang='lat' dir='ltr'>excitemus</span> <span class='ocrx_word' id='word_1_418' title='bbox 2166 804 2243 832; x_wconf 91' lang='lat' dir='ltr'>utin</span> <span class='ocrx_word' id='word_1_419' title='bbox 2261 807 2340 834; x_wconf 79' lang='lat' dir='ltr'>terro</span> 
     </span>
     <span class='ocr_line' id='line_1_59' title="bbox 1337 857 2339 897; baseline -0.001 -10"><span class='ocrx_word' id='word_1_420' title='bbox 1337 858 1474 897; x_wconf 82' lang='lat' dir='ltr'>predicte</span> <span class='ocrx_word' id='word_1_421' title='bbox 1491 857 1672 887; x_wconf 82' lang='lat' dir='ltr'>subsidium</span> <span class='ocrx_word' id='word_1_422' title='bbox 1689 867 1834 887; x_wconf 85' lang='lat' dir='ltr'>assumas</span> <span class='ocrx_word' id='word_1_423' title='bbox 1849 858 1888 888; x_wconf 90' lang='lat' dir='ltr'>ob</span> <span class='ocrx_word' id='word_1_424' title='bbox 1911 858 1967 887; x_wconf 86' lang='lat' dir='ltr'>Dei</span> <span class='ocrx_word' id='word_1_425' title='bbox 1989 858 2197 887; x_wconf 76' lang='lat' dir='ltr'>reverentiam</span> <span class='ocrx_word' id='word_1_426' title='bbox 2214 857 2339 894; x_wconf 81' lang='lat' dir='ltr'>signum</span> 
     </span>
     <span class='ocr_line' id='line_1_60' title="bbox 1336 909 2342 949; baseline 0 -10"><span class='ocrx_word' id='word_1_427' title='bbox 1336 912 1458 946; x_wconf 85' lang='lat' dir='ltr'>crucis,</span> <span class='ocrx_word' id='word_1_428' title='bbox 1487 910 1625 948; x_wconf 79' lang='lat' dir='ltr'>regalem</span> <span class='ocrx_word' id='word_1_429' title='bbox 1653 911 1927 949; x_wconf 78' lang='lat' dir='ltr'>magnificentiam</span> <span class='ocrx_word' id='word_1_430' title='bbox 1958 919 2106 948; x_wconf 78' lang='lat' dir='ltr'>rogamus</span> <span class='ocrx_word' id='word_1_431' title='bbox 2128 915 2158 938; x_wconf 87' lang='lat' dir='ltr'>et</span> <span class='ocrx_word' id='word_1_432' title='bbox 2181 909 2342 939; x_wconf 77' lang='lat' dir='ltr'>hortamur</span> 
     </span>
     <span class='ocr_line' id='line_1_61' title="bbox 1335 963 2341 1002; baseline -0.002 -8"><span class='ocrx_word' id='word_1_433' title='bbox 1335 969 1454 994; x_wconf 87' lang='lat' dir='ltr'>attente</span> <span class='ocrx_word' id='word_1_434' title='bbox 1478 974 1513 993; x_wconf 87' lang='lat' dir='ltr'>ac</span> <span class='ocrx_word' id='word_1_435' title='bbox 1534 964 1738 994; x_wconf 86' lang='lat' dir='ltr'>obsecramus</span> <span class='ocrx_word' id='word_1_436' title='bbox 1766 965 1796 993; x_wconf 96' lang='lat' dir='ltr'>in</span> <span class='ocrx_word' id='word_1_437' title='bbox 1822 964 1960 994; x_wconf 87' lang='lat' dir='ltr'>Domino</span> <span class='ocrx_word' id='word_1_438' title='bbox 1983 964 2058 994; x_wconf 75' lang='lat' dir='ltr'>Jesn</span> <span class='ocrx_word' id='word_1_439' title='bbox 2087 963 2212 993; x_wconf 86' lang='lat' dir='ltr'>Christo</span> <span class='ocrx_word' id='word_1_440' title='bbox 2237 963 2341 1002; x_wconf 86' lang='lat' dir='ltr'>quati-</span> 
     </span>
     <span class='ocr_line' id='line_1_62' title="bbox 1338 1005 2341 1056; baseline -0.001 -9"><span class='ocrx_word' id='word_1_441' title='bbox 1338 1028 1408 1055; x_wconf 88' lang='lat' dir='ltr'>nus,</span> <span class='ocrx_word' id='word_1_442' title='bbox 1427 1018 1465 1048; x_wconf 85' lang='lat' dir='ltr'>ob</span> <span class='ocrx_word' id='word_1_443' title='bbox 1483 1017 1627 1047; x_wconf 84' lang='lat' dir='ltr'>divinam</span> <span class='ocrx_word' id='word_1_444' title='bbox 1646 1022 1676 1048; x_wconf 89' lang='lat' dir='ltr'>et</span> <span class='ocrx_word' id='word_1_445' title='bbox 1692 1017 1862 1056; x_wconf 85' lang='lat' dir='ltr'>apostolice</span> <span class='ocrx_word' id='word_1_446' title='bbox 1881 1017 1965 1047; x_wconf 90' lang='lat' dir='ltr'>sedis</span> <span class='ocrx_word' id='word_1_447' title='bbox 1982 1026 2019 1047; x_wconf 85' lang='lat' dir='ltr'>ac</span> <span class='ocrx_word' id='word_1_448' title='bbox 2037 1022 2176 1047; x_wconf 86' lang='lat' dir='ltr'>nostram</span> <span class='ocrx_word' id='word_1_449' title='bbox 2195 1005 2341 1046; x_wconf 76' lang='lat' dir='ltr'>reveren-</span> 
     </span>
     <span class='ocr_line' id='line_1_63' title="bbox 1338 1071 2340 1109; baseline -0.001 -9"><span class='ocrx_word' id='word_1_450' title='bbox 1338 1072 1434 1108; x_wconf 84' lang='lat' dir='ltr'>tiam,</span> <span class='ocrx_word' id='word_1_451' title='bbox 1461 1075 1561 1101; x_wconf 88' lang='lat' dir='ltr'>tantas</span> <span class='ocrx_word' id='word_1_452' title='bbox 1585 1077 1615 1101; x_wconf 88' lang='lat' dir='ltr'>et</span> <span class='ocrx_word' id='word_1_453' title='bbox 1637 1075 1786 1109; x_wconf 84' lang='lat' dir='ltr'>urgentes</span> <span class='ocrx_word' id='word_1_454' title='bbox 1811 1071 2014 1101; x_wconf 86' lang='lat' dir='ltr'>necessitates</span> <span class='ocrx_word' id='word_1_455' title='bbox 2037 1071 2135 1109; x_wconf 88' lang='lat' dir='ltr'>ipsius</span> <span class='ocrx_word' id='word_1_456' title='bbox 2160 1075 2240 1100; x_wconf 86' lang='lat' dir='ltr'>terre</span> <span class='ocrx_word' id='word_1_457' title='bbox 2271 1074 2340 1099; x_wconf 87' lang='lat' dir='ltr'>tan-</span> 
     </span>
     <span class='ocr_line' id='line_1_64' title="bbox 1337 1123 2343 1163; baseline -0.002 -8"><span class='ocrx_word' id='word_1_458' title='bbox 1337 1134 1432 1163; x_wconf 85' lang='lat' dir='ltr'>quam</span> <span class='ocrx_word' id='word_1_459' title='bbox 1451 1125 1600 1163; x_wconf 77' lang='lat' dir='ltr'>princeps</span> <span class='ocrx_word' id='word_1_460' title='bbox 1618 1124 1794 1155; x_wconf 86' lang='lat' dir='ltr'>catholicus</span> <span class='ocrx_word' id='word_1_461' title='bbox 1809 1129 1837 1154; x_wconf 89' lang='lat' dir='ltr'>et</span> <span class='ocrx_word' id='word_1_462' title='bbox 1852 1125 1936 1154; x_wconf 77' lang='lat' dir='ltr'>filius</span> <span class='ocrx_word' id='word_1_463' title='bbox 1957 1124 2187 1154; x_wconf 78' lang='lat' dir='ltr'>benedictionis</span> <span class='ocrx_word' id='word_1_464' title='bbox 2203 1128 2232 1153; x_wconf 87' lang='lat' dir='ltr'>et</span> <span class='ocrx_word' id='word_1_465' title='bbox 2244 1123 2343 1161; x_wconf 81' lang='lat' dir='ltr'>gratie</span> 
     </span>
     <span class='ocr_line' id='line_1_65' title="bbox 1338 1175 2343 1217; baseline -0.001 -10"><span class='ocrx_word' id='word_1_466' title='bbox 1338 1179 1387 1217; x_wconf 82' lang='lat' dir='ltr'>pia</span> <span class='ocrx_word' id='word_1_467' title='bbox 1403 1177 1657 1207; x_wconf 77' lang='lat' dir='ltr'>consideratione</span> <span class='ocrx_word' id='word_1_468' title='bbox 1674 1178 1860 1214; x_wconf 85' lang='lat' dir='ltr'>discutiens,</span> <span class='ocrx_word' id='word_1_469' title='bbox 1881 1178 1973 1216; x_wconf 88' lang='lat' dir='ltr'>eique</span> <span class='ocrx_word' id='word_1_470' title='bbox 1992 1177 2132 1215; x_wconf 83' lang='lat' dir='ltr'>benigne</span> <span class='ocrx_word' id='word_1_471' title='bbox 2148 1175 2343 1215; x_wconf 85' lang='lat' dir='ltr'>compatiens</span> 
     </span>
     <span class='ocr_line' id='line_1_66' title="bbox 1336 1230 2342 1270; baseline -0.001 -9"><span class='ocrx_word' id='word_1_472' title='bbox 1336 1241 1430 1270; x_wconf 89' lang='lat' dir='ltr'>super</span> <span class='ocrx_word' id='word_1_473' title='bbox 1448 1231 1527 1267; x_wconf 82' lang='lat' dir='ltr'>illis,</span> <span class='ocrx_word' id='word_1_474' title='bbox 1547 1236 1596 1261; x_wconf 86' lang='lat' dir='ltr'>tue</span> <span class='ocrx_word' id='word_1_475' title='bbox 1613 1230 1809 1261; x_wconf 81' lang='lat' dir='ltr'>desiderium</span> <span class='ocrx_word' id='word_1_476' title='bbox 1827 1235 1943 1260; x_wconf 84' lang='lat' dir='ltr'>mentis</span> <span class='ocrx_word' id='word_1_477' title='bbox 1959 1230 1998 1260; x_wconf 89' lang='lat' dir='ltr'>ad</span> <span class='ocrx_word' id='word_1_478' title='bbox 2014 1231 2083 1269; x_wconf 87' lang='lat' dir='ltr'>ejus</span> <span class='ocrx_word' id='word_1_479' title='bbox 2101 1230 2342 1260; x_wconf 76' lang='lat' dir='ltr'>subventionem</span> 
     </span>
     <span class='ocr_line' id='line_1_67' title="bbox 1337 1283 2342 1322; baseline -0.002 -9"><span class='ocrx_word' id='word_1_480' title='bbox 1337 1284 1496 1314; x_wconf 75' lang='lat' dir='ltr'>ferventer</span> <span class='ocrx_word' id='word_1_481' title='bbox 1519 1283 1711 1318; x_wconf 77' lang='lat' dir='ltr'>extendens,</span> <span class='ocrx_word' id='word_1_482' title='bbox 1733 1283 1759 1313; x_wconf 91' lang='lat' dir='ltr'>si</span> <span class='ocrx_word' id='word_1_483' title='bbox 1781 1283 1967 1322; x_wconf 85' lang='lat' dir='ltr'>hujusmodi</span> <span class='ocrx_word' id='word_1_484' title='bbox 1991 1283 2116 1313; x_wconf 83' lang='lat' dir='ltr'>salubre</span> <span class='ocrx_word' id='word_1_485' title='bbox 2132 1283 2260 1320; x_wconf 84' lang='lat' dir='ltr'>signum</span> <span class='ocrx_word' id='word_1_486' title='bbox 2280 1289 2342 1312; x_wconf 89' lang='lat' dir='ltr'>non</span> 
     </span>
    </p>
   </div>
   <div class='ocr_carea' id='block_1_9' title="bbox 1336 1333 2351 1375">
    <p class='ocr_par' dir='ltr' id='par_1_9' title="bbox 1336 1333 2351 1375">
     <span class='ocr_line' id='line_1_68' title="bbox 1336 1333 2351 1375; baseline -0.002 -9"><span class='ocrx_word' id='word_1_487' title='bbox 1336 1337 1464 1367; x_wconf 88' lang='lat' dir='ltr'>duxeris</span> <span class='ocrx_word' id='word_1_488' title='bbox 1479 1337 1724 1374; x_wconf 85' lang='lat' dir='ltr'>assumendum,</span> <span class='ocrx_word' id='word_1_489' title='bbox 1742 1336 1916 1375; x_wconf 88' lang='lat' dir='ltr'>predictam</span> <span class='ocrx_word' id='word_1_490' title='bbox 1933 1337 2088 1366; x_wconf 88' lang='lat' dir='ltr'>decimam</span> <span class='ocrx_word' id='word_1_491' title='bbox 2109 1333 2351 1367; x_wconf 80' lang='lat' dir='ltr'>venerabilibus,</span> 
     </span>
    </p>
   </div>
   <div class='ocr_carea' id='block_1_10' title="bbox 1336 1388 2350 2175">
    <p class='ocr_par' dir='ltr' id='par_1_10' title="bbox 1336 1388 2350 2175">
     <span class='ocr_line' id='line_1_69' title="bbox 1336 1388 2344 1429; baseline -0.002 -9"><span class='ocrx_word' id='word_1_492' title='bbox 1336 1391 1487 1420; x_wconf 80' lang='lat' dir='ltr'>fratribus</span> <span class='ocrx_word' id='word_1_493' title='bbox 1507 1390 1623 1420; x_wconf 87' lang='lat' dir='ltr'>nostris</span> <span class='ocrx_word' id='word_1_494' title='bbox 1641 1413 1660 1420; x_wconf 90' lang='lat'>..</span> <span class='ocrx_word' id='word_1_495' title='bbox 1681 1390 1855 1420; x_wconf 83' lang='lat' dir='ltr'>Parisiensi</span> <span class='ocrx_word' id='word_1_496' title='bbox 1875 1395 1905 1419; x_wconf 86' lang='lat' dir='ltr'>et</span> <span class='ocrx_word' id='word_1_497' title='bbox 1922 1413 1942 1420; x_wconf 90' lang='lat'>..</span> <span class='ocrx_word' id='word_1_498' title='bbox 1963 1389 2147 1429; x_wconf 82' lang='lat' dir='ltr'>Spoletano,</span> <span class='ocrx_word' id='word_1_499' title='bbox 2166 1388 2258 1418; x_wconf 86' lang='lat' dir='ltr'>latori</span> <span class='ocrx_word' id='word_1_500' title='bbox 2277 1396 2344 1428; x_wconf 83' lang='lat' dir='ltr'>pre-</span> 
     </span>
     <span class='ocr_line' id='line_1_70' title="bbox 1337 1441 2344 1483; baseline -0.002 -10"><span class='ocrx_word' id='word_1_501' title='bbox 1337 1444 1497 1480; x_wconf 84' lang='lat' dir='ltr'>sentium,</span> <span class='ocrx_word' id='word_1_502' title='bbox 1519 1444 1690 1483; x_wconf 83' lang='lat' dir='ltr'>episcopis,</span> <span class='ocrx_word' id='word_1_503' title='bbox 1710 1443 1760 1473; x_wconf 81' lang='lat' dir='ltr'>vel</span> <span class='ocrx_word' id='word_1_504' title='bbox 1779 1443 1826 1473; x_wconf 87' lang='lat' dir='ltr'>illi</span> <span class='ocrx_word' id='word_1_505' title='bbox 1844 1448 1899 1473; x_wconf 85' lang='lat' dir='ltr'>aut</span> <span class='ocrx_word' id='word_1_506' title='bbox 1916 1443 1983 1473; x_wconf 90' lang='lat' dir='ltr'>illis</span> <span class='ocrx_word' id='word_1_507' title='bbox 2004 1452 2099 1482; x_wconf 84' lang='lat' dir='ltr'>quem</span> <span class='ocrx_word' id='word_1_508' title='bbox 2121 1442 2170 1473; x_wconf 83' lang='lat' dir='ltr'>vel</span> <span class='ocrx_word' id='word_1_509' title='bbox 2189 1450 2268 1481; x_wconf 87' lang='lat' dir='ltr'>qnos</span> <span class='ocrx_word' id='word_1_510' title='bbox 2287 1441 2344 1472; x_wconf 83' lang='lat' dir='ltr'>tibi</span> 
     </span>
     <span class='ocr_line' id='line_1_71' title="bbox 1337 1496 2344 1535; baseline -0.002 -9"><span class='ocrx_word' id='word_1_511' title='bbox 1337 1497 1487 1527; x_wconf 78' lang='lat' dir='ltr'>duxerint</span> <span class='ocrx_word' id='word_1_512' title='bbox 1505 1496 1736 1533; x_wconf 88' lang='lat' dir='ltr'>nominandos,</span> <span class='ocrx_word' id='word_1_513' title='bbox 1754 1496 1893 1535; x_wconf 88' lang='lat' dir='ltr'>predicte</span> <span class='ocrx_word' id='word_1_514' title='bbox 1911 1497 2008 1526; x_wconf 86' lang='lat' dir='ltr'>Terre</span> <span class='ocrx_word' id='word_1_515' title='bbox 2029 1496 2143 1526; x_wconf 88' lang='lat' dir='ltr'>Sancte</span> <span class='ocrx_word' id='word_1_516' title='bbox 2158 1504 2195 1526; x_wconf 86' lang='lat' dir='ltr'>ac</span> <span class='ocrx_word' id='word_1_517' title='bbox 2215 1503 2344 1526; x_wconf 83' lang='lat' dir='ltr'>romane</span> 
     </span>
     <span class='ocr_line' id='line_1_72' title="bbox 1337 1548 2345 1588; baseline -0.002 -8"><span class='ocrx_word' id='word_1_518' title='bbox 1337 1550 1469 1580; x_wconf 83' lang='lat' dir='ltr'>ecclesie</span> <span class='ocrx_word' id='word_1_519' title='bbox 1487 1550 1581 1580; x_wconf 82' lang='lat' dir='ltr'>facias</span> <span class='ocrx_word' id='word_1_520' title='bbox 1597 1550 1768 1588; x_wconf 79' lang='lat' dir='ltr'>assignari,</span> <span class='ocrx_word' id='word_1_521' title='bbox 1788 1555 1822 1580; x_wconf 91' lang='lat' dir='ltr'>nt</span> <span class='ocrx_word' id='word_1_522' title='bbox 1835 1559 1871 1579; x_wconf 82' lang='lat' dir='ltr'>ex</span> <span class='ocrx_word' id='word_1_523' title='bbox 1886 1559 1921 1579; x_wconf 91' lang='lat' dir='ltr'>ea</span> <span class='ocrx_word' id='word_1_524' title='bbox 1939 1549 2144 1588; x_wconf 83' lang='lat' dir='ltr'>magnatibus</span> <span class='ocrx_word' id='word_1_525' title='bbox 2157 1554 2187 1578; x_wconf 88' lang='lat' dir='ltr'>et</span> <span class='ocrx_word' id='word_1_526' title='bbox 2203 1548 2345 1587; x_wconf 86' lang='lat' dir='ltr'>personis</span> 
     </span>
     <span class='ocr_line' id='line_1_73' title="bbox 1337 1602 2344 1642; baseline -0.002 -10"><span class='ocrx_word' id='word_1_527' title='bbox 1337 1603 1410 1633; x_wconf 89' lang='lat' dir='ltr'>aliis</span> <span class='ocrx_word' id='word_1_528' title='bbox 1427 1603 1517 1641; x_wconf 85' lang='lat' dir='ltr'>regni</span> <span class='ocrx_word' id='word_1_529' title='bbox 1540 1603 1584 1633; x_wconf 90' lang='lat' dir='ltr'>tui</span> <span class='ocrx_word' id='word_1_530' title='bbox 1603 1604 1657 1642; x_wconf 88' lang='lat' dir='ltr'>qni</span> <span class='ocrx_word' id='word_1_531' title='bbox 1677 1612 1803 1633; x_wconf 89' lang='lat' dir='ltr'>crucem</span> <span class='ocrx_word' id='word_1_532' title='bbox 1821 1608 2066 1641; x_wconf 86' lang='lat' dir='ltr'>assumpserunt</span> <span class='ocrx_word' id='word_1_533' title='bbox 2084 1602 2236 1632; x_wconf 86' lang='lat' dir='ltr'>hactenus</span> <span class='ocrx_word' id='word_1_534' title='bbox 2251 1606 2282 1631; x_wconf 86' lang='lat' dir='ltr'>et</span> <span class='ocrx_word' id='word_1_535' title='bbox 2295 1609 2344 1630; x_wconf 85' lang='lat' dir='ltr'>as-</span> 
     </span>
     <span class='ocr_line' id='line_1_74' title="bbox 1337 1655 2346 1696; baseline 0 -10"><span class='ocrx_word' id='word_1_536' title='bbox 1337 1662 1465 1687; x_wconf 88' lang='lat' dir='ltr'>sument</span> <span class='ocrx_word' id='word_1_537' title='bbox 1479 1662 1509 1687; x_wconf 88' lang='lat' dir='ltr'>et</span> <span class='ocrx_word' id='word_1_538' title='bbox 1522 1657 1622 1696; x_wconf 89' lang='lat' dir='ltr'>ipsius</span> <span class='ocrx_word' id='word_1_539' title='bbox 1639 1663 1718 1687; x_wconf 90' lang='lat' dir='ltr'>terre</span> <span class='ocrx_word' id='word_1_540' title='bbox 1737 1657 1926 1686; x_wconf 85' lang='lat' dir='ltr'>utilitatibus</span> <span class='ocrx_word' id='word_1_541' title='bbox 1946 1656 2046 1686; x_wconf 84' lang='lat' dir='ltr'>valeat</span> <span class='ocrx_word' id='word_1_542' title='bbox 2060 1656 2234 1686; x_wconf 84' lang='lat' dir='ltr'>subveniri.</span> <span class='ocrx_word' id='word_1_543' title='bbox 2251 1655 2302 1685; x_wconf 83' lang='lat' dir='ltr'>Sic</span> <span class='ocrx_word' id='word_1_544' title='bbox 2318 1660 2346 1686; x_wconf 75' lang='lat' dir='ltr'>te</span> 
     </span>
     <span class='ocr_line' id='line_1_75' title="bbox 1338 1709 2346 1749; baseline -0.002 -9"><span class='ocrx_word' id='word_1_545' title='bbox 1338 1711 1507 1747; x_wconf 77' lang='lat' dir='ltr'>munifice,</span> <span class='ocrx_word' id='word_1_546' title='bbox 1535 1715 1677 1749; x_wconf 75' lang='lat' dir='ltr'>prompte</span> <span class='ocrx_word' id='word_1_547' title='bbox 1705 1719 1741 1739; x_wconf 81' lang='lat' dir='ltr'>ac</span> <span class='ocrx_word' id='word_1_548' title='bbox 1769 1710 1938 1739; x_wconf 82' lang='lat' dir='ltr'>efficaciter</span> <span class='ocrx_word' id='word_1_549' title='bbox 1968 1710 2137 1740; x_wconf 87' lang='lat' dir='ltr'>habiturus</span> <span class='ocrx_word' id='word_1_550' title='bbox 2167 1709 2346 1748; x_wconf 86' lang='lat' dir='ltr'>nostrisque</span> 
     </span>
     <span class='ocr_line' id='line_1_76' title="bbox 1337 1762 2346 1802; baseline -0.002 -8"><span class='ocrx_word' id='word_1_551' title='bbox 1337 1765 1612 1802; x_wconf 86' lang='lat' dir='ltr'>obtemperaturus</span> <span class='ocrx_word' id='word_1_552' title='bbox 1625 1763 1737 1793; x_wconf 77' lang='lat' dir='ltr'>devote</span> <span class='ocrx_word' id='word_1_553' title='bbox 1753 1763 1897 1802; x_wconf 76' lang='lat' dir='ltr'>precibus</span> <span class='ocrx_word' id='word_1_554' title='bbox 1912 1764 1945 1792; x_wconf 93' lang='lat' dir='ltr'>in</span> <span class='ocrx_word' id='word_1_555' title='bbox 1963 1763 2021 1793; x_wconf 84' lang='lat' dir='ltr'>hac</span> <span class='ocrx_word' id='word_1_556' title='bbox 2034 1768 2122 1802; x_wconf 86' lang='lat' dir='ltr'>parte</span> <span class='ocrx_word' id='word_1_557' title='bbox 2138 1767 2171 1792; x_wconf 93' lang='lat' dir='ltr'>ut</span> <span class='ocrx_word' id='word_1_558' title='bbox 2183 1763 2223 1792; x_wconf 87' lang='lat' dir='ltr'>ab</span> <span class='ocrx_word' id='word_1_559' title='bbox 2239 1770 2276 1792; x_wconf 90' lang='lat' dir='ltr'>eo</span> <span class='ocrx_word' id='word_1_560' title='bbox 2291 1762 2346 1801; x_wconf 89' lang='lat' dir='ltr'>qui</span> 
     </span>
     <span class='ocr_line' id='line_1_77' title="bbox 1339 1817 2346 1856; baseline -0.001 -9"><span class='ocrx_word' id='word_1_561' title='bbox 1339 1819 1495 1848; x_wconf 89' lang='lat' dir='ltr'>bonorum</span> <span class='ocrx_word' id='word_1_562' title='bbox 1514 1822 1561 1847; x_wconf 90' lang='lat' dir='ltr'>est</span> <span class='ocrx_word' id='word_1_563' title='bbox 1575 1817 1720 1847; x_wconf 88' lang='lat' dir='ltr'>omnium</span> <span class='ocrx_word' id='word_1_564' title='bbox 1740 1817 1908 1846; x_wconf 84' lang='lat' dir='ltr'>retributor</span> <span class='ocrx_word' id='word_1_565' title='bbox 1923 1817 2083 1855; x_wconf 69' lang='lat' dir='ltr'>condigna</span> <span class='ocrx_word' id='word_1_566' title='bbox 2101 1817 2220 1856; x_wconf 87' lang='lat' dir='ltr'>premia</span> <span class='ocrx_word' id='word_1_567' title='bbox 2237 1824 2346 1846; x_wconf 86' lang='lat' dir='ltr'>conse-</span> 
     </span>
     <span class='ocr_line' id='line_1_78' title="bbox 1338 1869 2349 1910; baseline -0.003 -9"><span class='ocrx_word' id='word_1_568' title='bbox 1338 1872 1463 1910; x_wconf 86' lang='lat' dir='ltr'>quaris,</span> <span class='ocrx_word' id='word_1_569' title='bbox 1488 1879 1608 1909; x_wconf 89' lang='lat' dir='ltr'>nosque</span> <span class='ocrx_word' id='word_1_570' title='bbox 1629 1870 1832 1900; x_wconf 88' lang='lat' dir='ltr'>devotionem</span> <span class='ocrx_word' id='word_1_571' title='bbox 1855 1875 1959 1905; x_wconf 90' lang='lat' dir='ltr'>tuam,</span> <span class='ocrx_word' id='word_1_572' title='bbox 1980 1879 2076 1909; x_wconf 88' lang='lat' dir='ltr'>quam</span> <span class='ocrx_word' id='word_1_573' title='bbox 2099 1879 2173 1908; x_wconf 84' lang='lat' dir='ltr'>erga</span> <span class='ocrx_word' id='word_1_574' title='bbox 2196 1869 2298 1899; x_wconf 87' lang='lat' dir='ltr'>Deum</span> <span class='ocrx_word' id='word_1_575' title='bbox 2319 1873 2349 1899; x_wconf 80' lang='lat' dir='ltr'>et</span> 
     </span>
     <span class='ocr_line' id='line_1_79' title="bbox 1340 1923 2348 1962; baseline -0.002 -8"><span class='ocrx_word' id='word_1_576' title='bbox 1340 1924 1475 1955; x_wconf 88' lang='lat' dir='ltr'>eandem</span> <span class='ocrx_word' id='word_1_577' title='bbox 1493 1923 1659 1954; x_wconf 87' lang='lat' dir='ltr'>ecclesiam</span> <span class='ocrx_word' id='word_1_578' title='bbox 1677 1927 1813 1953; x_wconf 87' lang='lat' dir='ltr'>matrem</span> <span class='ocrx_word' id='word_1_579' title='bbox 1830 1928 1915 1952; x_wconf 86' lang='lat' dir='ltr'>tuam</span> <span class='ocrx_word' id='word_1_580' title='bbox 1932 1923 1970 1953; x_wconf 87' lang='lat' dir='ltr'>de</span> <span class='ocrx_word' id='word_1_581' title='bbox 1987 1923 2071 1953; x_wconf 90' lang='lat' dir='ltr'>bono</span> <span class='ocrx_word' id='word_1_582' title='bbox 2087 1932 2211 1962; x_wconf 85' lang='lat' dir='ltr'>semper</span> <span class='ocrx_word' id='word_1_583' title='bbox 2227 1923 2261 1952; x_wconf 90' lang='lat' dir='ltr'>in</span> <span class='ocrx_word' id='word_1_584' title='bbox 2283 1930 2348 1952; x_wconf 84' lang='lat' dir='ltr'>me-</span> 
     </span>
     <span class='ocr_line' id='line_1_80' title="bbox 1339 1976 2347 2016; baseline -0.002 -9"><span class='ocrx_word' id='word_1_585' title='bbox 1339 1978 1402 2007; x_wconf 90' lang='lat' dir='ltr'>lius</span> <span class='ocrx_word' id='word_1_586' title='bbox 1429 1978 1540 2015; x_wconf 80' lang='lat' dir='ltr'>augeri</span> <span class='ocrx_word' id='word_1_587' title='bbox 1568 1976 1737 2016; x_wconf 87' lang='lat' dir='ltr'>cupimus,</span> <span class='ocrx_word' id='word_1_588' title='bbox 1763 1977 1913 2006; x_wconf 90' lang='lat' dir='ltr'>uberibus</span> <span class='ocrx_word' id='word_1_589' title='bbox 1937 1976 2084 2007; x_wconf 86' lang='lat' dir='ltr'>laudibus</span> <span class='ocrx_word' id='word_1_590' title='bbox 2110 1985 2347 2016; x_wconf 83' lang='lat' dir='ltr'>prosequamur.</span> 
     </span>
     <span class='ocr_line' id='line_1_81' title="bbox 1341 2029 2348 2069; baseline -0.001 -8"><span class='ocrx_word' id='word_1_591' title='bbox 1341 2032 1407 2062; x_wconf 86' lang='lat' dir='ltr'>Nec</span> <span class='ocrx_word' id='word_1_592' title='bbox 1428 2031 1487 2066; x_wconf 84' lang='lat' dir='ltr'>sit,</span> <span class='ocrx_word' id='word_1_593' title='bbox 1508 2039 1701 2069; x_wconf 86' lang='lat' dir='ltr'>quesumus,</span> <span class='ocrx_word' id='word_1_594' title='bbox 1721 2030 1796 2066; x_wconf 90' lang='lat' dir='ltr'>tibi,</span> <span class='ocrx_word' id='word_1_595' title='bbox 1817 2029 1873 2065; x_wconf 84' lang='lat' dir='ltr'>fili,</span> <span class='ocrx_word' id='word_1_596' title='bbox 1892 2038 1988 2068; x_wconf 83' lang='lat' dir='ltr'>grave</span> <span class='ocrx_word' id='word_1_597' title='bbox 2006 2039 2061 2060; x_wconf 88' lang='lat' dir='ltr'>seu</span> <span class='ocrx_word' id='word_1_598' title='bbox 2080 2029 2248 2060; x_wconf 87' lang='lat' dir='ltr'>molestum</span> <span class='ocrx_word' id='word_1_599' title='bbox 2265 2029 2348 2068; x_wconf 89' lang='lat' dir='ltr'>quod</span> 
     </span>
     <span class='ocr_line' id='line_1_82' title="bbox 1341 2082 2350 2124; baseline -0.002 -10"><span class='ocrx_word' id='word_1_600' title='bbox 1341 2086 1501 2124; x_wconf 85' lang='lat' dir='ltr'>petimus,</span> <span class='ocrx_word' id='word_1_601' title='bbox 1520 2093 1592 2114; x_wconf 90' lang='lat' dir='ltr'>cum</span> <span class='ocrx_word' id='word_1_602' title='bbox 1610 2084 1642 2113; x_wconf 89' lang='lat' dir='ltr'>id</span> <span class='ocrx_word' id='word_1_603' title='bbox 1659 2088 1689 2113; x_wconf 90' lang='lat' dir='ltr'>et</span> <span class='ocrx_word' id='word_1_604' title='bbox 1705 2083 1901 2113; x_wconf 87' lang='lat' dir='ltr'>necessitatis</span> <span class='ocrx_word' id='word_1_605' title='bbox 1920 2083 2064 2121; x_wconf 83' lang='lat' dir='ltr'>ingentis</span> <span class='ocrx_word' id='word_1_606' title='bbox 2079 2082 2234 2113; x_wconf 88' lang='lat' dir='ltr'>articulus</span> <span class='ocrx_word' id='word_1_607' title='bbox 2251 2087 2282 2112; x_wconf 87' lang='lat' dir='ltr'>et</span> <span class='ocrx_word' id='word_1_608' title='bbox 2295 2091 2350 2121; x_wconf 84' lang='lat' dir='ltr'>pe-</span> 
     </span>
     <span class='ocr_line' id='line_1_83' title="bbox 1341 2135 2350 2175; baseline -0.003 -6"><span class='ocrx_word' id='word_1_609' title='bbox 1341 2139 1477 2169; x_wconf 80' lang='lat' dir='ltr'>riculosa</span> <span class='ocrx_word' id='word_1_610' title='bbox 1503 2139 1585 2168; x_wconf 86' lang='lat' dir='ltr'>dicte</span> <span class='ocrx_word' id='word_1_611' title='bbox 1612 2142 1692 2167; x_wconf 82' lang='lat' dir='ltr'>terre</span> <span class='ocrx_word' id='word_1_612' title='bbox 1721 2137 1861 2167; x_wconf 89' lang='lat' dir='ltr'>conditio</span> <span class='ocrx_word' id='word_1_613' title='bbox 1887 2136 2012 2175; x_wconf 84' lang='lat' dir='ltr'>exigere</span> <span class='ocrx_word' id='word_1_614' title='bbox 2039 2136 2258 2174; x_wconf 81' lang='lat' dir='ltr'>dinoscantur.</span> <span class='ocrx_word' id='word_1_615' title='bbox 2284 2135 2350 2166; x_wconf 82' lang='lat' dir='ltr'>Nos</span> 
     </span>
    </p>
   </div>
   <div class='ocr_carea' id='block_1_11' title="bbox 1341 2189 2360 2232">
    <p class='ocr_par' dir='ltr' id='par_1_11' title="bbox 1341 2189 2360 2232">
     <span class='ocr_line' id='line_1_84' title="bbox 1341 2189 2360 2232; baseline -0.004 -9"><span class='ocrx_word' id='word_1_616' title='bbox 1341 2194 1430 2224; x_wconf 88' lang='lat' dir='ltr'>enim</span> <span class='ocrx_word' id='word_1_617' title='bbox 1453 2192 1637 2222; x_wconf 87' lang='lat' dir='ltr'>memoratis</span> <span class='ocrx_word' id='word_1_618' title='bbox 1661 2191 1818 2230; x_wconf 88' lang='lat' dir='ltr'>episcopis</span> <span class='ocrx_word' id='word_1_619' title='bbox 1842 2190 1980 2220; x_wconf 84' lang='lat' dir='ltr'>faciendi</span> <span class='ocrx_word' id='word_1_620' title='bbox 2000 2190 2057 2220; x_wconf 90' lang='lat' dir='ltr'>tibi</span> <span class='ocrx_word' id='word_1_621' title='bbox 2078 2189 2299 2220; x_wconf 81' lang='lat' dir='ltr'>refutationem</span> <span class='ocrx_word' id='word_1_622' title='bbox 2321 2193 2360 2232; x_wconf 34' lang='lat' dir='ltr'>et·</span> 
     </span>
    </p>
   </div>
   <div class='ocr_carea' id='block_1_12' title="bbox 1342 2243 2351 2340">
    <p class='ocr_par' dir='ltr' id='par_1_12' title="bbox 1342 2243 2351 2340">
     <span class='ocr_line' id='line_1_85' title="bbox 1342 2243 2351 2286; baseline -0.004 -10"><span class='ocrx_word' id='word_1_623' title='bbox 1342 2247 1552 2286; x_wconf 88' lang='lat' dir='ltr'>quitationem</span> <span class='ocrx_word' id='word_1_624' title='bbox 1571 2245 1730 2284; x_wconf 63' lang='lat' dir='ltr'>ydoneam</span> <span class='ocrx_word' id='word_1_625' title='bbox 1747 2244 1786 2274; x_wconf 90' lang='lat' dir='ltr'>de</span> <span class='ocrx_word' id='word_1_626' title='bbox 1806 2244 1869 2274; x_wconf 90' lang='lat' dir='ltr'>hiis</span> <span class='ocrx_word' id='word_1_627' title='bbox 1887 2253 1949 2283; x_wconf 88' lang='lat' dir='ltr'>que</span> <span class='ocrx_word' id='word_1_628' title='bbox 1965 2244 2004 2274; x_wconf 86' lang='lat' dir='ltr'>de</span> <span class='ocrx_word' id='word_1_629' title='bbox 2020 2244 2102 2273; x_wconf 78' lang='lat' dir='ltr'>dicta</span> <span class='ocrx_word' id='word_1_630' title='bbox 2118 2243 2254 2278; x_wconf 83' lang='lat' dir='ltr'>decima,</span> <span class='ocrx_word' id='word_1_631' title='bbox 2270 2243 2351 2273; x_wconf 86' lang='lat' dir='ltr'>sicut</span> 
     </span>
     <span class='ocr_line' id='line_1_86' title="bbox 1344 2297 2351 2340; baseline -0.004 -10"><span class='ocrx_word' id='word_1_632' title='bbox 1344 2300 1558 2340; x_wconf 85' lang='lat' dir='ltr'>premittitur,</span> <span class='ocrx_word' id='word_1_633' title='bbox 1583 2299 1679 2328; x_wconf 77' lang='lat' dir='ltr'>facies</span> <span class='ocrx_word' id='word_1_634' title='bbox 1699 2298 1877 2337; x_wconf 80' lang='lat' dir='ltr'>assignari,</span> <span class='ocrx_word' id='word_1_635' title='bbox 1901 2297 2034 2327; x_wconf 88' lang='lat' dir='ltr'>liberam</span> <span class='ocrx_word' id='word_1_636' title='bbox 2057 2307 2112 2336; x_wconf 87' lang='lat' dir='ltr'>per</span> <span class='ocrx_word' id='word_1_637' title='bbox 2130 2297 2210 2327; x_wconf 86' lang='lat' dir='ltr'>alias</span> <span class='ocrx_word' id='word_1_638' title='bbox 2230 2301 2351 2327; x_wconf 89' lang='lat' dir='ltr'>nostras</span> 
     </span>
    </p>
   </div>
   <div class='ocr_carea' id='block_1_13' title="bbox 1344 2340 2379 2397">
    <p class='ocr_par' dir='ltr' id='par_1_13' title="bbox 1344 2340 2379 2397">
     <span class='ocr_line' id='line_1_87' title="bbox 1344 2340 2379 2397; baseline -0.004 -13"><span class='ocrx_word' id='word_1_639' title='bbox 1344 2353 1547 2384; x_wconf 88' lang='lat' dir='ltr'>concedimus</span> <span class='ocrx_word' id='word_1_640' title='bbox 1570 2352 1691 2383; x_wconf 88' lang='lat' dir='ltr'>litteras</span> <span class='ocrx_word' id='word_1_641' title='bbox 1714 2351 1906 2382; x_wconf 84' lang='lat' dir='ltr'>facultatem.</span> <span class='ocrx_word' id='word_1_642' title='bbox 1934 2351 2004 2380; x_wconf 84' lang='lat' dir='ltr'>Dat.</span> <span class='ocrx_word' id='word_1_643' title='bbox 2029 2351 2112 2390; x_wconf 89' lang='lat' dir='ltr'>apud</span> <span class='ocrx_word' id='word_1_644' title='bbox 2141 2340 2379 2397; x_wconf 48' lang='lat' dir='ltr'>Urbemvete-,{</span> 
     </span>
    </p>
   </div>
   <div class='ocr_carea' id='block_1_14' title="bbox 1346 2405 2177 2444">
    <p class='ocr_par' dir='ltr' id='par_1_14' title="bbox 1346 2405 2177 2444">
     <span class='ocr_line' id='line_1_88' title="bbox 1346 2405 2177 2444; baseline -0.007 -7"><span class='ocrx_word' id='word_1_645' title='bbox 1346 2417 1425 2444; x_wconf 91' lang='lat' dir='ltr'>rem,</span> <span class='ocrx_word' id='word_1_646' title='bbox 1442 2416 1511 2436; x_wconf 90' lang='lat' dir='ltr'>vnn</span> <span class='ocrx_word' id='word_1_647' title='bbox 1531 2406 1684 2436; x_wconf 83' lang='lat' dir='ltr'>kalendas</span> <span class='ocrx_word' id='word_1_648' title='bbox 1700 2405 1899 2444; x_wconf 81' lang='lat' dir='ltr'>septembris,</span> <span class='ocrx_word' id='word_1_649' title='bbox 1917 2412 2003 2434; x_wconf 90' lang='lat' dir='ltr'>anno</span> <span class='ocrx_word' id='word_1_650' title='bbox 2021 2408 2142 2443; x_wconf 87' lang='lat' dir='ltr'>quarto.</span> <span class='ocrx_word' id='word_1_651' title='bbox 2164 2415 2177 2431; x_wconf 78' lang='lat' dir='ltr'>n</span> 
     </span>
    </p>
   </div>
   <div class='ocr_carea' id='block_1_15' title="bbox 1383 2602 2281 2703">
    <p class='ocr_par' dir='ltr' id='par_1_15' title="bbox 1383 2602 2281 2703">
     <span class='ocr_line' id='line_1_89' title="bbox 1416 2602 2281 2638; baseline -0.009 -1"><span class='ocrx_word' id='word_1_652' title='bbox 1416 2606 1535 2637; x_wconf 53' lang='lat'>6280</span> <span class='ocrx_word' id='word_1_653' title='bbox 1924 2603 2051 2638; x_wconf 80' lang='lat' dir='ltr'>Orvieto‚</span> <span class='ocrx_word' id='word_1_654' title='bbox 2068 2603 2102 2630; x_wconf 71' lang='lat'>24</span> <span class='ocrx_word' id='word_1_655' title='bbox 2117 2604 2186 2630; x_wconf 76' lang='lat' dir='ltr'>aodt</span> <span class='ocrx_word' id='word_1_656' title='bbox 2202 2602 2281 2630; x_wconf 75' lang='lat'><strong>1291.</strong></span> 
     </span>
     <span class='ocr_line' id='line_1_90' title="bbox 1383 2665 2118 2703; baseline -0.007 -7"><span class='ocrx_word' id='word_1_657' title='bbox 1383 2669 1424 2696; x_wconf 90' lang='lat' dir='ltr'>De</span> <span class='ocrx_word' id='word_1_658' title='bbox 1439 2669 1539 2696; x_wconf 85' lang='lat' dir='ltr'>eodem</span> <span class='ocrx_word' id='word_1_659' title='bbox 1557 2668 1682 2703; x_wconf 82' lang='lat' dir='ltr'>negotio.</span> <span class='ocrx_word' id='word_1_660' title='bbox 1699 2667 1783 2701; x_wconf 69' lang='lat' dir='ltr'>(Res.</span> <span class='ocrx_word' id='word_1_661' title='bbox 1801 2667 1844 2697; x_wconf 76' lang='lat'>46,</span> <span class='ocrx_word' id='word_1_662' title='bbox 1862 2675 1886 2693; x_wconf 91' lang='lat' dir='ltr'>c.</span> <span class='ocrx_word' id='word_1_663' title='bbox 1905 2666 1949 2700; x_wconf 84' lang='lat'>53,</span> <span class='ocrx_word' id='word_1_664' title='bbox 1966 2665 1986 2694; x_wconf 82' lang='lat' dir='ltr'>f.</span> <span class='ocrx_word' id='word_1_665' title='bbox 2004 2666 2053 2693; x_wconf 77' lang='lat'>175</span> <span class='ocrx_word' id='word_1_666' title='bbox 2070 2665 2118 2698; x_wconf 50' lang='grc' dir='ltr'>ιη.)</span> 
     </span>
    </p>
   </div>
   <div class='ocr_carea' id='block_1_16' title="bbox 1347 2774 2354 3029">
    <p class='ocr_par' dir='ltr' id='par_1_16' title="bbox 1347 2774 2354 2977">
     <span class='ocr_line' id='line_1_91' title="bbox 1394 2774 2354 2814; baseline -0.006 -6"><span class='ocrx_word' id='word_1_667' title='bbox 1394 2779 1612 2808; x_wconf 79' lang='lat' dir='ltr'>Venerabilibus</span> <span class='ocrx_word' id='word_1_668' title='bbox 1628 2779 1779 2814; x_wconf 77' lang='lat' dir='ltr'>fratribus</span> <span class='ocrx_word' id='word_1_669' title='bbox 1798 2800 1818 2806; x_wconf 91' lang='lat'>..</span> <span class='ocrx_word' id='word_1_670' title='bbox 1837 2777 2007 2806; x_wconf 68' lang='lat' dir='ltr'>Parisiensi</span> <span class='ocrx_word' id='word_1_671' title='bbox 2023 2781 2048 2806; x_wconf 83' lang='lat' dir='ltr'>et</span> <span class='ocrx_word' id='word_1_672' title='bbox 2065 2797 2086 2806; x_wconf 88' lang='lat'>..</span> <span class='ocrx_word' id='word_1_673' title='bbox 2105 2774 2264 2813; x_wconf 79' lang='lat' dir='ltr'>Spoletano</span> <span class='ocrx_word' id='word_1_674' title='bbox 2281 2775 2354 2812; x_wconf 78' lang='lat' dir='ltr'>epis-</span> 
     </span>
     <span class='ocr_line' id='line_1_92' title="bbox 1347 2827 2354 2870; baseline -0.005 -9"><span class='ocrx_word' id='word_1_675' title='bbox 1347 2832 1426 2870; x_wconf 81' lang='lat' dir='ltr'>copis</span> <span class='ocrx_word' id='word_1_676' title='bbox 1452 2831 1582 2861; x_wconf 88' lang='lat' dir='ltr'>mandat</span> <span class='ocrx_word' id='word_1_677' title='bbox 1605 2836 1639 2861; x_wconf 87' lang='lat' dir='ltr'>ut</span> <span class='ocrx_word' id='word_1_678' title='bbox 1666 2840 1772 2869; x_wconf 83' lang='lat' dir='ltr'>regem</span> <span class='ocrx_word' id='word_1_679' title='bbox 1796 2829 1952 2860; x_wconf 87' lang='lat' dir='ltr'>Franciae</span> <span class='ocrx_word' id='word_1_680' title='bbox 1981 2828 2166 2867; x_wconf 83' lang='lat' dir='ltr'>requirant,</span> <span class='ocrx_word' id='word_1_681' title='bbox 2193 2827 2220 2857; x_wconf 88' lang='lat' dir='ltr'>si</span> <span class='ocrx_word' id='word_1_682' title='bbox 2249 2827 2354 2858; x_wconf 83' lang='lat' dir='ltr'>crucis</span> 
     </span>
     <span class='ocr_line' id='line_1_93' title="bbox 1348 2881 2353 2923; baseline -0.004 -8"><span class='ocrx_word' id='word_1_683' title='bbox 1348 2885 1476 2923; x_wconf 86' lang='lat' dir='ltr'>signum</span> <span class='ocrx_word' id='word_1_684' title='bbox 1503 2893 1566 2915; x_wconf 92' lang='lat' dir='ltr'>non</span> <span class='ocrx_word' id='word_1_685' title='bbox 1593 2884 1820 2923; x_wconf 83' lang='lat' dir='ltr'>assumpserit,</span> <span class='ocrx_word' id='word_1_686' title='bbox 1847 2889 1882 2913; x_wconf 86' lang='lat' dir='ltr'>nt</span> <span class='ocrx_word' id='word_1_687' title='bbox 1907 2882 2066 2913; x_wconf 85' lang='lat' dir='ltr'>decimam</span> <span class='ocrx_word' id='word_1_688' title='bbox 2091 2881 2175 2922; x_wconf 83' lang='lat' dir='ltr'>patri</span> <span class='ocrx_word' id='word_1_689' title='bbox 2202 2888 2259 2912; x_wconf 90' lang='lat' dir='ltr'>suo</span> <span class='ocrx_word' id='word_1_690' title='bbox 2278 2889 2353 2912; x_wconf 84' lang='lat' dir='ltr'>con-</span> 
     </span>
     <span class='ocr_line' id='line_1_94' title="bbox 1347 2938 1856 2977; baseline -0.006 -8"><span class='ocrx_word' id='word_1_691' title='bbox 1347 2948 1468 2970; x_wconf 89' lang='lat' dir='ltr'>cessam</span> <span class='ocrx_word' id='word_1_692' title='bbox 1485 2938 1562 2977; x_wconf 88' lang='lat' dir='ltr'>ipsis</span> <span class='ocrx_word' id='word_1_693' title='bbox 1577 2938 1735 2977; x_wconf 80' lang='lat' dir='ltr'>assignari</span> <span class='ocrx_word' id='word_1_694' title='bbox 1750 2938 1856 2967; x_wconf 79' lang='lat' dir='ltr'>faciat.</span> 
     </span>
    </p>

    <p class='ocr_par' dir='ltr' id='par_1_17' title="bbox 1391 2991 2087 3029">
     <span class='ocr_line' id='line_1_95' title="bbox 1391 2991 2087 3029; baseline -0.003 -7"><span class='ocrx_word' id='word_1_695' title='bbox 1391 3007 1402 3018; x_wconf 76' lang='grc' dir='ltr'>«ι</span> <span class='ocrx_word' id='word_1_696' title='bbox 1424 2992 1510 3023; x_wconf 89' lang='lat' dir='ltr'>Olim</span> <span class='ocrx_word' id='word_1_697' title='bbox 1525 3001 1598 3022; x_wconf 91' lang='lat' dir='ltr'>cum</span> <span class='ocrx_word' id='word_1_698' title='bbox 1616 2991 1738 3022; x_wconf 85' lang='lat' dir='ltr'>clare...</span> <span class='ocrx_word' id='word_1_699' title='bbox 1754 3007 1794 3015; x_wconf 89' lang='lat'>—</span> <span class='ocrx_word' id='word_1_700' title='bbox 1812 2991 1880 3021; x_wconf 86' lang='lat' dir='ltr'>Dat.</span> <span class='ocrx_word' id='word_1_701' title='bbox 1898 2994 1934 3021; x_wconf 90' lang='lat' dir='ltr'>ut</span> <span class='ocrx_word' id='word_1_702' title='bbox 1947 2998 2053 3029; x_wconf 85' lang='lat' dir='ltr'>supra.</span> <span class='ocrx_word' id='word_1_703' title='bbox 2073 3000 2087 3016; x_wconf 87' lang='lat'>»</span> 
     </span>
    </p>
   </div>
  </div>
 </body>
</html>
