2393 3496
152 320 209 349 732
901 314 1135 345 n1·:t‚·tS‘1‘RES
1158 314 1212 343 DE
1234 313 1418 343 NICOLAS
1443 314 1498 343 iv.

151 392 220 415 octo
242 385 309 414 dics
329 390 496 423 sequentes
525 390 553 413 et
576 384 607 412 in
631 382 851 411 anniversario
873 380 924 410 die
946 379 1154 409 dedicationis

151 439 293 478 ejusdem
311 438 471 468 ecclesiae.
493 438 561 466 Dat.
582 441 610 464 ut
630 444 734 474 snpra.

746 514 876 543 tux-icto.
894 513 985 547 (ijuin
1006 512 1082 539 ¹291.

191 582 226 609 Ιιι
244 589 272 609 e.
290 589 352 610 m..
374 587 427 616 pro
443 577 573 607 ecclesia
594 600 612 605 ..
634 576 747 614 prioris
768 580 798 604 et
815 575 946 604 fratrum
967 575 1080 604 domus
1097 574 1154 603 he·

150 633 337 662 remitarum
356 630 568 664 l·'lorentinac‚
586 629 708 658 ordinis
727 628 758 658 S.
778 628 963 666 Augustini,
980 628 1013 657 in
1031 631 1154 656 sancto-

150 695 219 714 rum
258 684 424 718 Matthaei,
461 681 627 711 Michaelis
664 681 868 719 archangeli,
909 680 1086 719 Augustini
1125 685 1154 709 et

151 738 251 767 alexii
269 736 488 766 festivitatibus
505 740 534 764 et
551 743 605 773 per
620 739 688 764 octo
704 734 773 764 dies
789 738 967 773 sequentes.
984 734 1054 763 Dat.
1070 734 1153 772 apud

151 791 422 824 l‘rlwmvetereim
443 797 497 816 vin
515 787 587 817 idus
599 787 695 825 junii,
713 796 799 817 anno
817 793 939 826 quarto.

749 874 875 905 (hwieto,
893 875 908 900 8
921 875 984 908 juin
1007 874 1080 900 1291.

188 941 221 969 ln
240 950 266 969 e.
287 948 342 969 ιιι..
364 946 419 976 pro
439 937 571 967 ecclesia
589 939 722 968 Sanctae
742 938 862 967 Mariae
885 938 1004 967 castelli
1023 937 1149 972 Castro,

144 993 346 1021 stilai-itunae
371 991 544 1026 dioecesis,
571 991 603 1020 in
633 995 769 1029 quatuor
793 991 935 1029 ejusdem
962 991 1098 1028 virginis
1123 996 1153 1020 et

145 1050 271 1075 sanctae
287 1044 425 1074 Ceciliae
443 1044 670 1073 festivitatibus
687 1048 716 1073 et
733 1053 787 1082 per
802 1049 870 1074 octo
886 1044 954 1074 dies
970 1048 1150 1083 sequentes.

146 1100 216 1128 Dat.
235 1098 317 1137 apud
339 1098 612 1134 Urbemveterem,
634 1108 662 1127 νι
682 1098 753 1127 idus
766 1098 864 1136 junii,
881 1106 967 1127 anno
986 1102 1110 1136 quarto.

185 1153 221 1181 In
241 1162 267 1181 e.
283 1161 341 1187 m.⁸
359 1160 413 1190 pro
429 1150 562 1180 ecclesia
578 1150 712 1180 Sanctae
730 1151 872 1188 Agathae
888 1150 926 1180 de
942 1152 1073 1187 Quarto,
1090 1150 1151 1180 Ca-

144 1205 298 1234 lai-itanae
314 1204 482 1240 dioecesis,
504 1204 536 1232 in
555 1208 689 1242 quatuor
707 1204 814 1233 beatae
835 1204 956 1233 Mariae
973 1208 1002 1233 et
1023 1208 1151 1233 sanctae

145 1258 288 1295 Agathae
308 1257 543 1291 festivitatibus,
562 1262 632 1288 etc..
653 1262 808 1294 utsupra.

745 1336 872 1367 OrvietQ
890 1337 904 1363 5
917 1337 980 1370 juin
999 1338 1077 1364 ¹291.

184 1401 220 1430 ln
242 1409 269 1430 e.
295 1409 358 1434 ιιι.,
382 1408 437 1438 pro
457 1398 576 1438 capella
598 1398 733 1428 Sanctae
759 1399 878 1429 Mariae
898 1399 937 1429 de
961 1399 1146 1437 Villanova,

144 1454 358 1491 Lingonensis
376 1453 544 1488 dioecesis,
563 1453 596 1482 in
614 1457 749 1490 quatuor
767 1452 910 1491 ejusdem
931 1453 1068 1491 virginis
1085 1453 1148 1484 fes-

145 1506 319 1536 tivitatibus
336 1510 365 1535 et
385 1514 439 1544 per
454 1509 523 1534 octo
539 1505 606 1534 (lies
624 1509 804 1543 sequentes.
824 1506 895 1535 Dat.
910 1506 995 1544 apud
1010 1507 1148 1537 Urbem-

143 1565 293 1595 veterem‚
312 1559 405 1588 nonis
420 1558 517 1596 junii,
534 1567 619 1588 anno
635 1563 758 1596 quarto.
775 1558 834 1597 (En
851 1561 977 1597 marae.)

723 1648 850 1681 Ori-icto,
870 1650 901 1676 15
917 1650 978 1684 Juin
1000 1650 1077 1677 1291.

181 1713 217 1742 In
239 1722 267 1743 e.
289 1721 351 1749 m.‚
371 1721 426 1750 pro
443 1711 575 1742 ecclesia
597 1735 614 1741 ..

143 1766 214 1795 terii
231 1766 269 1795 de
290 1765 471 1804 Rivipullo‚
493 1766 614 1795 ordinis
631 1766 663 1795 S.
686 1766 872 1804 Benedicti,
892 1767 1038 1798 Vicensis
1060 1769 1149 1799 dioe-

141 1819 240 1854 cesis,
264 1819 296 1848 ιιι
320 1818 353 1848 S.
376 1819 548 1849 Salvatoris
563 1843 569 1855 ,
587 1828 668 1858 quae
688 1820 720 1849 in
743 1820 853 1850 eadem
872 1821 1005 1851 ecclesia
1026 1827 1057 1851 v⁰
1076 1823 1149 1853 idus

141 1872 324 1902 novembris
339 1872 526 1909 celebratur,
545 1878 575 1902 et
589 1877 771 1903 sanctorum
791 1874 971 1915 Michaelis,
989 1876 1149 1906 Johannis

143 1925 317 1964 Baptistae.
334 1925 494 1955 Joliannis
512 1926 733 1964 Evangelistae
755 1930 784 1956 et
803 1927 959 1966 Stephani
976 1933 1005 1958 et
1021 1933 1150 1960 sanctae

140 1979 242 2009 crucis
272 1979 495 2008 festivitatibus
525 1985 554 2009 et
583 1989 638 2018 per
665 1984 733 2010 octo
767 1980 835 2010 dies
865 1986 1045 2021 sequentes.
1074 1983 1146 2014 Dat.

140 2041 201 2061 xvn
218 2031 372 2061 kalendas
385 2031 472 2070 julii,
491 2041 576 2062 anno
593 2038 717 2071 quarto.
737 2033 843 2072 (laid.)

722 2122 849 2154 Orvieto,
869 2123 901 2149 13
913 2124 979 2157 juin
996 2124 1074 2151 1291.

182 2181 216 2209 ln
235 2190 261 2210 e.
281 2190 336 2213 m..
356 2189 410 2218 pro
429 2181 561 2211 ecclesia
578 2182 686 2212 Sancti
705 2183 796 2213 Pauli
813 2184 1073 2217 Halberstadensi
1089 2212 1095 2224 ,
1113 2190 1145 2218 ιιι

140 2240 323 2263 sanctorum
342 2234 427 2263 Petri
445 2240 474 2263 et
493 2235 582 2264 Pauli
602 2236 839 2274 festivitatibus,
860 2248 914 2277 per
929 2244 997 2270 octo
1015 2240 1082 2271 dies
1098 2251 1147 2272 se-

139 2291 272 2325 quentes
293 2292 323 2315 et
344 2287 376 2315 iu
399 2288 618 2318 anniversario
639 2289 689 2319 die
707 2289 915 2321 dedicationis
934 2293 1077 2331 ejusdem
1097 2304 1146 2325 ec-

139 2340 264 2383 clesiae.
291 2341 362 2369 Dat.
388 2341 470 2379 apud
500 2342 781 2381 Urbemveterem,
806 2345 913 2375 idibus
932 2347 1038 2385 junii⁷
1061 2358 1147 2381 anno

140 2398 262 2431 quarto.
281 2394 386 2432 (laid.)

181 2446 217 2475 In
234 2455 260 2475 e.
277 2456 333 2483 m.,
352 2455 406 2485 pro
422 2447 542 2486 capella
556 2448 594 2478 de
610 2449 726 2479 Sancta
738 2450 839 2481 Cruce
855 2452 887 2481 in
908 2453 1145 2494 Estgrenewyz,

140 2500 172 2528 in
188 2499 340 2528 honorem
357 2500 510 2529 Omnium
526 2500 713 2531 Sanctorum
731 2502 872 2540 fundata,
888 2505 1047 2537 ltoffensis
1061 2508 1147 2538 dioe—

140 2552 232 2587 cesis,
245 2552 278 2581 in
292 2557 427 2590 quatuor
437 2553 547 2583 beatae
565 2555 685 2585 Mariae
696 2555 931 2595 festivitatibus,
945 2559 977 2588 in
990 2560 1145 2592 Omnium

140 2605 328 2635 Sanctorum
346 2605 582 2645 sollempnitate
599 2612 628 2637 et
647 2618 701 2647 per
716 2614 785 2640 octo
800 2611 867 2640 dies
884 2618 1064 2651 sequentes.

181 2670 193 2684 κ
222 2658 412 2688 Sanctorum
440 2661 563 2689 meritis
588 2661 736 2692 inclita...
765 2680 803 2685 —
829 2664 900 2694 Dat.
929 2670 963 2695 ut
996 2675 1102 2706 supra.
1132 2680 1144 2695 n

139 2713 241 2752 (Iliid.)

180 2767 215 2795 In
234 2775 260 2795 e.
280 2776 336 2803 m.,
355 2776 410 2805 pro
428 2767 561 2798 ecclesia
580 2768 689 2798 Sancti
708 2769 806 2800 Cirici
823 2780 919 2810 prope
936 2773 1144 2812 Raphiniam,

140 2818 361 2849 ltuthenensis
377 2820 540 2857 dioecesis,
557 2822 590 2851 in
608 2823 751 2859 ejusdem
769 2825 882 2862 sancti,
899 2826 930 2855 S.
949 2826 1103 2866 Stephani
1117 2834 1147 2858 et

137 2876 273 2910 quatuor
288 2872 397 2902 beatae
416 2873 535 2903 Mariae
556 2875 782 2906 festivitatibus
802 2881 832 2907 et
850 2886 906 2916 per
924 2883 992 2909 octo
1010 2880 1078 2910 dies
1097 2890 1146 2911 se-

137 2929 283 2964 quentes.
302 2926 373 2956 Dat.
393 2931 545 2966 utsupra.
562 2929 666 2968 (Ibid.)

176 2979 213 3008 In
235 2988 261 3008 e.
286 2987 328 3008 m.
344 3002 351 3015 ,
378 2988 433 3018 pro
458 2980 591 3011 ecclesia
611 2983 720 3013 Sancti
742 2982 895 3022 Stephani
917 2985 955 3016 de
975 2986 1145 3018 Villanova

637 1712 759 1742 abbatis
779 1717 809 1742 et
828 1718 1005 1743 conventus
1021 1707 1163 1745 monas--

1240 383 1389 415 cremata,
1407 378 1600 409 Biterrensis
1616 379 1780 416 dioecesis,
1796 380 1829 409 in
1844 380 1989 418 ejusdem
2006 381 2120 418 sancti,
2138 381 2171 411 S.
2189 382 2251 412 Pe-

1241 431 1278 460 tri
1300 431 1431 470 apostoli
1450 435 1479 460 et
1497 436 1633 470 quatuor
1653 431 1764 462 heatae
1784 432 1905 462 Mariae
1927 431 2172 471 festivitatibus,
2195 443 2251 474 per

1238 488 1306 513 octo
1329 483 1396 513 dies
1419 489 1590 522 sequentes
1611 489 1642 514 et
1661 484 1695 513 in
1720 485 1942 515 anniversario
1965 485 2017 515 die
2040 486 2250 518 dedicationis

1238 536 1382 574 ejusdem
1400 536 1564 567 ecclesiae.
1584 538 1654 567 Dat.
1675 541 1710 566 nt
1725 546 1831 576 supra.
1849 538 1953 577 (Ibid.)

1307 729 1425 757 5312

1275 790 1459 825 Dispensatio
1476 791 1661 818 matrimonii.
1677 791 1762 825 (lieo.
1780 792 1828 824 46,
1847 801 1872 819 c.
1889 792 1952 827 27²2,
1969 794 1988 820 f.
2004 794 2036 820 54
2054 794 2108 828 v⁰.)

1836 731 1968 762 Orvieto,
1986 732 2000 758 7
2014 732 2078 766 Juin
2099 731 2176 760 teet.

1279 916 1298 922 ..
1317 895 1450 931 episeopo
1473 894 1650 923 Thotosano.
1674 894 1768 931 Cum,
1785 894 1824 923 ad
1841 894 1998 925 sedandas
2013 904 2144 933 guerras
2165 897 2251 926 inter

1238 947 1378 977 nobilem
1417 947 1521 977 virum
1556 947 1789 986 Raymundum
1821 948 1989 979 Gnillelmi
2021 949 2059 979 de
2092 949 2248 989 Baregiis,

1236 1001 1472 1037 Tholosanum,
1493 1007 1523 1030 et
1548 1003 1807 1039 consanguineos
1833 1002 1917 1041 ειυς,
1938 1012 1972 1033 ex
1999 1011 2064 1032 nna
2091 1007 2193 1042 parte,
2220 1008 2251 1034 et
2285 1028 2289 1031 .

1236 1054 1367 1084 fratrem
1391 1060 1421 1084 et
1446 1055 1704 1093 consanguineos
1730 1055 1939 1092 Bertrandae‚
1966 1060 2059 1086 natae
2086 1056 2249 1094 quondam

1238 1108 1405 1137 Bertrandi
1428 1108 1467 1137 de
1493 1108 1650 1147 Garigiis,
1679 1118 1714 1138 ex
1742 1108 1858 1144 altera,
1887 1109 1987 1139 iidem
2013 1109 2249 1148 consanguinei

1235 1161 1443 1200 promiserint
1458 1162 1542 1191 inter
1560 1162 1792 1200 Raymuudum
1809 1167 1840 1192 et
1854 1162 2067 1193 Bertrandam
2081 1163 2248 1194 matrimo-

1235 1214 1326 1243 nium
1345 1219 1543 1244 contractum
1559 1215 1639 1252 sore,
1652 1216 1677 1245 si
1695 1225 1790 1254 super
1806 1225 1841 1246 eo
1857 1216 1940 1255 quod
1956 1216 2132 1246 Bertranda
2148 1224 2249 1256 quon-

1234 1267 1306 1297 dam
1326 1268 1525 1305 Babiloniae,
1542 1269 1634 1299 uxori
1653 1269 1853 1308 Raymnndi.
1867 1274 1978 1308 quarto
1995 1270 2095 1308 gradu
2114 1277 2248 1300 consan-

1233 1321 1401 1359 guinitatis
1426 1323 1583 1352 attinebat
1609 1323 1700 1353 sedes
1729 1323 1902 1361 apostolica
1927 1323 2139 1362 dispensaret,
2167 1331 2247 1363 papa

1235 1375 1373 1413 praefato
1391 1375 1538 1414 episcopo
1551 1376 1723 1406 committit
1741 1380 1774 1405 ut
1790 1376 1986 1415 Raymundo
2004 1380 2034 1406 et
2052 1376 2248 1407 Bertrandae

1234 1428 1424 1467 postulatam
1441 1428 1715 1467 dispensationem
1732 1429 1898 1468 largiatur.

1275 1494 1289 1508 u
1318 1482 1432 1512 Petitio
1455 1482 1562 1512 dilecti
1588 1482 1684 1512 filii...
1702 1499 1743 1506 —
1764 1483 1836 1513 Dat.
1859 1483 1944 1522 apud
1967 1483 2245 1520 Urbemveterem,

1233 1543 1275 1564 vn
1293 1534 1474 1573 idusjunii,
1492 1543 1578 1565 anno
1594 1540 1716 1574 quarto.
1735 1548 1748 1562 »

1303 1721 1424 1749 5318

1269 1783 1402 1811 Facultas
1417 1784 1582 1811 conferendi
1601 1785 1739 1812 beneficia
1754 1785 1963 1812 ecclesiastica·
1975 1784 2060 1819 (Rea.
2077 1784 2121 1819 46,
2137 1792 2164 1812 c.
2180 1784 2245 1820 273,

1232 1834 1251 1860 f.
1273 1834 1304 1860 54
1323 1835 1373 1866 vo)

1816 1721 1944 1755 Orvieto,
1962 1721 2075 1756 1⁶¹·juin
2093 1721 2173 1750 1291.

1273 1938 1390 1974 Εῃιάῖο,
1415 1938 1639 1976 archiepiscopo
1663 1937 1865 1974 Narbonensi,
1891 1936 2075 1967 facultatem
2100 1933 2247 1968 coneedit

1231 1991 1417 2021 conferendi
1435 1991 1591 2021 beneficia
1606 1989 1832 2026 ecclesiastica,
1845 1990 1884 2020 ad
1902 1990 2108 2021 collationem
2123 1991 2248 2023 Narbo-

1233 2045 1343 2074 nensis
1359 2044 1592 2083 archiepiscopi
1609 2043 1815 2082 pertinentia,
1831 2053 1912 2082 quae
1928 2049 2061 2074 vacante
2075 2044 2150 2075 sede
2165 2044 2244 2075 Nar·

1231 2098 1366 2128 bonensi
1386 2107 1441 2136 per
1459 2097 1583 2128 obitum
1601 2097 1686 2127 Petri
1707 2097 1740 2126 in
1760 2097 1887 2127 civitate
1902 2105 1938 2127 ac
1956 2097 2096 2128 dioecesi
2116 2098 2244 2129 Narbo-

1232 2152 1324 2180 nensi
1342 2150 1546 2181 vacaverunt.

1274 2217 1286 2231 a
1314 2205 1355 2235 Ut
1373 2213 1505 2243 operum
1523 2204 1761 2234 exhibitione...
1780 2220 1821 2226 —
1838 2204 1908 2234 Dat.
1927 2204 2010 2243 apud
2029 2204 2244 2236 Urbemvete-

1231 2266 1311 2295 rem,
1329 2257 1583 2296 kalendisjunii=
1601 2266 1688 2288 anno
1703 2261 1827 2296 quarto.
1847 2269 1860 2283 n

1302 2452 1421 2480 5312·
1813 2451 1940 2483 Orvieto,
1961 2453 2072 2487 1²¹·juin
2091 2452 2170 2480 1291.

1266 2514 1429 2546 Quittancia
1445 2515 1572 2541 decimae
1589 2515 1710 2542 solutae.
1730 2514 1812 2547 (Rau.
1828 2515 1876 2545 46,
1893 2523 1919 2541 c.
1936 2514 2010 2546 273²,
2028 2516 2046 2542 f.
2064 2515 2096 2543 54
2113 2518 2164 2549 νο.)

1272 2619 1386 2647 Eidem.
1406 2630 1418 2644 a
1439 2619 1616 2648 Puritatem
1634 2622 1685 2647 tue
1697 2618 1930 2648 conscientie-1.
1950 2617 2004 2654 Ut,
2019 2618 2045 2647 si
2064 2617 2144 2648 forte
2159 2618 2242 2650 bone

1231 2671 1386 2701 memorie
1402 2671 1528 2707 Petrus,
1547 2671 1770 2701 Narbonensis
1785 2670 2056 2710 archiepiscopus,
2074 2671 2240 2710 predeces-

1231 2732 1282 2753 sor
1299 2728 1382 2759 tuus,
1397 2724 1473 2754 dum
1492 2728 1599 2754 tamen
1613 2723 1693 2753 alias
1706 2724 1883 2763 purejuxta
1896 2731 1987 2753 suam
1997 2723 2239 2762 conscientiam,
2265 2737 2268 2740 ⁴

1229 2777 1387 2806 decimam
1414 2778 1510 2808 Terre
1536 2778 1651 2808 Sancte
1679 2778 1821 2808 subsidio
1845 2781 1900 2808 aut
1925 2777 2053 2816 negotio
2077 2778 2241 2816 Aragonie
2264 2805 2268 2808 .

1230 2831 1321 2868 regni
1345 2831 1527 2869 deputatam
1555 2831 1758 2870 integraliter
1783 2839 1847 2862 non
1872 2830 2070 2870 persolverit,
2098 2831 2142 2862 nil
2171 2840 2241 2863 am-

1229 2883 1314 2922 plius
1333 2893 1368 2913 ex
1393 2884 1504 2914 eadem
1521 2885 1644 2915 solvere
1663 2885 1812 2922 tenearis,
1830 2889 1861 2914 et
1875 2884 1913 2914 ad
1936 2884 1970 2914 id
1992 2892 2134 2923 nequeas
2150 2893 2240 2916 coar-

1231 2938 1301 2974 tari,
1328 2938 1383 2968 tibi
1407 2939 1594 2970 auctoritate
1619 2939 1817 2978 presentium
1840 2937 2086 2977 indulgemus...
2114 2939 2185 2970 Dat.
2206 2928 2241 2971 ut

1229 2998 1335 3029 supra.
1356 3003 1368 3018 n
1672 2992 1675 2995 '
