2393 3496
208 318 266 348 790
953 309 1187 341 REGISTRES
1211 308 1264 337 DE
1287 306 1470 337 NICOLAS
1492 307 1548 335 lv.

209 385 307 424 ipsius
324 384 453 413 ecclesie
471 394 498 412 :11
511 382 699 415 cessarium„
717 381 882 417 episcopus
900 382 930 408 et
945 376 1117 415 capitulum
1139 383 1208 413 pre-

209 438 261 468 sati
281 442 407 476 possent
423 442 604 466 construere
622 435 651 463 in
671 433 778 462 eodem
794 443 801 468 ;
820 440 876 460 nos
889 454 896 466 ,
912 431 1053 468 ipsorum
1072 427 1209 466 episcopi

209 496 238 521 et
254 491 382 529 capituli
397 488 679 527 supplicationibus
693 485 849 519 inclinati,
866 483 979 512 dilecto
992 482 1056 511 tilio
1071 480 1208 515 Matheo,

210 545 319 574 rectori
340 543 480 572 :narcltie
499 540 698 569 :xut‘ottitane
715 539 745 566 in
767 536 997 575 spititualibus,
1018 543 1072 572 pet·
1089 537 1210 562 nostras

209 597 267 627 sub
283 603 365 625 certa
384 596 482 623 fornia
503 594 620 621 litteras
636 591 783 620 dedimus
802 590 834 618 in
853 588 1010 618 mandatis
1031 592 1075 622 nt,
1092 585 1130 615 ad
1147 586 1210 614 edi-

211 651 387 679 tivatioti=›1ti
409 657 460 675 seu
485 646 752 674 constructionem
772 642 920 678 ecclesie,
937 641 1082 674 clausu-i,
1100 639 1211 668 domo-

210 712 290 732 rum.
309 701 506 730 ollii-inarum
525 703 555 727 vt
570 697 720 726 citttiterii
739 696 963 735 predictorum,
981 694 1020 723 de
1038 692 1209 722 sufficienti

210 754 366 784 territorio
383 752 448 780 sive
466 751 562 780 [nudo
578 749 695 779 vis-duni
714 750 857 788 episcopo
877 753 906 777 rt
923 746 1075 786 capitulo,
1094 745 1211 784 paratis

209 813 332 844 propter
361 806 416 834 boc
443 805 533 842 juxta
565 802 806 832 extimationem
836 802 946 830 sartam
975 809 1070 837 super
1105 798 1168 827 hiis
1193 806 1211 826 a

207 859 320 889 dilecto
345 859 410 887 tilio
437 861 542 886 nosti-o
569 855 668 886 nobili
693 857 761 885 viro
782 854 932 884 Johanne
954 853 993 881 de
1012 851 1208 888 Colttmpua,

209 918 281 941 tunc
304 908 447 940 mart-bie
466 910 667 939 Aurouitane
687 915 822 944 rectore,
840 908 878 937 de
899 906 998 945 pretio
1019 905 1125 934 debito
1145 904 1212 933 suis

209 964 349 994 dominis
373 963 581 1002 respondet-o,
607 962 771 1001 providere
798 965 933 991 curaret.
958 959 1016 989 Sed
1041 958 1126 987 idem
1150 957 1208 987 M..

207 1019 289 1048 sicut
307 1018 402 1048 iitletn
420 1018 582 1055 episcopus
599 1022 626 1045 et
644 1015 817 1054 capitulum
838 1015 927 1043 nobis
943 1020 1100 1051 exponere
1116 1019 1210 1040 cura-

208 1076 335 1106 verunt,
355 1071 545 1100 territorium
564 1080 617 1099 seu
636 1069 769 1098 snndntn
794 1068 832 1097 ad
858 1066 1126 1097 constructionem
1156 1073 1209 1093 seu

207 1125 439 1155 edificationem
460 1123 669 1162 predictorum
690 1123 797 1151 minus
813 1121 975 1150 sufficiens
994 1119 1114 1148 eisdem
1132 1118 1211 1156 epis-

208 1187 284 1217 copo
300 1183 329 1207 et
347 1177 482 1215 capitulo
499 1175 692 1213 assignarim
720 1179 844 1212 prepter
868 1173 951 1212 quod
977 1172 1104 1210 prefatis
1129 1171 1211 1208 epis-

208 1240 283 1270 copo
299 1236 327 1260 et
343 1229 478 1268 capttulo
494 1230 531 1258 ad
550 1238 606 1257 nos
624 1236 786 1257 recursum
810 1226 1015 1260 habentibus,
1036 1233 1093 1254 nos
1115 1233 1210 1253 vene-

209 1284 297 1313 rabili
327 1284 414 1313 sratri
437 1288 540 1311 nostro
563 1305 582 1312 ..
610 1282 754 1319 episcopo
780 1278 1070 1309 Forosinsrouieusi
1096 1277 1212 1306 nostris

209 1337 355 1366 dedimus
373 1336 483 1364 litteris
500 1335 530 1363 in
554 1333 712 1362 mandatis
729 1336 773 1369 ut,
790 1332 829 1361 ad
849 1331 953 1361 locum
977 1330 1154 1369 predictum
1179 1337 1212 1358 se

210 1389 420 1421 transferens,
448 1387 576 1426 profatis
602 1386 749 1424 episcopo
775 1390 806 1414 et
829 1384 967 1422 capitulo
991 1382 1211 1418 Callensibus,

211 1443 323 1481 paratis
352 1446 476 1479 propter
504 1440 562 1469 lioc
585 1440 675 1477 juxta
703 1438 943 1468 extimationem
974 1436 1146 1475 predictam
1174 1436 1212 1464 de

209 1498 308 1535 pretio
325 1496 429 1525 debito
445 1494 511 1523 suis
528 1493 669 1523 dominis
687 1493 894 1530 respondere,
914 1496 1036 1520 tantum
1058 1491 1098 1520 de
1121 1490 1213 1519 terri-

209 1552 286 1581 torio
302 1559 354 1578 seu
375 1548 471 1577 l'undo
486 1548 602 1576 addere
622 1546 669 1576 vel
689 1546 854 1583 assignare
876 1549 1001 1574 curaret
1021 1544 1104 1583 quod
1127 1553 1163 1573 eo
1183 1548 1214 1573 et

207 1603 271 1633 alio
293 1605 357 1640 jam
384 1612 428 1631 ets
454 1602 614 1638 assignato
641 1604 822 1638 computato
853 1599 991 1628 habeant
1017 1607 1072 1637 pro
1101 1597 1212 1627 eadent

208 1657 337 1687 ecclesia
353 1660 481 1685 centuni
499 1654 592 1692 pedes
613 1654 645 1682 itt
669 1652 870 1691 longitudine
893 1655 922 1682 et
942 1651 1154 1690 quadraginta
1179 1651 1212 1680 in

208 1709 391 1744 latitudine,
411 1717 465 1746 pto
484 1708 634 1737 domibus
658 1715 731 1736 vero
755 1706 999 1742 canonicorum,
1025 1705 1162 1734 clanstro
1184 1708 1215 1733 et

206 1763 364 1793 cimiterio
383 1771 418 1791 ac
439 1761 580 1791 ot'ticinis
604 1759 771 1798 predictis,
797 1764 924 1789 centnm
953 1762 982 1787 et
1003 1758 1214 1797 qnadraginta

207 1817 299 1856 pedes
316 1816 346 1845 in
366 1815 567 1852 longitudine
579 1819 608 1843 et
620 1814 789 1843 latitudine
806 1818 835 1842 et
853 1812 982 1842 totidem
999 1821 1053 1850 pro
1065 1812 1214 1841 domibus

207 1875 236 1899 et
249 1870 387 1899 officinis
397 1869 531 1907 episcopi
549 1867 774 1898 construendis
800 1867 845 1895 lta
859 1873 962 1895 tamen
976 1866 1058 1903 qnod
1074 1866 1214 1894 dominis

208 1924 323 1953 terreni
341 1922 387 1952 vel
407 1922 493 1950 fundi
514 1921 697 1959 hujusmodi
717 1921 771 1958 qut
791 1920 870 1949 sorte
887 1920 919 1948 itt
937 1920 982 1948 eis
1001 1919 1109 1957 aliqua
1125 1918 1215 1948 edifi-

207 1977 255 2005 cia
279 1979 525 2005 coustt·uxet·ut.=t
548 1983 602 2012 pro
621 1974 756 2002 edific-iis
778 1973 855 2012 ipsis
875 1973 915 2001 ab
931 1972 1053 2002 eisdem
1070 1973 1215 2010 episcopo

208 2036 236 2059 et
251 2029 389 2068 capitulo
404 2038 543 2066 congrua
561 2028 735 2056 satisfactio
753 2032 957 2066 prestaretur.
984 2026 1020 2055 Et
1041 2026 1114 2054 licet
1130 2025 1213 2054 idem

207 2083 370 2122 episcopus
390 2081 695 2112 Forostnli-oniensis
719 2080 904 2109 mandatum
930 2079 1116 2117 hujusmodi
1142 2078 1215 2107 dili-

208 2142 319 2173 genter
345 2137 440 2165 suerit
468 2141 634 2170 executuS,
662 2134 857 2171 assignando
882 2138 912 2163 et
936 2133 1102 2169 addendo⁷
1127 2134 1215 2171 juxta

210 2191 419 2229 predictarum
439 2190 616 2219 litterarum
638 2194 816 2218 nostrarum
836 2194 995 2223 tenorem⁷
1020 2187 1216 2216 territorium

209 2249 390 2282 competens
412 2243 449 2271 do
475 2248 599 2272 terreno
619 2242 757 2281 vatlicto
774 2242 918 2280 episcopo
941 2246 971 2270 et
990 2240 1128 2279 capitulo
1150 2249 1216 2270 me-

212 2298 340 2325 moratis
366 2305 418 2334 pro
439 2296 662 2325 construendis
682 2295 832 2334 predictis
855 2295 1008 2331 edificiis,
1037 2295 1091 2332 qui
1120 2295 1216 2333 parati

211 2355 285 2379 suut
304 2350 479 2379 secundnm
504 2350 744 2378 extimationem
773 2348 923 2386 prefatam
944 2348 982 2377 de
999 2348 1099 2386 pretio
1114 2348 1215 2376 domi-

213 2404 261 2433 nis
280 2391 460 2432 satisfacere
474 2403 676 2441 supradictis,
694 2407 798 2431 tamen
816 2402 900 2430 rivos
914 2402 1050 2430 civitatis
1065 2401 1213 2440 predicte,

212 2467 305 2496 snper
322 2457 378 2486 lto‹·
395 2457 540 2485 difficiles
557 2466 588 2483 se
607 2456 789 2490 induentes,
807 2455 1002 2484 additionem
1022 2459 1052 2484 et
1068 2455 1215 2491 assigna-

214 2513 329 2540 tionem
349 2521 401 2549 per
419 2510 593 2548 predictum
611 2510 790 2548 epist-opum
809 2509 1137 2538 Forosinst-oniensent
1157 2509 1217 2538 sac-

214 2570 274 2593 tatn
301 2567 462 2601 acceptare
485 2563 713 2592 contumaciter
745 2567 950 2598 recusarunt,
982 2566 1107 2600 propter
1132 2562 1216 2600 quod

213 2617 351 2655 prelatus
378 2616 541 2654 epist-opus
569 2615 876 2644 Forosinfroniensis
904 2616 936 2644 in
962 2638 979 2644 ..
1006 2615 1158 2644 vicarium
1188 2619 1217 2643 et

212 2670 362 2699 officiales
379 2669 737 2702 uxconttnnuh-ationis,
757 2669 788 2697 in
808 2669 1049 2697 universitatem
1071 2667 1154 2697 dicte
1171 2668 1215 2698 ci—

214 2723 317 2752 vitatis
333 2722 490 2751 interdicti
508 2722 693 2756 sententias,
713 2722 858 2758 exigente
876 2720 1011 2759 justitia,
1034 2721 1216 2759 promulga-

214 2777 275 2812 vit,
300 2785 379 2814 quas
401 2775 498 2804 iidem
520 2775 667 2810 victarum,
686 2774 838 2803 ol‘liciales
854 2780 883 2804 et
902 2774 1092 2804 universitas
1108 2774 1217 2812 damp-

215 2829 645 2866 nabilitorcontempnentes,
663 2836 716 2866 per
733 2827 838 2865 plures
854 2836 980 2856 menses
993 2827 1217 2857 sustinuerunt

213 2884 322 2912 animo
340 2881 498 2914 it.d.·:at0,
518 2890 575 2910 ttec
590 2886 703 2910 curant
722 2880 824 2909 redire
839 2880 878 2909 ad
897 2880 1029 2910 ecclesie
1049 2880 1214 2915 unitatem,

215 2942 339 2976 propter
368 2935 451 2974 quod
478 2935 574 2964 iidem
604 2934 768 2972 e1i›copus
793 2939 822 2962 et
845 2933 1020 2972 capitulum
1048 2934 1217 2972 apostolice

213 2991 296 3021 sedis
308 2989 539 3028 providentiam
553 2987 776 3027 implorarunt.
791 2987 946 3022 Quocirca
962 2987 1149 3017 fraternitati
1165 2992 1215 3017 tue

1294 382 1348 410 per
1368 372 1536 410 apostolica
1553 371 1667 409 scripta
1684 370 1876 400 mandamus
1894 374 2069 409 qnatenus,
2086 370 2113 398 si
2131 369 2201 398 sine
2223 373 2299 398 stre-

1293 425 1358 464 pitu
1379 430 1408 453 et
1426 423 1655 462 tigurajudicii
1677 424 1716 453 de
1732 423 1896 461 premissis
1919 423 1973 452 tibi
1995 422 2184 456 constiterit.
2208 421 2298 451 addi-

1293 477 1410 506 tionem
1447 481 1477 506 et
1514 476 1767 514 assignationem
1809 485 1864 514 per
1900 475 2077 514 predictum
2117 474 2299 513 episcopum

1293 530 1624 560 Fui-osinsmnieusvm
1649 529 1687 558 de
1716 528 1853 567 predicto
1880 528 2037 558 territorio
2062 528 2174 557 saetam
2198 528 2300 558 debite

1293 583 1471 613 executioni
1494 582 1711 618 demandans,
1738 581 1871 610 inducas
1896 581 2052 620 predictos
2075 581 2255 620 episcopum
2272 586 2301 611 et

1292 635 1466 674 capitulum
1486 635 1650 665 Callenses
1663 634 1693 663 in
1710 633 1938 673 possessionem
1954 633 2137 672 hujusmodi
2152 633 2300 664 territorii

1291 689 1389 719 additi
1410 695 1439 718 et
1454 689 1605 726 assignati
1626 688 1760 723 eisdem,
1778 692 1808 717 et
1824 687 1977 716 defendas
1993 687 2149 716 inductos.
2169 686 2300 717 Contra-

1293 743 1438 777 dictores‚
1458 747 1547 780 prout
1565 741 1711 780 expedire
1727 741 1856 776 videris,
1877 740 2084 778 spiritualiter
2099 745 2130 769 et
2146 743 2300 779 tempora-

1294 796 1380 830 liter,
1402 795 1616 834 appellatione
1639 795 1826 834 postposita‚
1851 793 2091 833 compescendo.
2123 794 2192 823 Dat.
2218 793 2301 832 apud

1294 850 1569 884 Urbemveteretn,
1590 858 1608 877 v
1624 849 1696 878 idus
1712 849 1852 886 augusti,
1869 856 1955 878 anuo
1973 852 2094 886 quarto.
2119 859 2131 873 »

1364 1055 1479 1086 5857

1330 1117 1515 1152 Dispensatio
1533 1126 1621 1151 super
1635 1117 1748 1143 defectu
1764 1115 1883 1143 ordinis.
1900 1115 1984 1148 (stt-20.
2002 1115 2045 1146 46,
2058 1123 2085 1141 e.
2098 1114 2160 1146 432,
2172 1115 2191 1142 f.
2204 1114 2235 1141 84
2252 1116 2303 1146 v⁰.)

1875 1054 2002 1086 Orvieto,
2022 1052 2052 1079 t‘z
2069 1054 2137 1079 αοίιῑ
2154 1052 2232 1079 129¹.

1336 1233 1455 1269 Pelayio
1483 1233 1646 1266 Dominici,
1671 1233 1980 1270 presbytero,.pr1'ori
2011 1231 2160 1260 secularis
2189 1231 2305 1260 ecclesie

1294 1286 1403 1316 Sancte
1419 1287 1512 1315 ,llario
1531 1287 1768 1321 Vintaraztensis,
1782 1285 1999 1314 Brochoi-ensis
2015 1285 2149 1314 diocesis.
2166 1283 2248 1314 Cum
2268 1291 2305 1313 eo

1294 1339 1459 1378 dispensat
1479 1348 1574 1378 super
1596 1347 1632 1368 eo
1652 1338 1736 1377 quod
1758 1339 1933 1377 prioratum
1958 1337 2132 1367 saecularis
2153 1336 2305 1367 ecclesiae
2343 1366 2347 1367 ⁷
2367 1326 2370 1335 ⁸

1295 1394 1429 1423 Sanctae
1455 1393 1573 1422 Mariae
1593 1393 1854 1428 Vimaranensis,
1877 1391 2105 1421 Bracbarensis
2132 1390 2303 1425 dioecesis,

1295 1447 1434 1476 detinuit
1456 1456 1513 1476 nec
1531 1456 1564 1476 se
1584 1446 1658 1476 fecit
1680 1446 1763 1475 inst-a
1783 1454 1905 1475 anuum
1929 1445 1962 1474 in
1987 1445 2208 1484 presbyterum
2231 1453 2305 1482 pro-

1296 1501 1430 1536 moveri,
1449 1504 1574 1539 propter
1588 1500 1796 1530 interdictum
1814 1500 1864 1529 cui
1881 1499 2063 1538 subjacebat
2078 1507 2213 1536 reguum
2231 1497 2307 1528 Por—

1298 1554 1445 1592 tugaliae.

1338 1619 1351 1634 α
1378 1607 1588 1645 Exigentibus
1605 1611 1656 1637 tue
1673 1606 1876 1645 probitatis...
1892 1622 1932 1628 -
1944 1605 2014 1635 Dat.
2029 1604 2113 1644 apud
2128 1604 2307 1634 Urbemve-

1297 1667 1408 1697 terem,
1430 1670 1449 1689 tt
1469 1661 1541 1689 idus
1557 1661 1695 1697 augusti,
1715 1668 1801 1690 anno
1816 1664 1939 1698 quarto.
1960 1671 1972 1685 ι·

1368 1866 1622 1895 5858-5859

1334 1929 1520 1956 Gttilleltnnm
1543 1929 1577 1955 de
1602 1928 1754 1955 Bonavalle
1770 1937 1786 1955 a
1806 1928 1976 1955 canonicatu
1996 1931 2024 1954 et
2041 1926 2201 1962 praebenda
2216 1927 2244 1954 in
2260 1929 2309 1954 ec*-

1298 1979 1385 2004 clesia
1400 1978 1569 2004 Ebroicensi
1586 1978 1677 2012 privat
1692 1985 1852 2012 omnesque
1868 1985 2024 2012 processus
2039 1977 2141 2003 horum
2157 1976 2309 2002 canonica-

1298 2031 1345 2054 tus
1366 2032 1393 2053 et
1417 2026 1595 2061 praebendae
1620 2035 1707 2053 causa
1730 2027 1844 2053 habitos
1866 2029 1990 2053 revocat.
2015 2025 2099 2059 (Res.
2125 2024 2172 2056 46.
2197 2033 2223 2052 e.
2243 2024 2310 2058 433,

1298 2076 1317 2102 f.
1335 2076 1366 2103 84
1387 2077 1438 2109 vo.)

1882 1867 2007 1897 0rvieto,
2026 1865 2053 1892 21
2074 1866 2142 1892 aout
2158 1865 2236 1892 1291.

1341 2193 1460 2221 Ditectss
1482 2193 1556 2229 filiis
1579 2215 1599 2221 ..
1626 2193 1737 2221 decano
1761 2197 1786 2221 et
1811 2192 1944 2228 capitulo
1968 2192 2158 2220 Ebroicensis
2181 2190 2308 2220 ecclesie.

1302 2259 1314 2270 a
1340 2246 1420 2281 (Quia
1439 2245 1537 2274 nituis
1553 2249 1784 2274 excresceret...
1805 2245 1888 2274 Sane
1905 2243 2028 2274 dudum
2046 2243 2198 2281 magistro
2213 2242 2310 2273 Guil-

1300 2297 1396 2327 leltuo
1426 2299 1463 2327 cle
1495 2297 1682 2333 Bonavalle‚
1714 2298 1897 2337 presbytero
1924 2296 2132 2327 Cat-notensis
2158 2296 2308 2333 diocesis,

1300 2356 1462 2381 ἤμει-,ηιμ
1479 2352 1561 2390 qnod
1579 2352 1769 2381 venerabilis
1783 2352 1880 2380 frater
1897 2355 2002 2380 noster
2015 2350 2218 2380 Ebroicensis
2231 2350 2313 2389 epis·
2355 2375 2360 2378 .

1299 2414 1395 2443 copus
1415 2406 1516 2443 ipsunt
1543 2405 1730 2435 anctoritate
1752 2404 1922 2443 apostolica
1946 2408 2108 2443 receperat
2131 2408 2162 2434 et.
2182 2412 2200 2432 a
2221 2403 2310 2433 vobis

1300 2459 1330 2487 in
1357 2468 1546 2487 sanonicum
1572 2458 1775 2488 Ebroicensis
1798 2458 1931 2488 ecclesie
1957 2457 2053 2496 recipi
2080 2457 2199 2487 fecerat
2221 2460 2251 2486 et
2276 2457 2307 2485 in

1301 2513 1441 2547 tratrem,
1461 2512 1520 2540 sibi
1538 2511 1629 2541 stallo
1646 2512 1677 2541 in
1697 2512 1794 2542 choro
1815 2517 1846 2541 et
1862 2512 1929 2541 loco
1951 2511 1984 2541 in
2004 2510 2143 2550 capitulo
2164 2509 2306 2550 ejusdem

1299 2564 1432 2593 ecc-toste
1451 2565 1634 2602 assignatis,
1654 2573 1689 2594 ac
1713 2565 1739 2594 ei
1759 2565 1797 2595 de
1822 2564 1982 2604 prebenda
2004 2564 2104 2594 libera
2127 2568 2158 2593 et
2178 2566 2310 2593 vacante

1299 2618 1330 2646 iu
1354 2617 1463 2646 eadem
1490 2618 1623 2647 ecclesia
1640 2628 1693 2657 pet·
1714 2623 1848 2648 mortem
1867 2617 2030 2657 quondam
2054 2616 2200 2655 magistri
2220 2615 2308 2654 Phy-

1299 2670 1374 2709 lippi
1394 2670 1433 2699 de
1448 2671 1615 2708 (lut-giaco.
1631 2672 1712 2702 dicte
1731 2671 1864 2701 ecclesie
1881 2658 2039 2706 canonici,
2052 2670 2186 2700 duxerat
2203 2669 2309 2708 provi-

1297 2724 1452 2759 dendum,
1473 2730 1504 2754 et
1518 2725 1600 2764 quod
1620 2730 1681 2754 tam
1700 2734 1753 2755 vos
1776 2734 1872 2764 quam
1894 2724 2038 2763 magistri
2060 2722 2252 2753 Eustachius
2270 2721 2309 2752 de

1297 2778 1524 2815 Grautlicuria,
1546 2779 1792 2810 archidiaconus
1815 2779 1853 2809 de
1875 2778 1963 2809 Ocha
1987 2777 2021 2807 in
2042 2775 2176 2807 ecclesia
2195 2775 2308 2805 Ebroi-

1297 2831 1384 2861 censi
1410 2831 1559 2870 predicta,
1586 2837 1788 2863 conservator
1812 2831 2060 2871 privilegiorum
2088 2827 2309 2860 universitatis

1299 2884 1502 2922 Pru-islensis,
1520 2889 1549 2915 et
1567 2886 1754 2925 ltadnlphus
1769 2886 1808 2916 de
1827 2885 2010 2921 Haricurta,
2026 2882 2202 2914 canonicus
2217 2881 2309 2911 Pari-

1297 2936 1427 2973 simas,
1444 2938 1564 2968 dictum
1582 2940 1772 2977 magistrum
1791 2938 2002 2969 Guitletmum
2019 2934 2255 2975 impediebatis,
2273 2937 2309 2963 ut

1299 2990 1432 3028 dicebat,
1453 2993 1627 3030 quominus
1644 2992 1836 3032 prebendam
1854 2991 1980 3030 assequi
1997 2994 2027 3021 et
2041 2990 2185 3021 obtinere
2205 2991 2310 3026 posset
