2393 3496
233 322 305 352 1002
981 320 1218 350 REGISTRES
1241 320 1294 349 DE
1318 320 1501 351 NICOLAS
1526 323 1581 352 tv.

229 389 311 419 inibi
335 388 566 427 compellendo,
589 389 621 417 in
644 392 789 417 nostrum
810 391 840 417 et
863 386 1034 426 apostolice
1056 386 1140 416 sedis
1160 394 1237 416 con-

228 445 384 481 temptum
401 446 431 471 et
450 440 635 470 scandalum
656 440 811 478 regionis,
837 439 1079 470 universitatem
1099 443 1238 469 vestram

227 502 397 524 monemus
414 498 443 523 et
457 493 622 523 hortamur
635 497 752 522 attente
769 501 820 531 per
834 492 1005 531 apostolica
1020 492 1107 522 vobis
1123 493 1239 531 scripta

227 546 368 576 districte
386 545 588 585 precipiendo
607 546 796 575 mandantes
815 546 1006 584 quatinus...
1026 549 1165 575 castrum
1182 555 1237 575 seu

226 599 431 629 fortellicinm
455 598 671 636 supradictum
692 602 720 627 et
742 598 958 629 habitationes
981 599 1081 637 ipsius
1105 607 1123 628 a
1140 599 1237 638 juris-

225 653 364 682 dictione
381 656 484 680 vestra
503 652 630 690 penitus
645 651 835 688 relaxantes,
856 651 937 681 illud
954 651 1069 682 dilecto
1084 651 1151 682 filio
1170 661 1238 681 ma-

225 705 324 743 gistro
342 704 501 743 ltaynerio
517 704 555 733 de
573 704 673 740 Pisis,
693 705 816 735 notario
835 709 957 742 nostro,
975 705 1110 735 ducatus
1127 705 1237 744 Spole-

226 759 288 788 taui
306 758 430 793 rectori,
444 763 551 788 nostro
564 763 595 788 et
609 758 740 789 ecclesie
757 763 931 789 memorate
948 759 1094 795 nomine,
1113 759 1238 790 sublato

224 811 394 850 cujuslibet
406 811 603 842 difficultatis
619 812 792 849 obstaculo,
810 813 975 851 resignare
992 813 1149 844 curetis...
1163 813 1235 842 Dat.

222 865 305 904 apud
336 865 618 902 Urbemveterem,
647 866 742 896 nonis
765 866 870 905 junii,
902 866 1106 906 pontificatus
1138 866 1237 897 nostri

222 927 309 949 anno
325 923 448 958 quarto.
469 931 481 946 n

294 1098 411 1127 2330

256 1160 300 1187 De
316 1161 416 1187 eodem
434 1161 560 1196 negotio.
576 1160 649 1194 (Fol.
667 1162 699 1188 57
716 1163 767 1195 v0.)

827 1098 954 1131 Orvieto,
973 1101 1065 1135 5juin
1084 1101 1164 1129 1291.

261 1265 370 1294 Dilecto
390 1265 454 1302 filio
479 1266 627 1302 magyislro
645 1265 795 1302 Raynerz'o
811 1266 846 1295 de
867 1267 958 1303 Pisis,
978 1268 1099 1296 notario
1119 1272 1234 1304 nostro,

220 1319 349 1347 ducatus
363 1318 517 1355 spoletani
534 1318 715 1356 Sabin—{eque
732 1320 853 1348 rectori.
873 1319 911 1348 Ei
935 1319 1066 1349 mandat
1083 1323 1118 1349 ut
1137 1329 1155 1349 a
1175 1320 1234 1350 Pe-

219 1371 342 1401 rusinis
358 1372 453 1401 etiam
470 1371 581 1401 invitis
594 1377 734 1401 castrum
751 1372 843 1402 Podii
859 1372 970 1403 Sancti
987 1372 1140 1403 Erculani
1153 1374 1235 1404 reci-

219 1424 294 1462 piat.

260 1490 273 1505 <1
296 1478 425 1507 Dudum
444 1478 483 1508 ad
501 1483 681 1509 nostram...
702 1496 740 1501 —
758 1479 829 1509 Dat.
849 1485 882 1510 ut
900 1489 1007 1519 supra.
1028 1494 1041 1507 »

291 1658 403 1686 ‘2331

254 1718 358 1745 Contra
379 1719 556 1754 Hugolinum
572 1719 744 1754 Johannini,
761 1721 810 1756 qni
833 1722 962 1755 regimen
984 1724 1072 1750 castri
1089 1724 1123 1750 de
1141 1723 1234 1759 Ripa—

218 1768 364 1795 transonis
380 1769 542 1804 usurpavit.
563 1769 632 1802 (Fol.
651 1770 683 1797 58
700 1772 747 1803 r0.)

805 1659 933 1692 Orvieto,
951 1660 984 1687 27
1002 1661 1065 1696 juin
1083 1662 1162 1690 1291.

259 1871 366 1900 Dilecto
382 1872 446 1908 sitio
462 1871 579 1900 Audree
595 1873 673 1901 dicto
697 1873 807 1909 Vetulo,
826 1875 935 1911 militi,
955 1876 1086 1905 Marchzsse
1102 1877 1231 1906 Anconi-

218 1930 287 1953 tane
302 1926 427 1954 vicario.
452 1937 465 1951 ιι
489 1925 600 1964 Nuper
616 1926 654 1955 ad
673 1930 817 1956 nostrum
836 1936 900 1957 non
920 1928 989 1958 sine
1006 1929 1145 1968 quadam
1164 1935 1228 1960 tur-

216 1977 345 2007 batione
361 1978 507 2016 pervenit
530 1979 677 2008 anditum
695 1979 795 2018 quod,
815 1989 890 2010 cum
908 1981 1105 2012 universitas
1122 1982 1228 2013 homi-

218 2039 297 2060 num
314 2031 409 2060 castri
425 2031 464 2061 de
482 2032 737 2070 Ripatransonis,
752 2033 843 2072 juxta
862 2034 998 2065 formam
1014 2035 1171 2066 libertatis
1187 2037 1232 2067 eis

217 2084 255 2113 ab
276 2084 449 2123 apostolica
476 2085 549 2115 sede
575 2094 741 2123 concesse,
767 2086 921 2117 dilectum
950 2088 1055 2119 filium
1086 2089 1229 2120 nobilem

217 2137 325 2167 virum
349 2138 569 2169 Urbertellnm
598 2139 636 2169 de
666 2140 839 2178 Fabriauo‚
871 2146 1017 2172 nostrum
1043 2147 1072 2172 et
1096 2143 1230 2174 ecclesie

216 2199 348 2221 romane
367 2192 528 2229 devotum,
546 2193 585 2222 ad
600 2193 700 2231 ipsius
714 2195 809 2223 castri
829 2196 974 2233 regimen
992 2206 1048 2235 pro
1065 2206 1129 2228 uno
1144 2207 1230 2228 anno

216 2244 365 2275 inchoato
378 2245 411 2274 in
426 2245 571 2276 kalendis
583 2248 703 2277 mensis
720 2248 825 2277 martii
840 2250 984 2287 proximo
996 2252 1138 2289 preteriti
1150 2261 1228 2282 con-

216 2298 352 2327 corditer
370 2298 552 2336 elegissent,
566 2300 715 2339 idemque
735 2301 774 2331 U.
792 2301 979 2341 hujusmodi
996 2305 1141 2342 regimen
1158 2305 1227 2335 lau-

217 2351 365 2382 dabiliter
381 2357 550 2390 exerceret,
566 2354 748 2391 Hugolinus
760 2355 956 2391 Jouannini,
971 2357 1115 2396 ejusdem
1132 2360 1228 2389 castri

215 2406 395 2443 municeps,
426 2406 617 2436 seditionem
647 2408 788 2438 excitans
813 2409 848 2439 in
874 2411 990 2449 populo
1019 2411 1095 2442 dicti
1121 2414 1227 2449 castri,

216 2459 369 2488 associata
382 2459 441 2489 sibi
454 2465 650 2490 armatorum
668 2470 731 2491 non
750 2463 873 2493 modica
889 2464 1052 2502 comitiva,
1069 2475 1144 2496 cum
1162 2467 1228 2497 cla-

215 2511 360 2541 moribus
381 2511 493 2542 validis
509 2513 547 2542 ad
570 2513 724 2552 palatium
743 2515 825 2545 dicte
843 2517 1062 2550 universitatis
1080 2521 1228 2559 accessit,

216 2564 392 2603 eodemque
414 2565 578 2596 Ubertello
605 2567 643 2597 de
672 2567 755 2598 dicto
786 2569 904 2608 palatio
933 2576 963 2601 et
985 2573 1144 2610 regimine
1167 2575 1228 2605 sibi

215 2618 386 2648 commisso
410 2620 536 2657 propria
564 2622 738 2651 temeritate
764 2623 902 2662 dejecto,
930 2634 962 2655 se
984 2626 1017 2655 in
1042 2632 1228 2666 potestatem

215 2671 359 2709 ejusdem
382 2673 475 2702 castri
496 2674 534 2703 de
554 2674 634 2704 sacto
655 2675 730 2713 eligi
751 2678 946 2716 procuravit,
969 2689 1154 2719 quanquam
1173 2691 1228 2720 per

215 2725 351 2754 eandem
370 2726 612 2757 universitatem
633 2733 714 2758 esset
736 2738 799 2759 non
818 2731 998 2770 improvide
1018 2735 1226 2765 constitutum

216 2781 250 2806 ut
269 2778 377 2807 nullus
398 2778 502 2809 incola
526 2779 604 2809 dicti
624 2782 718 2810 castri
740 2783 778 2812 ad
799 2783 928 2823 aliquod
953 2785 1055 2824 ipsius
1078 2788 1224 2826 regimen

215 2838 418 2870 quocumque
438 2833 570 2863 nomine
585 2840 769 2865 censeretur
784 2842 889 2875 posset
905 2840 1039 2877 assumi,
1054 2842 1224 2873 medietate

214 2883 371 2914 bonorum
388 2885 476 2915 illius
489 2887 542 2924 qni
557 2892 665 2917 contra
677 2896 875 2928 presumeret
888 2901 1013 2923 camere
1028 2894 1109 2924 dicte
1126 2896 1223 2933 sedis,

214 2937 337 2976 reliqua
351 2939 551 2970 universitati
568 2942 687 2980 prefate
701 2952 736 2973 eo
751 2943 819 2982 ipso
835 2951 959 2984 propter
974 2947 1032 2978 hoc
1045 2949 1226 2987 specialiter

215 2992 403 3022 confiscatis.
426 2993 544 3024 Verum
565 2994 639 3025 licet
665 2996 748 3027 idem
775 2998 956 3037 llugolinus
977 3011 1072 3041 snper
1088 3004 1225 3035 sedicio-

1324 387 1420 417 nibus
1433 392 1464 418 et
1479 389 1660 419 excessibus
1675 390 1866 429 supradictis
1878 399 1933 429 per
1944 390 2099 421 dilectum
2112 392 2216 423 filium
2231 393 2335 426 Simo-

1323 448 1397 470 nem
1420 440 1459 470 de
1482 441 1617 478 Narnia,
1636 442 1668 472 in
1686 442 1848 481 presidatu
1866 442 1993 473 abbatie
2012 443 2174 475 Farfensis
2189 445 2334 484 judicem

1322 493 1525 531 generalem,
1543 494 1657 525 citatus
1675 495 1814 525 extiterit
1837 499 1871 525 ut
1894 504 2000 526 coram
2017 504 2054 526 eo
2077 505 2261 536 comparere
2277 506 2335 529 cu-

1323 551 1421 583 raret,
1442 547 1508 586 ipse
1527 552 1632 578 tamen
1644 571 1652 585 ‚
1673 551 1828 587 tanquam
1845 548 1929 578 male
1947 549 2009 579 sibi
2025 550 2188 587 conscius,
2206 558 2336 591 compa-

1323 609 1393 630 rere
1414 605 1665 639 contempnens,
1686 601 1725 631 ab
1744 601 1855 632 eodem
1871 601 1979 640 judice
2004 602 2204 633 frustratorie
2220 603 2337 636 dicitur

1322 653 1509 692 appellasse.
1530 654 1613 684 Cum
1629 655 1730 693 igitur
1743 664 1780 685 ex
1798 655 1962 694 premissis
1979 659 2078 685 status
2094 655 2245 694 pacificus
2259 656 2337 688 dicti

1322 707 1416 736 castri
1440 707 1480 736 sit
1497 716 1561 738 non
1586 707 1748 738 modicum
1768 708 1969 747 perturbatus
1986 712 2016 738 et
2033 717 2072 738 ne
2089 708 2129 738 ad
2145 709 2336 742 irremedia-

1322 759 1421 790 bilem
1435 760 1566 790 ruinam
1582 761 1731 791 deveniat
1747 761 1971 791 verisimiliter
1987 761 2161 797 dubitetur,
2178 762 2338 796 nobilitati
2386 789 2387 793 ,

1323 817 1374 843 tue
1398 821 1453 852 per
1475 814 1646 852 apostolica
1670 815 1787 853 scripta
1808 814 2001 844 mandamus
2025 815 2191 854 quatinus,
2215 815 2338 849 sublato

1321 875 1410 896 more
1434 867 1616 906 dispendio,
1643 867 1683 896 ad
1711 871 1851 897 castrum
1880 867 2039 907 prefatum
2071 872 2099 898 te
2127 868 2338 907 personaliter

1321 920 1505 955 conterens,
1524 921 1551 950 si
1566 921 1711 959 predicta
1727 921 1893 951 inveneris
1907 921 2033 951 veritati
2048 922 2198 960 subnixa,
2215 922 2337 955 dictum

1320 973 1524 1011 Hugolinum
1541 974 1580 1004 ab
1596 974 1708 1005 eodem
1729 974 1890 1013 regimine
1909 975 2039 1014 penitus
2057 984 2219 1013 amoveas,
2235 976 2337 1015 ipsius

1320 1026 1493 1065 complices
1517 1031 1547 1057 et
1572 1027 1710 1058 fautores
1732 1032 1762 1058 et
1786 1028 1819 1058 in
1838 1028 1897 1058 hac
1913 1032 2001 1067 parte
2022 1028 2215 1059 adherentes
2231 1029 2336 1062 eidem

1320 1079 1427 1110 debita
1440 1090 1523 1119 pena
1539 1081 1684 1119 castiges,
1701 1081 1821 1120 pretato
1838 1081 2003 1112 Ubertello
2015 1081 2055 1111 ad
2067 1082 2136 1121 jam
2152 1082 2275 1113 dictum
2289 1091 2338 1114 re·

1321 1133 1432 1171 gimen
1453 1134 1610 1164 restituto.
1638 1134 1675 1164 Et
1692 1134 1928 1165 nichilominus
1944 1135 2102 1173 prefatum
2121 1134 2334 1175 Hugolinum,

1321 1187 1377 1225 qui
1393 1196 1501 1226 pacem
1519 1191 1602 1217 terre
1618 1191 1736 1223 nostre,
1757 1192 1792 1218 ut
1807 1187 1995 1226 predicitur,
2013 1188 2222 1227 perturbavit,
2239 1189 2336 1221 citare

1321 1248 1470 1278 procures
1486 1243 1520 1270 ut
1535 1240 1620 1270 intra
1632 1241 1743 1271 decem
1755 1241 1824 1272 dies
1842 1246 1909 1280 post
1921 1242 2107 1272 citationem
2124 1246 2212 1273 tuam
2228 1251 2334 1282 perso-

1321 1293 1439 1323 naliter
1456 1299 1637 1333 compareat
1653 1303 1759 1325 coram
1777 1295 1886 1332 nobis,
1911 1305 2006 1334 super
2019 1296 2182 1334 jamdictis
2197 1296 2334 1327 excessi·

1320 1345 1380 1376 bus
1403 1347 1562 1376 mandatis
1584 1347 1704 1377 nostris
1730 1348 1874 1386 plenarie
1902 1350 2086 1388 pariturus,
2115 1348 2167 1380 vel
2191 1358 2284 1380 suam
2307 1350 2334 1381 si

1319 1400 1434 1438 poterit
1453 1400 1674 1431 innocentiam
1697 1406 1895 1432 ostensurus.
1921 1402 2048 1432 Statuas
2070 1411 2197 1442 quoque
2219 1407 2251 1433 et
2270 1406 2334 1434 sta·
2384 1398 2385 1406 ¹

1320 1453 1440 1484 tuendo
1453 1454 1606 1484 decernas
1620 1455 1705 1494 quod
1718 1455 1829 1486 nullus
1846 1455 2006 1486 habitator
2018 1457 2113 1487 castri
2129 1456 2262 1496 predicti
2278 1465 2332 1488 seu
2384 1447 2385 1450 Ἴ

1321 1507 1481 1537 districtus
1506 1508 1650 1547 ejusdem
1674 1509 1713 1538 ad
1737 1509 1881 1546 regimen
1906 1510 2006 1548 ipsius
2034 1510 2068 1539 in
2095 1513 2257 1548 posterum
2278 1508 2333 1550 per

1319 1561 1454 1591 eandem
1472 1562 1712 1592 universitatem
1730 1562 1805 1600 eligi
1824 1562 1927 1593 valeat
1941 1563 1991 1593 vel
2006 1563 2140 1593 assumi.
2159 1564 2230 1594 Dat.
2248 1563 2332 1603 apud

1320 1615 1596 1652 Urbemveterem,
1617 1626 1635 1645 v
1646 1615 1895 1654 kalendasjulii,
1912 1617 2115 1656 pontificatus
2128 1617 2229 1648 nostri
2246 1625 2332 1649 anno

1317 1672 1440 1707 quarto.
1460 1681 1473 1696 n

1388 1857 1505 1885 ’2332
1908 1856 2036 1892 Orvieto,
2053 1857 2086 1884 27
2098 1858 2164 1891 juin
2180 1855 2258 1884 129¹.

1350 1918 1454 1945 Contra
1471 1919 1645 1946 Asisinates.
1662 1919 1734 1953 (Fol.
1753 1919 1785 1946 58
1804 1920 1851 1952 ro.)

1353 2021 1467 2051 Dilecto
1482 2022 1547 2058 filio
1567 2023 1713 2059 mayistro
1730 2023 1881 2060 Raynert'o
1898 2022 1932 2051 de
1952 2022 2047 2058 Pisis,
2068 2023 2190 2052 notario
2205 2026 2308 2052 nostro
2320 2045 2327 2059 ‚

1314 2076 1443 2104 ducatus
1453 2075 1608 2113 Spolelant'
1623 2076 1807 2113 Sabmieqzte
1818 2077 1936 2105 rectori.
1953 2075 1989 2105 Ei
2007 2075 2139 2105 mandat
2153 2079 2188 2105 ut
2200 2074 2328 2114 privile-

1313 2129 1367 2166 gia
1384 2128 1604 2158 Asisinatibus
1617 2138 1634 2158 a
1648 2129 1854 2167 pontificibus
1868 2129 2011 2159 romanis
2024 2137 2176 2159 concessa
2189 2131 2326 2166 revocet,

1313 2190 1409 2212 causa
1423 2190 1610 2212 excessuum
1624 2187 1734 2212 contra
1746 2187 1886 2212 castrum
1900 2181 2092 2218 Cannariae,
2108 2181 2148 2212 ad
2160 2181 2327 2212 ecclesiam

1314 2243 1481 2264 romanam
1505 2234 1686 2273 pertinens,
1714 2235 1753 2265 ab
1779 2235 1825 2265 eis
1851 2235 2111 2266 commissorum.
2138 2247 2151 2262 α
2177 2234 2327 2265 Mandato

1312 2288 1394 2317 sacto
1417 2288 1463 2318 eis
1488 2297 1544 2327 per
1562 2292 1591 2318 te
1606 2288 1645 2318 de
1666 2289 1810 2327 quinque
1833 2288 1964 2318 milibus
1984 2288 2179 2319 florenorum
2202 2288 2272 2318 auri
2292 2288 2327 2318 in

1312 2341 1406 2371 certis
1433 2341 1580 2371 terminis
1604 2350 1730 2371 camere
1752 2346 1861 2371 nostre
1886 2341 2048 2372 solvendis
2071 2350 2127 2380 pro
2145 2341 2326 2372 excessibus

1312 2394 1498 2424 memoratis
1513 2395 1548 2424 in
1568 2403 1625 2425 suo
1642 2395 1754 2425 robore
1774 2394 2008 2424 nichilominus
2025 2398 2222 2425 remanente.
2243 2406 2256 2421 »
2337 2387 2341 2392 ”

1354 2459 1367 2474 <1
1386 2447 1467 2477 Cum
1484 2447 1569 2477 cives
1586 2447 1802 2479 Asisinates...
1822 2464 1860 2469 —
1879 2448 1950 2478 Dat.
1970 2452 2027 2478 etc.
2048 2459 2062 2474 n

1385 2634 1501 2662 ‘²333
1886 2632 2015 2667 Orvieto,
2033 2633 2048 2660 5
2061 2632 2158 2668 juillet
2176 2632 2254 2660 1291.

1347 2696 1479 2724 Senator-i
1496 2696 1586 2724 Urbis
1601 2696 1716 2723 mandat
1733 2700 1764 2723 ut
1780 2696 1955 2723 monasterio
1970 2695 2093 2723 Sanctae
2109 2695 2215 2722 Mariae
2230 2694 2325 2723 Viter-

1311 2747 1404 2773 biensi
1419 2746 1571 2773 ecclesiam
1589 2745 1685 2772 Sancti
1704 2745 1794 2771 Sentii
1810 2753 1898 2780 prope
1914 2744 2064 2772 Civitatem
2078 2744 2213 2772 Veterem
2229 2748 2257 2772 et
2271 2743 2324 2772 alia

1310 2796 1353 2822 eis
1369 2795 1482 2822 restitui
1500 2795 1594 2822 saciat.
1615 2792 1685 2826 (Fol'.
1703 2795 1735 2821 58
1751 2796 1801 2826 v0.)

1351 2899 1462 2928 Dilecto
1487 2899 1550 2935 filio
1578 2898 1673 2927 nobili
1695 2898 1762 2926 viro
1787 2897 1921 2934 Roffredo
1942 2895 2014 2935 (sic)
2038 2897 2117 2926 dicto
2141 2896 2269 2926 Gaitano
2290 2895 2323 2926 de

1308 2951 1605 2990 Anaqnitz,senatort
1617 2951 1713 2980 Urbis.
1724 2963 1737 2977 «
1750 2950 1814 2980 Sua
1824 2949 1914 2980 nobis
1924 2948 2038 2979 dilecte
2049 2949 2083 2978 in
2093 2948 2219 2980 Christo
2226 2947 2320 2980 filie..

1308 3006 1467 3036 abbatissa
1487 3010 1517 3035 et
1541 3009 1717 3035 conventus
1743 3003 1932 3034 monasterii
1954 3002 2070 3033 Sancte
2093 3003 2194 3033 Marte
2216 3002 2322 3033 Viter-
