2393 3496
12 2715 14 2724 r

12 2733 17 2747 l

13 2801 16 2811 l

15 2820 23 2856 l

775 365 961 395 LETTRES
984 364 1073 393 NON
1097 354 1431 394 ENREGtSTRnEs.

67 436 174 476 nulphi
195 434 350 473 quondam
365 433 476 462 Mathie
500 433 574 462 dicti
596 434 628 462 de
644 433 727 470 Papa
747 433 781 461 de
796 433 935 468 Anaqnia
947 455 954 468 ,
972 440 1063 461 cano-

66 491 129 521 nico
157 486 269 518 ecclesie
292 485 398 515 Sancti
428 486 600 514 Andomari
609 510 615 521 ,
644 486 826 514 Morinensis
857 485 994 519 diocesis,
1025 484 1063 513 ad

68 539 322 581 supplicationem
346 537 395 574 B„
417 537 525 567 Sancti
551 537 677 568 Nicolai
702 539 734 567 in
759 537 891 568 Carcere
915 537 1063 567 Tulliano

68 592 189 626 diaconi
211 590 399 626 cardinalis,
423 591 645 621 canonicatum
665 600 735 620 cum
763 590 941 630 praebenda
964 591 997 619 in
1016 599 1064 619 ec-

68 646 157 679 clesia
175 644 282 675 Sancti
299 644 486 680 Andomari,
504 644 699 673 Morinensis
714 644 877 679 dioecesis,
896 647 1063 672 vacantem

69 697 206 732 concedit
227 696 277 727 vel
293 700 479 726 vacaturum
503 700 663 733 reservat,
687 701 717 726 et
739 696 777 725 de
798 696 851 725 illo
876 696 1063 733 magistrum

69 750 272 784 Benedictum
293 750 331 779 de
351 750 499 787 Aquino,
517 758 662 779 camerae
680 749 871 787 pontificalis
894 748 1063 785 clericum,

69 803 324 836 archidiaconum
343 802 381 832 de
399 802 570 832 Belvacino
589 802 622 831 in
642 802 773 832 ecclesia
793 801 991 834 Belvacensi,
1011 811 1066 840 pro

71 866 104 890 eo
117 866 170 896 per
185 855 343 886 annulum
362 865 456 885 suum
473 856 623 891 investit3
640 855 865 894 dispensatque
883 864 955 885 cum
977 863 1012 884 eo
1034 858 1066 884 ut

68 909 253 942 heneficium
270 907 361 938 illum
378 917 443 938 una
458 917 531 938 cum
547 908 787 938 canonicatibus
800 908 832 937 in
846 908 1019 945 Anagnina
1036 913 1067 937 et

70 963 170 994 Sancti
186 961 293 992 Amati
310 961 469 991 Duacensi
485 961 642 998 ecclesiis,
660 961 879 990 Atrebatensis
895 961 1065 999 dioecesis,

69 1019 98 1046 et
113 1014 289 1055 praebenda
304 1014 339 1043 in
356 1014 464 1044 eadem
483 1014 590 1044 Sancti
608 1014 716 1043 Amati
737 1013 883 1050 ecclesia,
901 1023 982 1052 quae
997 1015 1065 1053 jam

67 1068 190 1101 obtinet.

106 1132 120 1148 α
138 1120 342 1151 Intendentes
360 1121 416 1150 tihi
432 1120 526 1159 qui...
543 1137 581 1142 —
597 1120 669 1150 Dat.
688 1121 799 1157 Rome,
815 1120 897 1159 apud
915 1120 1064 1150 Sanctam

68 1174 196 1205 Mariam
217 1174 390 1212 Maj0rem‚
410 1183 433 1203 11
454 1173 526 1203 idus
547 1174 716 1210 februarii,
737 1174 939 1212 pontificatus
963 1174 1063 1204 nostri

67 1235 147 1258 anno
161 1226 275 1266 primo.
296 1238 308 1254 1·

133 1451 250 1481 '2356

403 1452 761 1488 Sainte-Marie-Majeure‚
778 1453 813 1480 ‘29
828 1453 897 1479 avril
915 1453 991 1481 1289.

99 1527 278 1556 Confirmatio
295 1528 510 1563 privilegiorum
531 1529 696 1555 monasterii
709 1527 900 1555 Vallisviridis
912 1530 996 1563 juxta
1011 1529 1066 1555 Pa-

68 1577 158 1605 risius.
177 1577 276 1610 (Aaou.
291 1577 375 1612 Nun,
391 1577 423 1611 L,
439 1577 506 1612 275,
524 1577 577 1609 11.)

102 1707 219 1737 Dilectis
237 1707 314 1744 filiis
333 1729 354 1737 ..
372 1708 474 1745 priori
491 1710 517 1736 et
537 1708 700 1747 conventui
721 1709 900 1737 monasterii
923 1709 1064 1738 Vallisvi-

66 1761 140 1791 ratis
151 1760 244 1798 juxta
259 1761 415 1797 Parisins,
436 1770 489 1799 per
505 1762 641 1799 priorem
657 1762 741 1790 soliti
756 1762 938 1799 gauter-nari,
958 1762 1063 1792 Carta·

66 1814 166 1844 simsis
178 1814 308 1844 ordinis.
327 1825 341 1841 α
360 1813 447 1844 Solet
463 1822 608 1844 annuere
625 1814 752 1845 sedes...
765 1814 886 1845 Omnes
902 1814 1064 1845 libertates

67 1869 96 1897 et
107 1866 324 1897 immunitates
339 1875 357 1897 a
372 1867 650 1906 predecessoribus
667 1868 785 1898 nostris
801 1869 943 1899 romanis
959 1868 1063 1907 ponti-

67 1918 173 1950 ficibus
193 1920 259 1950 sive
282 1929 338 1959 per
358 1920 528 1959 privilegia
549 1930 603 1950 seu
629 1921 709 1951 alias
730 1921 947 1959 indulgentias
974 1922 1063 1951 vobis

66 1971 113 2003 vel
140 1974 332 2004 monasterio
359 1978 463 2003 vestro
489 1982 669 2011 concessas,
695 1983 819 2005 necnon
845 1974 1007 2005 libertates
1034 1980 1064 2006 et

67 2027 276 2066 exemptiones
297 2026 489 2057 secularium
511 2027 712 2057 exactionum
737 2037 755 2057 a
772 2028 919 2065 regibus,
946 2029 1062 2067 princi-

65 2078 154 2117 pibus
178 2083 209 2109 et
230 2079 303 2110 aliis
323 2079 445 2110 Christi
469 2080 618 2110 fidelibus
642 2080 874 2110 rationabiliter
898 2081 988 2111 vobis
1010 2081 1062 2110 in-

65 2130 163 2161 dultas
174 2156 181 2170 ,
197 2132 277 2162 sicut
292 2141 344 2162 eas
364 2133 446 2170 juste
466 2137 497 2163 et
512 2133 642 2172 pacifice
658 2134 810 2163 obtinetis
823 2157 831 2170 ,
854 2134 943 2163 vobis
959 2139 990 2163 et
1009 2143 1063 2172 per

65 2191 116 2214 vos
129 2184 231 2215 eidem
243 2186 436 2216 monasterio
447 2186 633 2216 auctoritate
649 2186 820 2225 apostolica
834 2188 1063 2217 confirmamus

65 2240 94 2267 et
105 2238 258 2276 presentis
270 2238 379 2278 scripti
393 2239 568 2277 patrocinio
579 2240 828 2269 communimus.
847 2240 937 2269 Nulli
948 2249 1060 2278 ergo...

9 2300 11 2326 ς
65 2287 98 2319 Si
120 2290 190 2329 quiS
213 2294 357 2321 autem...
394 2291 465 2321 Dat.
496 2292 615 2329 Rome,
641 2292 724 2331 apud
749 2292 898 2322 Sanctam
928 2293 1061 2322 Mariam

9 2347 12 2381 ζ»
65 2339 232 2380 Majorem,
258 2351 290 2372 ιιι
322 2342 477 2373 kalendas
499 2344 592 2381 maii,
619 2344 821 2383 pontificatus
849 2344 949 2374 nostri
977 2353 1063 2374 anno

66 2394 208 2425 secundo.
227 2407 241 2422 n

132 2612 243 2642 '2352
676 2615 764 2650 Rieti,
783 2616 820 2642 ier
830 2616 895 2650 juin
913 2616 989 2644 1289.

98 2684 276 2714 Confirmatio
298 2689 515 2723 privilegiorum
538 2689 641 2717 domus
662 2690 853 2717 Vallisviridis
876 2700 963 2726 prope
983 2691 1062 2718 Pari-

66 2733 134 2761 sius.
151 2735 250 2768 (Anca.
266 2736 349 2768 Nun,
366 2736 397 2768 L,
414 2737 476 2769 275,
496 2738 550 2771 15.)

101 2862 220 2893 Dilectis
245 2864 318 2902 filiis
341 2888 361 2895 ..
380 2866 483 2903 priori
505 2871 530 2895 et
551 2870 712 2897 conventui
733 2869 839 2897 domus
863 2869 1062 2897 Vallisviridis

15 2914 17 2927 ¹
61 2922 149 2953 prope
167 2917 315 2954 Parisius,
334 2918 538 2948 Cortustensis
555 2920 683 2950 ordinis.

103 2979 116 2996 ι
133 2968 214 2999 Cum
231 2979 249 3000 a
263 2971 393 3000 nobis...
411 2988 450 2993 —
467 2972 537 3002 Dat.
556 2973 666 3011 Reate,
683 2973 829 3004 kalendis
842 2975 939 3013 junii,
957 2974 1061 3013 ponti-

17 3008 19 3017 *
65 3019 171 3052 ficatus
190 3024 289 3053 nostri
307 3032 392 3053 anno
411 3025 560 3055 secundo.
582 3038 594 3052 n

200 3088 271 3116 Rae.
293 3089 416 3117 Nicoma
436 3090 487 3118 IV.

2076 368 2149 397 1009

1220 430 1335 458 '⁷358
1789 431 1875 463 Rieti,
1893 432 1907 459 5
1920 433 1983 466 juin
2002 432 2079 460 1289.

1182 493 1365 520 Confirmatio
1387 495 1602 529 privilegiorum
1626 495 1729 522 domus
1748 496 1865 523 militiae
1884 496 1994 532 Templi
2013 497 2152 525 Jerosoli-

1147 542 1256 569 mitani.
1274 543 1375 575 (Anca.
1393 542 1476 574 Nun,
1494 543 1525 574 L,
1541 543 1602 577 275,
1622 544 1675 575 17.)

1186 646 1306 675 Dilectis
1321 647 1395 683 filiis
1412 668 1432 675 ..
1449 648 1594 684 magistro
1612 651 1638 676 et
1652 649 1803 684 fratribus
1818 649 1925 678 domus
1939 650 2051 679 militie
2071 652 2152 680 Tem-

1143 699 1191 736 pti
1205 700 1456 729 Jerosolimitani.

1189 763 1202 777 α
1222 751 1303 781 Cum
1319 760 1337 780 a
1356 752 1484 781 nobis...
1507 768 1544 773 —
1567 753 1638 782 Dat.
1659 753 1771 791 Reate,
1790 755 1886 784 nonis
1899 755 2004 793 junii,
2024 757 2150 795 pontifi-

1147 807 1236 833 catus
1253 804 1353 833 nostri
1368 813 1453 834 anno
1470 804 1620 835 seeundo.
1641 814 1655 833 »

1220 989 1335 1019 2359
1770 990 1858 1022 Rieti,
1875 991 1908 1018 22>
1921 992 1985 1026 juin
2002 992 2079 1019 1289.

1183 1050 1366 1077 Confirmatio
1382 1051 1524 1086 generalis
1546 1052 1761 1086 privilegiorum
1782 1054 1947 1080 monasterii
1969 1053 2066 1081 Sancti
2082 1054 2152 1081 Dio-

1148 1100 1223 1135 nysii
1238 1101 1266 1127 in
1283 1100 1413 1128 Francia.
1429 1100 1528 1133 (Anca.
1549 1100 1632 1135 Nur„
1650 1101 1681 1135 L,
1697 1101 1759 1133 275,
1778 1101 1832 1135 19.)

1187 1203 1307 1232 Dilectis
1328 1203 1403 1239 filiis
1432 1225 1452 1232 ..
1483 1204 1582 1232 abbati
1611 1208 1636 1232 et
1660 1206 1823 1233 conventui
1846 1206 2023 1234 monasterii
2048 1205 2152 1235 Sancti

1147 1257 1278 1285 Dionisii
1299 1257 1334 1285 in
1352 1256 1494 1293 Francia,
1518 1257 1558 1285 ad
1577 1265 1741 1286 romanam
1766 1258 1918 1287 ecclesiam
1942 1259 2028 1287 nullo
2053 1260 2150 1288 medio

1144 1310 1338 1346 pertinentis,
1355 1310 1474 1338 ordinis
1489 1309 1520 1339 S.
1540 1310 1701 1346 Benedicti,
1721 1310 1905 1340 Parisiensis
1920 1311 2053 1341 diocesis.

1188 1374 1201 1388 α
1227 1361 1313 1392 Solet
1337 1371 1481 1393 annuere
1506 1362 1634 1392 sedes...
1660 1379 1698 1385 —
1723 1363 1794 1394 Dat.
1823 1364 1932 1401 Reate,
1955 1374 1973 1394 x
1999 1364 2151 1395 kalendas

1144 1414 1229 1453 julii,
1247 1415 1449 1453 pontificatus
1466 1415 1566 1445 nostri
1581 1424 1667 1445 anno
1686 1415 1835 1446 secundo.
1857 1428 1871 1443 „

1220 1607 1336 1635 eaeo
1736 1606 1823 1638 Rieti,
1843 1608 1879 1634 ιιι
1890 1608 1986 1642 juillet
2002 1608 2080 1635 1289.

1182 1668 1310 1695 Licentia
1333 1668 1512 1703 ingrediendi
1528 1669 1712 1697 monasteria.
1737 1669 1837 1702 (Aaou.
1853 1669 1941 1701 Nm„
1958 1669 1995 1701 L,
2011 1670 2078 1701 275,
2094 1669 2150 1703 20.)

1188 1771 1351 1800 Carissime
1367 1772 1401 1800 in
1417 1771 1535 1800 Christo
1551 1771 1614 1808 filie
1628 1772 1738 1806 Marie,
1756 1773 1858 1809 regine
1875 1772 2002 1801 Francie
2019 1773 2149 1802 illustri.

1149 1836 1162 1852 α
1180 1825 1276 1854 Pium
1294 1824 1490 1854 arbitramur
1508 1828 1575 1854 et...
1598 1825 1639 1855 Ut
1655 1828 1701 1855 ter
1716 1824 1752 1854 in
1771 1833 1857 1855 anno
1873 1826 2070 1855 monasteria
2085 1826 2152 1856 sive

1146 1877 1214 1908 loca
1230 1877 1421 1908 monialium
1444 1877 1494 1907 vel
1519 1886 1675 1915 sororum,
1699 1878 1931 1917 cujuscumque
1953 1878 2075 1908 ordinis
2100 1879 2151 1909 vel

1147 1931 1350 1970 professionis
1371 1931 1524 1967 existant,
1546 1939 1619 1960 cum
1645 1935 1765 1970 septem
1792 1931 1936 1962 honestis
1960 1931 2150 1961 mulieribus

1147 1984 1311 2015 etduobus
1324 1984 1482 2022 religiosis
1495 1984 1535 2014 ad
1551 1983 1611 2014 hoc
1626 1984 1771 2023 ydoneis,
1788 1985 1844 2023 qui
1861 1984 2011 2023 predictis
2027 1985 2150 2014 monia-

1146 2037 1230 2067 libus
1245 2042 1276 2067 et
1293 2037 1453 2067 sororibus
1469 2045 1643 2075 proponere
1659 2037 1794 2067 debeant
1809 2037 1943 2066 verbum
1960 2037 2036 2073 Dei,
2056 2036 2150 2066 dum-

1146 2090 1240 2120 modo
1256 2095 1290 2120 tu
1312 2095 1342 2120 et
1365 2090 1413 2120 hii
1429 2098 1509 2128 quos
1527 2089 1638 2119 eadem
1656 2090 1850 2119 monasteria
1868 2098 1923 2119 seu
1940 2089 2008 2119 loca
2028 2090 2149 2119 intrare

1147 2148 1250 2173 tecum
1263 2144 1431 2181 contigerit
1444 2151 1507 2172 non
1521 2143 1620 2172 edatis
1631 2151 1688 2172 nec
1702 2143 1892 2181 pernoctetis
1903 2142 2037 2180 ibidem,
2046 2142 2149 2172 libere

1144 2197 1271 2234 ingredi
1282 2195 1423 2226 valeas...
1432 2195 1617 2226 auctoritate
1631 2195 1890 2235 tibipresentium
1898 2195 2146 2234 indulgemus...

1146 2251 1218 2279 Dat.
1237 2250 1350 2286 Reate,
1367 2249 1515 2279 kalendis
1532 2248 1626 2288 julii,
1645 2249 1846 2288 pontificatus
1869 2250 1968 2279 nostri
1990 2258 2076 2279 anno
2098 2258 2148 2279 se-

1145 2303 1262 2333 cundo.
1282 2315 1296 2329 »

1217 2489 1328 2518 ’ἕξ-161
1659 2488 1747 2522 Rieti,
1767 2488 1804 2514 tor
1819 2487 1983 2522 septembre
2001 2488 2078 2515 1289.

1179 2550 1359 2577 Immunitas.
1375 2550 1480 2583 (Anca.
1495 2550 1578 2584 Nn..
1596 2549 1627 2581 L,
1644 2550 1706 2583 275,
1723 2549 1779 2582 23.)

1184 2654 1303 2683 Dilectis
1324 2653 1398 2689 siliis
1427 2674 1447 2682 ..
1476 2652 1586 2681 decano
1607 2656 1633 2680 et
1658 2652 1792 2689 capitulo
1815 2652 1933 2681 ecclesie
1957 2651 2147 2680 Parisiensis.

1146 2719 1160 2733 ι(
1184 2697 1308 2736 Meritis
1332 2709 1433 2735 vestre
1453 2705 1670 2735 devotionis...
1695 2704 1891 2734 Auctoritate
1909 2704 1997 2734 vobis
2018 2711 2147 2742 presen-

1145 2761 1225 2790 tium
1248 2758 1455 2796 indulgemus
1479 2762 1513 2787 ut
1531 2757 1639 2787 nullus
1665 2757 1827 2795 delegatus
1852 2757 1902 2786 vel
1923 2756 2148 2794 subdelegatus

1144 2814 1183 2843 ab
1202 2822 1249 2849 eo,
1267 2817 1414 2842 executor
1436 2820 1491 2840 seu
1509 2814 1713 2841 conservator
1727 2819 1746 2839 a
1766 2810 1839 2840 sede
1857 2809 2028 2848 apostolica
2048 2808 2147 2846 depu-

1146 2871 1226 2896 tatus
1240 2865 1337 2904 possit
1349 2865 1382 2894 in
1399 2872 1548 2903 personas
1562 2868 1681 2893 vestras
1696 2862 2035 2893 excommunicationis
2051 2861 2099 2891 vel
2114 2862 2148 2890 in

1145 2929 1199 2949 vos
1214 2924 1268 2949 aut
1280 2918 1426 2948 ecclesias
1443 2921 1563 2947 vestras
1575 2917 1735 2946 interdicti
1746 2917 1921 2946 sententias
1931 2914 2146 2954 promulgare,

1144 2974 1262 3011 absque
1278 2972 1377 3010 ipsius
1400 2970 1485 3000 sedis
1502 2970 1671 3009 apostolice
1693 2969 1842 2999 mandato
1863 2968 1998 2998 iaciente
2020 2967 2146 3006 plenam

1147 3030 1177 3055 et
1187 3033 1367 3063 expressam
1380 3025 1418 3053 de
1429 3024 1487 3053 hac
1498 3023 1701 3061 indulgentia
1713 3022 1922 3052 mentionem.
1941 3019 2148 3049 Presentibus

1958 3087 2005 3113 1⁶27
