2393 3496
219 340 294 371 1088
870 334 1007 364 TABLE
1030 322 1365 365 ALPHABETIQUE
1388 329 1466 359 DES
1489 329 1663 359 INClPIT.

219 407 280 437 Illa
297 406 433 436 salubris
451 411 496 434 est
518 404 601 433 1321.

217 460 276 490 Ille
295 459 385 498 quis
372 457 543 488 50105652
563 458 589 484 6.
585 456 632 491 33,
651 455 737 486 430’4
757 454 843 483 4'305.

217 512 392 550 lllegitime
410 510 533 548 genitos
551 508 701 546 1100544“’

258 565 346 597 2648
365 565 420 592 (2171
429 564 453 597 1,
474 563 561 597 4042,
581 562 667 597 4565,
687 561 774 596 5286,
795 560 884 590 5662.

215 618 310 648 Illius
326 617 400 646 licet
415 615 571 645 immeriti
592 615 679 644 2120.

216 671 277 701 1110
296 674 378 699 recte
393 668 528 699 rationis
544 667 724 697 2798-2801.

216 723 352 753 Illorum
369 722 449 751 votis
465 720 636 760 apostolica
653 720 741 756 2677,
759 719 849 755 3387,
869 717 958 755 4039,
975 718 1064 747 7478.

215 776 292 807 Illos
307 775 481 814 apostolica
499 774 588 804 sedes
605 774 693 808 4185,
714 774 802 810 4186,
820 772 909 809 5623,
927 771 1014 802 5937.

215 828 292 858 Illos
308 827 478 867 apostolice
494 827 578 856 sedis
597 826 686 862 6271,
704 826 792 855 6272.

215 881 292 912 Illos
309 881 448 911 libenter
463 880 570 910 favore
587 879 656 910 381.

215 935 293 965 Illos
309 935 460 974 precipue
478 942 536 964 nos
555 934 622 970 110,
645 933 730 963 1189.

215 988 291 1019 lllos
310 988 459 1028 precipue
478 987 628 1027 prosequi
651 987 736 1025 1446,
759 986 844 1016 1447.

215 1042 293 1072 Illos
307 1046 391 1071 recte
407 1041 542 1071 rationis
560 1041 649 1078 4720,
670 1040 756 1069 4721.

218 1096 316 1126 Illum
334 1104 409 1133 erga
426 1104 483 1125 nos
503 1094 591 1124 5765.

219 1148 385 1178 illuminet
401 1157 495 1186 super
511 1156 565 1177 vos
581 1147 669 1182 6683,
688 1146 777 1177 6800.

217 1202 383 1232 Immensa
399 1202 580 1238 benignitas
597 1200 771 1230 conditoris
787 1200 855 1229 422.

217 1255 374 1285 Immensi
391 1255 506 1284 molem
524 1264 630 1284 oneris
647 1254 712 1283 170.

216 1309 414 1339 imminente
429 1308 521 1338 nobis
537 1307 744 1338 ecclesiarum
762 1306 851 1342 2449,
867 1306 955 1341 2450,
972 1304 1156 1335 5968-5972.

216 1364 254 1393 In
272 1372 348 1401 agro
367 1363 497 1392 Domini
515 1362 603 1391 7346.

215 1417 254 1447 In
272 1416 441 1456 apostolice
458 1415 621 1445 servitutis
637 1414 705 1445 578.

217 1470 254 1499 In
272 1470 444 1500 commissa
462 1469 552 1498 vobis
570 1467 752 1498 6693-6695.

216 1523 255 1553 In
274 1523 475 1553 dedicatione
492 1521 603 1561 templi
622 1520 710 1551 2399.

217 1578 255 1607 In
273 1577 523 1616 dispensationis
539 1575 709 1614 apostolice
726 1575 812 1604 4121.

218 1631 255 1661 In
272 1631 406 1661 ecclesia
421 1630 574 1659 militanti
595 1628 781 1658 4224-4229.

216 1684 255 1714 In
273 1685 373 1722 gratia
389 1684 427 1713 de
443 1683 531 1714 3077.

218 1739 256 1768 ln
276 1738 335 1767 hac
353 1738 494 1767 terrestri
514 1737 700 1766 2181-2185.

217 1793 255 1823 10
274 1792 339 1821 11115
356 1800 418 1830 que
438 1791 524 1826 1702,
542 1791 630 1827 5070,
651 1791 739 1825 5525,
757 1790 845 1819 6558.

216 1846 255 1876 10
273 1845 435 1875 mentibus
452 1844 595 1873 fidelium
616 1844 684 1880 512,
707 1843 790 1873 1980.

218 1900 255 1929 In
274 1902 381 1929 nostra
399 1899 589 1928 constitutus
606 1896 675 1927 959.

216 1953 255 1983 In
273 1957 380 1982 nostra
395 1951 585 1990 proposuisti
603 1951 671 1987 672,
693 1950 777 1986 1180,
798 1950 884 1985 1813,
905 1950 994 1986 5729,
1014 1950 1103 1980 5895.

216 2007 256 2037 10
273 2010 456 2036 sanctorum
475 2004 700 2034 festivitatibus
719 2004 787 2040 491,
808 2003 896 2040 3920,
917 2002 1004 2033 4637.

217 2061 255 2090 In
272 2060 474 2090 suasionibus
490 2063 520 2088 et
537 2058 624 2094 4308,
642 2057 730 2088 4311.

217 2115 254 2144 In
272 2122 419 2152 supreme
437 2112 603 2150 dignitatis
620 2111 723 2147 42-45,
742 2110 888 2146 501-506,
905 2110 1050 2146 541-549,
1069 2111 1138 2150 675,
1155 2110 1224 2147 676,

260 2166 442 2203 1088-1094,
464 2164 646 2201 1533-1537,
664 2164 848 2199 3316-3319,
869 2164 1054 2199 4000-4005,
1075 2163 1163 2193 4987.

217 2222 255 2252 10
273 2230 421 2259 supreme
437 2219 564 2258 specula
583 2219 768 2248 6160-6165.

215 2275 255 2304 In
273 2279 382 2304 tenore
398 2272 609 2312 quarumdam
631 2271 719 2301 6540.

217 2328 255 2357 111
274 2327 369 2357 vestri
385 2326 509 2356 ordinis
524 2326 573 2354 70.

216 2380 450 2419 Indempnitati
470 2380 638 2409 domorum
656 2383 832 2408 vestrarum
853 2377 941 2409 5762.

216 2433 448 2472 Iudempnitati
467 2432 597 2462 ecclesie
615 2441 747 2462 romane
763 2431 850 2461 6526.

216 2487 448 2526 Iudempnitati
466 2492 567 2516 vestre
586 2494 621 2515 ac
639 2485 706 2519 458,
728 2485 795 2514 467.

216 2544 436 2574 lndubitatam
454 2542 595 2580 gerimus
612 2541 649 2570 de
666 2541 754 2570 2516.

216 2597 409 2629 lnducimur
427 2595 552 2625 meritis
569 2595 735 2631 religionis
753 2595 799 2623 49.

216 2651 344 2682 Inducti
362 2649 512 2679 attribute
530 2648 586 2677 tibi
603 2648 690 2677 3981.

216 2703 345 2734 Inducti
364 2701 570 2731 fraternitatis
589 2705 640 2729 tue
660 2700 743 2729 1022.

217 2756 346 2787 Inducti
365 2753 528 2793 probitatis
547 2758 597 2782 tue
614 2754 702 2782 5024.

217 2810 346 2840 Inducti
364 2807 555 2838 sinceritatis
574 2811 624 2835 tue
648 2807 733 2842 1401,
756 2807 842 2842 2044,
864 2806 952 2835 5191.

216 2863 345 2894 Inducti
364 2867 414 2891 tue
431 2861 624 2890 sinceritatis
644 2859 730 2894 1472,
747 2859 834 2889 5532.

217 2918 380 2948 inducunt
398 2923 455 2944 nos
470 2923 563 2952 opera
586 2912 671 2941 2534.

218 2972 382 3001 inducunt
398 2976 455 2997 nos
472 2966 663 2996 sinceritatis
684 2965 770 2995 2978.

218 3025 380 3055 inducunt
396 3030 454 3051 nos
471 3025 522 3050 tue
545 3021 628 3054 1020,
646 3020 732 3054 2977,
753 3020 840 3055 31135,
860 3020 945 3049 5072.

707 503 1224 546 ,818,1122,1260,1376,1688,

1310 395 1454 434 lnjuncti
1470 395 1568 425 officii
1584 395 1766 425 sollicitudo
1781 393 1869 424 3469.

1310 449 1523 478 Insinuarunt
1538 449 1630 478 nobis
1646 447 1842 478 venerabilis
1858 446 1947 477 5380.

1312 501 1487 531 lnsinuasti
1503 501 1595 532 nobis
1610 501 1694 540 quod
1711 500 1800 536 2374,
1819 500 1906 537 2379,
1926 499 2014 536 2482,
2032 497 2120 530 3389.

1310 554 1492 584 Insinuavit
1509 555 1600 584 nobis
1616 554 1751 584 dilectus
1769 553 1857 583 4659.

1310 607 1468 636 Insistens
1487 607 1579 637 nobis
1598 612 1627 636 et
1643 607 1731 642 3788,
1751 606 1840 636 3789.

1309 659 1457 690 10501005
1472 665 1502 690 01.
1517 660 1648 690 effrenis
1670 660 1756 696 1008,
1780 660 1863 688 1412.

1310 713 1469 742 Instantia
1488 717 1596 743 nostra
1613 713 1774 743 cotidiana
1792 713 1837 742 11.

1311 765 1476 796 lntelleeta
1492 765 1662 804 diligenter
1678 766 1833 804 indagine
1851 765 1939 795 7194.

1310 819 1475 850 Intellecto
1489 819 1611 849 dudum
1628 819 1712 858 quod
1729 818 1816 855 2539,
1835 818 1924 855 4406,
1942 817 2030 848 7134.
2051 817 2139 848 7135.

1310 871 1478 903 1010110010
1495 881 1598 911 nuper
1611 873 1694 911 quod
1712 871 1802 906 6954.
1819 871 1908 908 6965,
1928 870 2017 900 7026.

1310 925 1476 955 1010110010
1492 925 1617 964 pridem
1632 925 1716 964 quod
1732 924 1820 960 2805,
1837 923 2020 955 7039-7042.

1309 978 1534 1009 Intelleximus
1549 988 1604 1017 per
1620 978 1742 1008 litteras
1758 977 1847 1008 4043.

1309 1031 1534 1061 Intelleximus
1550 1032 1634 1070 quod
1652 1031 1787 1061 dilectus
1805 1031 1894 1065 7209,
1913 1031 2002 1060 7210.

1310 1084 1536 1114 Intelleximus
1551 1085 1762 1114 referentibus
1777 1084 1952 1114 venerabili
1968 1084 2037 1113 577.

1310 1138 1536 1168 Intelleximus
1554 1138 1757 1176 significante
1774 1138 1867 1167 nobis
1881 1136 1950 1167 963.

1309 1191 1517 1222 Intendentes
1534 1191 1651 1221 dilecto
1668 1191 1736 1221 filio
1751 1190 1840 1222 6435.

1310 1244 1347 1273 In
1355 1244 1520 1275 tendentes
1536 1245 1667 1275 dilectos
1684 1244 1766 1274 filios
1785 1244 1874 1274 4907.

1310 1299 1520 1329 Intendentes
1539 1298 1673 1329 sollicite
1688 1299 1727 1329 ad
1742 1298 1832 1335 2099,
1850 1298 1937 1328 2259.

1310 1352 1521 1382 Intendentes
1538 1351 1594 1381 tibi
1610 1361 1665 1390 per
1685 1351 1773 1382 7356.

1311 1405 1521 1435 Intendentes
1539 1405 1595 1435 tibi
1614 1406 1669 1444 qui
1686 1404 1774 1434 6434.

1310 1458 1520 1488 Intendentes
1537 1463 1588 1488 tue
1604 1458 1715 1488 salutis
1731 1458 1820 1487 4402.

1310 1511 1439 1541 Intenta
1456 1511 1567 1541 salutis
1582 1511 1734 1550 operibus
1752 1511 1801 1548 61,
1819 1511 1867 1548 62,
1885 1510 1954 1541 266.

1311 1565 1400 1594 Inter
1415 1564 1478 1594 alia
1493 1573 1596 1604 nuper
1612 1564 1700 1594 6952.

1311 1621 1399 1651 Inter
1414 1621 1479 1650 alia
1496 1630 1558 1659 que
1577 1621 1643 1657 171,
1664 1620 1752 1650 2989.

1311 1674 1400 1704 Inter
1416 1674 1496 1704 alias
1512 1674 1691 1712 provincias
1707 1674 1795 1710 7266,
1814 1674 1902 1703 7267.

1311 1728 1400 1756 Inter
1420 1727 1501 1756 alias
1527 1727 1759 1757 sollicitudines
1785 1726 1968 1764 1558-1561,
2000 1725 2087 1764 1689,
2113 1726 2204 1765 2528,
2227 1725 2337 1765 4715-23

1351 1780 1441 1817 4719,
1462 1781 1646 1811 4764-4767.
2327 1786 2335 1797 *

1311 1834 1401 1864 Inter
1416 1839 1520 1864 cetera
1536 1840 1685 1864 contenta
1701 1834 1789 1864 7635.

1312 1889 1401 1918 Inter
1417 1893 1521 1918 cetera
1537 1889 1575 1918 de
1592 1888 1682 1926 6668,
1703 1889 1791 1926 6669,
1809 1888 1993 1919 6680-6682.

1312 1942 1401 1971 Inter
1417 1946 1519 1972 cetera
1535 1942 1694 1972 desideria
1710 1942 1798 1980 2240,
1819 1942 1907 1973 2439.

1314 1995 1404 2025 Inter
1419 1999 1523 2025 cetera
1540 1992 1721 2025 iiost1aium
1738 1996 1807 2025 901.
2327 2001 2347 2017 ··’

1312 2048 1403 2078 Inter
1417 2052 1520 2078 cetera
1538 2053 1644 2078 nostre
1663 2049 1748 2086 1556,
1765 2049 1854 2079 7607.
2310 2034 2345 2094 f

1313 2101 1402 2131 Inter
1418 2107 1521 2131 cetera
1536 2111 1598 2140 que
1617 2103 1668 2131 37-
1673 2103 1719 2140 41,
1751 2103 1820 2132 155-
1829 2103 1892 2140 157,
1914 2102 1988 2132 258-
1993 2101 2062 2139 260,
2083 2101 2157 2134 493-
2160 2100 2230 2141 499,
2248 2100 2338 2142 695&

1353 2155 1422 2193 696,
1439 2156 1527 2194 4315,
1545 2156 1637 2185 7204-
1641 2157 1730 2194 7205,
1748 2157 1837 2193 7314,
1857 2156 1947 2187 7315.
2248 2181 2250 2183 ,
2320 2139 2347 2204 ἲ

1312 2209 1402 2239 Inter
1418 2213 1522 2239 cetera
1537 2210 1655 2249 quibus
1671 2210 1759 2240 6450.
2326 2213 2343 2249 ’ξ

1311 2263 1400 2293 Inter
1415 2270 1518 2293 cetera
1533 2269 1732 2293 sacramenta
1747 2264 1835 2294 5499.
2325 2252 2350 2305 Ρ

1310 2317 1400 2346 Inter
1414 2323 1518 2347 cetera
1534 2317 1762 2347 sollicitudinis
1782 2317 1871 2349 4094.

1310 2370 1399 2400 Inter
1416 2375 1520 2400 cetera
1536 2370 1794 2401 sollicitudinum
1811 2371 1881 2408 825,
1899 2370 2088 2409 3785-3787,
2117 2371 2207 2402 5010.
2328 2382 2340 2424 3

1311 2424 1400 2454 Inter
1416 2429 1521 2453 cetera
1539 2428 1589 2453 tue
1605 2423 1693 2453 4299.

1314 2477 1403 2506 Inter
1419 2482 1522 2507 cetera
1539 2477 1627 2507 vobis
1648 2477 1713 2506 174.

1314 2531 1403 2560 Inter
1418 2536 1538 2561 ceteras
1554 2531 1786 2561 sollicitudines
1806 2531 1875 2569 280,
1892 2531 1961 2562 614.

1315 2585 1404 2614 Inter
1420 2591 1539 2614 ceteros
1556 2585 1711 2622 regularis
1727 2584 1817 2615 7493.

1315 2639 1402 2668 Inter
1418 2638 1594 2668 cotidianas
1611 2638 1736 2676 vigilias
1757 2638 1839 2669 1981.
2337 2669 2342 2677 ,

1315 2693 1404 2721 lutei·
1418 2701 1511 2722 curas
1528 2692 1720 2732 multiplices
1737 2693 1921 2724 2387-2389.
2322 2676 2341 2721 ἶ.)

1315 2746 1404 2774 Inter
1421 2754 1456 2775 ea
1473 2754 1534 2784 que
1558 2746 1640 2775 1181.

1314 2799 1402 2828 Inter
1418 2799 1592 2829 inlinentes
1608 2802 1709 2830 menti
1726 2800 1814 2831 2966.

1315 2852 1402 2882 inter
1420 2853 1633 2883 incidentium
1655 2855 1741 2884 cordi
1759 2855 1899 2885 553-557.
2324 2850 2338 2884 ἕ

1312 2906 1400 2935 Inter
1418 2907 1673 2936 innumerabiles
1688 2907 1923 2938 sollicitudines
1942 2907 2028 2938 2029.
2319 2890 2347 2941 {f

1315 2961 1350 2989 111
1358 2966 1402 2989 ter
1417 2962 1584 2990 martirum
1603 2962 1785 2991 veneranda
1801 2962 1868 2991 451.
2328 2949 2332 2955 μ

1315 3015 1402 3043 lntci·
1418 3014 1595 3043 ministeria
1614 3014 1805 3052 pontificalis
1825 3015 1909 3045 1304.
