2393 3496
845 647 1107 692 REGEsTUM
1141 647 1374 691 GAMERAE

293 869 652 933 DOMINI
719 866 1119 930 NICOLAI
1188 866 1497 928 PAPAE
1565 866 1930 941 QUARTI

649 1443 761 1478 Latran,
782 1446 817 1470 lPr
833 1452 908 1469 mars
928 1444 1004 1470 1288.

140 1445 388 1476 6955-6958

105 1509 266 1537 Rectoriam
283 1508 311 1534 in
332 1507 539 1542 temporalibus
555 1506 677 1532 ducatus
694 1506 838 1540 Spoletani
856 1506 1024 1540 Laudulpbo
1040 1506 1074 1533 de

72 1559 224 1594 Columpna
243 1557 406 1584 committit.
423 1555 494 1589 (Fol.
512 1555 524 1582 1
542 1556 589 1585 ro.)

109 1655 269 1694 [Nicolaus,
294 1654 447 1690 episcopus
472 1660 576 1680 seruus
600 1660 759 1680 servorum
782 1651 855 1690 Dei}
881 1652 989 1681 Dilecto
1009 1652 1074 1688 filio

70 1708 163 1738 nobili
184 1708 251 1737 viro
265 1705 443 1742 Landulpho
460 1705 493 1733 de
515 1704 698 1742 Columpna,
717 1704 840 1743 recum-z·
856 1705 984 1734 ducatus
1002 1705 1074 1742 Spo-

73 1759 186 1799 lelani],
202 1760 332 1789 salutem
348 1764 374 1788 et
390 1758 585 1796 apostolicam
601 1758 846 1786 benedictionem.

111 1825 124 1840 ι
155 1813 240 1843 Dum
269 1811 492 1842 incumbentia
519 1810 649 1840 nohis...
675 1827 713 1832 —
737 1811 808 1839 Dat.
834 1811 998 1847 Laterani,
1023 1811 1076 1840 ka-

71 1867 173 1899 lendis
189 1866 309 1902 martii,
326 1865 527 1904 pontificatus
544 1864 644 1894 nostri
661 1873 747 1894 anno
763 1865 877 1902 primo.
900 1877 912 1891 n

108 1921 146 1951 In
165 1930 192 1951 e.
212 1929 255 1949 m.
274 1919 436 1949 universis
453 1917 626 1952 nobilibuS,
645 1919 850 1956 potestatibus
869 1928 923 1948 seu
942 1919 1074 1948 rectori-

70 1975 143 2012 bus,
165 1972 451 2004 communitatibus
473 1975 503 2001 et
526 1971 790 2000 universitatibus
806 1971 984 2010 ceterisque
1003 1981 1074 2010 per-

70 2027 155 2058 sonis
175 2025 392 2057 saecularibus
409 2025 573 2054 civitatum
598 2028 627 2053 et
647 2027 822 2053 castrorum
845 2025 1073 2063 pe1··ducatum

69 2079 273 2120 Spoletauum
289 2079 469 2109 constitutis
489 2077 620 2107 mandat
646 2082 678 2107 ut
702 2077 928 2116 Landulplium
953 2079 992 2108 de
1014 2079 1073 2108 Co-

69 2133 199 2172 lumpna
219 2123 396 2163 honorifice
415 2135 609 2169 pertractent
627 2131 723 2169 eique
741 2135 890 2170 tanquam
908 2132 1020 2162 rectori
1038 2132 1072 2161 in

67 2187 214 2217 omnibus
229 2186 388 2216 obediant.

645 2350 761 2381 Lati-an,
779 2351 814 2375 1οΓ
830 2358 905 2376 mars
924 2349 1000 2377 1988.

137 2352 250 2381 895¹?

103 2414 268 2449 Landulpho
285 2414 319 2440 de
340 2412 498 2447 Columpua
522 2412 650 2446 regimen
676 2412 790 2438 Roccao
813 2412 847 2438 de
866 2411 963 2445 Cesis,
985 2413 1072 2438 castri

69 2463 103 2490 dc
116 2462 233 2490 Percolo
250 2465 278 2489 et
291 2461 396 2488 Terrae
412 2461 629 2495 Arnulphorum
647 2461 808 2486 committit.
829 2460 898 2492 (Fol.
919 2461 927 2486 1
948 2461 995 2492 r0.)

107 2559 210 2588 Eidem
220 2558 397 2594 Landulpho
409 2557 441 2585 de
456 2557 623 2593 Columpna
636 2557 670 2584 de
684 2556 765 2591 Urbe,
782 2556 908 2585 ducatus
919 2557 1073 2594 Spolcmui

12 2632 16 2634 -
69 2613 188 2641 rectori.
220 2623 233 2638 κ
266 2610 308 2639 Ex
337 2610 518 2638 sinceritate
544 2613 595 2638 tue
619 2608 797 2638 devotionis
824 2613 853 2638 et
877 2609 950 2639 fidei
976 2619 1071 2648 quam

71 2664 186 2694 abolim
202 2664 240 2693 ad
257 2671 313 2693 nos
331 2663 407 2692 dum
429 2671 572 2691 essemus
595 2662 628 2690 in
649 2662 768 2691 minori
788 2663 890 2692 officio
909 2663 1073 2692 constituti

70 2717 217 2748 habuisse
239 2716 415 2746 dinosceris
441 2719 471 2744 et
496 2715 613 2744 habere
637 2719 666 2744 te
690 2715 850 2745 eredimus
872 2716 904 2745 in
928 2717 1071 2745 futurum

69 2771 161 2801 firma
176 2774 326 2808 concepta
341 2769 458 2798 fiducia
474 2768 557 2806 quod
578 2769 611 2797 in
629 2768 693 2797 hiis
708 2778 769 2807 que
787 2770 842 2798 tibi
862 2779 877 2798 a
897 2770 970 2799 sede
985 2779 1073 2808 apos-

69 2823 160 2853 tolica
171 2822 415 2853 committuntur
427 2821 532 2850 fidelis
546 2825 577 2850 et
591 2820 731 2858 diligens
748 2821 908 2857 habearis,
927 2823 1071 2852 castella-

70 2876 154 2905 niam
173 2880 203 2906 et
223 2875 398 2905 custodiam
415 2874 517 2903 Rocce
534 2873 572 2903 de
593 2873 682 2903 Cesis
705 2878 734 2904 et
757 2875 850 2904 castri
872 2875 911 2905 de
930 2876 1070 2913 Percolo,

69 2937 191 2958 necnon
208 2928 351 2966 regimen
367 2927 464 2956 Terre
480 2926 691 2956 Arnulforum
703 2950 710 2962 ,
729 2936 800 2957 cum
819 2928 974 2965 vassallis,
991 2930 1072 2967 juri-

69 2983 127 3013 bus
152 2986 181 3012 et
207 2981 411 3021 pertinentiis
435 2980 632 3016 eorumdem,
656 2980 800 3010 fidelitati
832 2986 882 3011 tue
900 2983 1074 3021 spetialiter

1158 1442 1357 1481 presentium
1384 1442 1571 1471 auctoritate
1597 1440 1848 1477 committimus,
1880 1450 1980 1479 usque
2008 1442 2046 1470 ad
2079 1443 2163 1472 sedis

1157 1495 1299 1533 ejusdem
1322 1495 1557 1534 beneplacitum
1583 1494 1791 1524 voluntatis„
1818 1494 1888 1523 Dat.
1912 1494 2088 1532 [Latet-aui,
2106 1496 2162 1525 ka-

1156 1549 1261 1578 lendis
1280 1549 1399 1585 martii,
1421 1553 1453 1578 ut
1470 1548 1588 1587 supra]
1610 1560 1623 1574 n

1736 1712 1848 1744 Latran,
1868 1714 1906 1739 1²¹
1922 1722 1998 1740 mars
2016 1714 2091 1741 1288.

1228 1714 1344 1742 (5958

1193 1776 1234 1802 De
1252 1776 1352 1802 eodem
1369 1776 1494 1810 negotio.
1513 1775 1583 1809 (1³01.
1602 1776 1613 1802 1
1632 1777 1682 1807 v0.)

1197 1873 1317 1901 Dilectis
1340 1871 1414 1909 filiis
1439 1872 1615 1900 hominibus
1642 1873 1729 1900 Βᾶθι-ε
1752 1872 1785 1900 de
1811 1872 1905 1907 Cesis,
1928 1874 2022 1901 castri
2048 1874 2165 1903 Percoli

1157 1931 1182 1954 et
1203 1926 1289 1954 Terre
1304 1924 1613 1963 Arnulpho[rum...].
1628 1925 1681 1953 Eis
1697 1925 1828 1954 nimidat
1840 1929 1873 1954 ut
1885 1926 2112 1964 Landulphum
2126 1927 2165 1956 de

1157 1978 1337 2017 Columpna
1353 1979 1491 2015 benigne
1507 1978 1708 2016 recipientes,
1727 1979 1755 2007 ei
1771 1978 1921 2007 obediant
1936 1984 1965 2007 et
1982 1979 2020 2007 de
2036 1979 2164 2017 juribus

1165 2032 1437 2070 proventibusque
1456 2040 1606 2061 romanae
1625 2031 1775 2061 ecclesiae
1799 2031 1913 2061 debitis
1935 2032 2159 2070 respondeant.

1198 2098 1211 2112 «
1242 2087 1285 2115 Ex
1311 2085 1492 2115 sinceritate
1518 2085 1735 2115 devotionis...
1767 2102 1804 2106 —
1835 2086 1904 2115 Dat.
1934 2086 2103 2123 Laterani,
2131 2092 2165 2116 ut

1157 2149 1262 2177 supra.
1282 2152 1296 2165 »

1227 2298 1342 2326 6959
1736 2297 1849 2329 Lau-an,
1867 2298 1905 2324 1¹³r
1921 2306 1997 2324 mars
2016 2298 2092 2325 1288.

1190 2359 1313 2385 Jolmnui
1331 2359 1436 2393 Angcli
1453 2359 1605 2385 rectoriam
1622 2359 1649 2385 in
1666 2359 1864 2393 spiritualibus
1880 2359 2001 2386 ducatus
2018 2359 2164 2394 spoletani

1155 2409 1318 2435 committit.
1337 2408 1408 2441 (Fol.
1427 2408 1435 2434 l
1456 2410 1506 2441 v0.)

1196 2505 1305 2533 Dilecto
1321 2505 1385 2541 filio
1404 2505 1550 2541 maqistro
1563 2504 1670 2533 Jacobo
1686 2505 1805 2541 Anqelz‘,
1824 2505 1967 2534 canonico
1985 2506 2160 2540 Narniensi,

1157 2558 1188 2585 in
1204 2557 1418 2593 spiritualibus
1434 2556 1560 2585 ducatus
1573 2556 1728 2593 spoletana·
1745 2559 1864 2586 rectori.

1197 2621 1209 2635 α
1230 2610 1310 2638 Cum
1330 2609 1361 2637 iu
1378 2608 1532 2638 ducatu...
1552 2626 1590 2630 —
1609 2609 1678 2637 Dat.
1698 2610 1857 2645 Laterani,
1875 2609 2022 2639 Kalendis
2040 2609 2159 2646 martii,

1157 2666 1308 2700 utsupra.
1328 2674 1341 2688 n

1733 2822 1845 2854 Latran,
1866 2822 1902 2847 1⁶¹·
1918 2830 1993 2848 mars
2015 2822 2090 2849 1288.

1228 2822 1346 2851 6960

1192 2886 1234 2912 Dc
1250 2886 1348 2912 codem
1367 2886 1493 2919 negotio.
1509 2885 1578 2919 (Fol.
1598 2886 1608 2911 1
1629 2885 1679 2918 νο.)

1204 2982 1423 3012 l'enerabt'libus
1435 2981 1587 3017 fratribus
1601 2981 1740 3018 episcopis
1751 2985 1776 3008 et
1788 2979 1901 3009 dilectis
1911 2980 1985 3016 filiis
1999 2980 2160 3015 abbatibus,
