2393 3496
930 298 1183 345 QUATRIEME
1206 299 1363 338 ANNEE.
2133 314 2189 343 759

142 387 155 401 α
181 375 269 404 Licet
287 374 316 403 is
337 374 414 404 de...
436 390 474 397 —
497 374 568 405 Dat.
593 374 678 413 apud
702 375 983 411 Urbemveterem,
1010 374 1104 404 nonis

97 426 186 466 julii,
206 434 291 456 anno
308 431 430 464 quarto.
451 438 464 453 s>
482 426 584 465 (Ibid.)

683 506 810 537 Orvieto‚
830 508 861 534 13
874 507 939 542 juin
956 508 1033 534 1291.

140 568 177 597 In
193 576 220 597 e.
239 576 296 604 m.‚
314 576 369 607 pro
387 568 518 598 ecclesia
535 569 645 599 Sancti
661 570 749 599 Petri
765 570 803 600 de
820 570 949 607 Fragra,
962 569 1106 599 11811180-

101 621 144 651 515
159 621 327 657 1110808515,
346 622 378 650 in
396 622 535 659 singulis
552 623 694 661 ejusdem
713 623 864 662 apostoli,
883 623 915 654 S.
932 622 1055 653 Nicolai
1077 627 1108 652 et

100 678 235 714 quatuor
262 674 372 704 beatae
402 675 524 705 Mariae
552 676 777 706 festivitatibus
804 681 834 706 et
864 685 919 715 per
946 680 1014 706 octo
1038 676 1106 705 dies

101 731 280 766 sequentes.

141 792 155 807 α
175 780 364 810 Sanctorum
382 780 506 810 meritis
520 780 667 811 inclita...
684 798 724 804 —
738 782 808 811 Dat.
826 782 909 820 apud
929 782 1107 812 Urbemve-

100 837 210 870 terem,
227 833 450 873 idibusjunii,
469 843 555 864 anno
571 839 694 873 quarto.
713 847 724 860 υ
744 835 850 874 ([ὸίιί.)

651 914 782 948 Orvieto,
802 916 834 942 15
847 916 940 949 juillet
958 916 1034 942 1291.

139 978 178 1007 In
194 986 221 1007 e.
241 986 298 1014 01.,
315 986 372 1016 pro
388 977 520 1007 ecclesia
538 978 653 1007 Beatae
673 978 796 1007 Mariae
811 978 850 1008 de
866 977 1033 1016 Grayena,
1050 978 1107 1007 Vi-

99 1031 203 1061 censis
217 1030 388 1067 dioecesis,
409 1031 444 1060 in
462 1034 598 1069 quatuor
618 1031 762 1070 ejusdem
777 1031 913 1068 virginis
929 1031 1106 1060 festivitati-

98 1083 176 1119 bus,
201 1085 236 1113 in
256 1084 309 1113 die
330 1084 645 1114 commemorationis
667 1085 811 1114 omnium
830 1089 1031 1121 sanctorum,
1054 1093 1108 1122 per

98 1140 166 1167 octo
185 1137 252 1166 dies
273 1141 443 1175 sequentes
468 1142 498 1166 et
521 1137 555 1166 in
578 1137 800 1167 anniversario
822 1137 873 1166 die
895 1137 1108 1167 dedicationis

98 1190 241 1229 ejusdem
258 1189 420 1220 ecclesiae.

139 1254 153 1270 «ι
175 1243 340 1273 Gloriosus
361 1243 448 1273 Deus
471 1243 546 1272 in...
565 1260 604 1266 —
622 1244 694 1273 Dat.
717 1243 800 1282 apud
826 1243 1105 1279 Urbemveterem‚

98 1297 204 1327 idibus
216 1296 306 1336 julii,
323 1305 410 1327 anno
425 1292 549 1336 quarto.
567 1309 580 1324 n
597 1297 703 1336 (Ibid.)

168 1483 289 1512 5606

135 1545 254 1573 Collatio
268 1546 399 1572 beneficii
415 1549 445 1572 et
460 1545 593 1572 remissio
612 1545 758 1572 fructuum
778 1545 875 1571 illicite
895 1549 1108 1580 perceptorum.

103 1595 186 1627 (Rae.
203 1595 246 1625 46,
264 1603 290 1622 c.
308 1594 368 1626 342,
386 1595 406 1621 f.
423 1595 456 1622 68
471 1595 524 1626 v0.)

647 1482 779 1514 Orvieto,
799 1483 836 1508 1*ῃ
849 1482 943 1516 juillet
961 1482 1036 1509 1291.

145 1720 165 1728 ..
190 1700 322 1735 episcopo
352 1697 588 1734 Osnaburyensi.
619 1696 792 1734 Gregorius
818 1705 898 1735 papa
925 1696 982 1726 Xus
1008 1697 1111 1726 eidem

102 1752 262 1790 episcopo,
282 1755 356 1781 tunc
372 1750 486 1786 electo,
503 1750 582 1780 01101
597 1750 806 1780 mandaverat
821 1756 854 1780 ut
869 1759 943 1780 cnm
961 1750 1112 1780 Johanne

102 1804 141 1834 de
158 1804 389 1842 Ravensbergh
402 1826 411 1840 ,
432 1808 506 1833 tunc
523 1803 663 1842 acolyto,
687 1812 782 1842 super
800 1803 930 1834 'defectu
954 1804 1111 1834 natalium

100 1867 197 1897 quem
216 1859 345 1896 patitur,
359 1858 398 1887 de
414 1857 516 1887 soluto
532 1857 658 1895 genitus
675 1862 705 1886 et
723 1857 835 1894 soluta,
854 1857 1063 1896 dispensaret,
1078 1863 1112 1887 ut

100 1912 135 1941 in
151 1911 305 1949 susceptis
319 1910 488 1940 ordinibus
505 1911 700 1947 ministrare,
715 1910 754 1939 ad
768 1919 880 1940 omnes
897 1910 1026 1941 ordines
1042 1920 1112 1949 pro-

101 1964 238 1999 moveri,
265 1964 490 1994 canonicatum
515 1969 546 1994 et
570 1964 784 2003 praebendam
812 1965 846 1993 in
870 1964 1112 2002 Osnaburgensi

101 2017 244 2053 80018513,
257 2026 367 2047 curam
384 2017 570 2047 animarum
587 2026 652 2047 non
670 2017 833 2053 habentia,
847 2022 877 2047 et
891 2018 1056 2047 ecclesiam
1073 2018 1111 2048 de

89 2070 265 2100 Bilevelde
276 2070 357 2110 (sic),
372 2071 632 2100 Padeburnensis
649 2071 812 2106 dioecesis,
827 2072 878 2101 cui
894 2080 970 2101 cura
985 2076 1031 2101 est
1044 2072 1112 2101 ani-

101 2133 228 2154 marum
245 2133 390 2161 annexa,
407 2133 489 2163 quae
505 2124 608 2154 fuerat
622 2128 801 2161 assecutus,
818 2124 956 2154 retinere
972 2124 1109 2162 valeret;

101 2177 253 2216 idemque
269 2177 403 2215 electus,
421 2177 522 2207 libera
538 2178 754 2215 resignatione
770 2178 1003 2216 praedictorum
1020 2187 1113 2209 cano·

102 2232 237 2268 nicatus,
250 2231 450 2270 praebendae
463 2236 494 2261 et
506 2231 657 2261 ecclesiae
668 2241 685 2261 a
693 2231 843 2261 Johanne
854 2236 989 2270 recepta,
1000 2233 1027 2261 ei
1041 2241 1110 2270 pos-

102 2285 235 2315 tulatam
244 2285 517 2324 dispensationem
530 2285 688 2315 concessit
698 2285 775 2315 etde
785 2294 866 2315 novo
875 2286 1109 2322 canonicatum,

103 2339 318 2378 praebendam
335 2343 365 2369 et
381 2338 546 2369 ecclesiam
561 2339 706 2369 contulit.
724 2339 890 2369 Johannes
908 2348 993 2375 vero,
1008 2348 1110 2378 quan-

103 2401 198 2432 quam
210 2392 412 2431 postmodum
422 2392 669 2422 subdiaconatus
678 2393 834 2429 ordinem,
845 2396 936 2431 prout
946 2393 1113 2422 canonica-

104 2450 154 2476 tus
163 2451 195 2476 et
204 2446 402 2484 praebendae
412 2454 493 2476 onus
502 2446 695 2484 requirebat,
705 2445 832 2475 statutis
841 2445 1036 2483 temporibus
1045 2455 1112 2475 sus-

102 2499 203 2538 cepit,
224 2502 330 2528 tamen
347 2499 383 2528 in
408 2499 632 2538 presbyterum
653 2507 716 2528 nou
741 2502 904 2536 promotus
920 2502 983 2535 est,
1001 2507 1060 2528 nec
1078 2499 1111 2528 in

102 2552 235 2583 ecclesia
247 2552 287 2582 de
299 2551 438 2582 Belvede
447 2551 516 2591 (sic)
525 2552 735 2582 residentiam
747 2552 831 2587 fecit,
840 2556 870 2581 et
881 2551 1113 2582 nichilominus

101 2606 346 2642 canonicatum,
373 2605 585 2644 praebendam
610 2610 640 2635 et
659 2605 826 2635 8001851310
847 2605 992 2641 18110011,
1014 2614 1112 2644 quare

103 2659 348 2699 supplicavitut,
360 2667 434 2688 cum
447 2658 593 2688 eamdem
607 2658 773 2688 ecclesiam
788 2658 952 2696 resignare
969 2658 1009 2687 sit
1024 2667 1113 2696 para-

104 2718 164 2749 tus,
182 2712 350 2752 providere
371 2711 432 2741 sibi
449 2720 543 2750 super
562 2711 740 2741 retentione
757 2712 962 2741 canonicatus
978 2715 1008 2740 et
1022 2719 1111 2749 prae-

102 2766 226 2796 bendae
254 2771 285 2795 et
312 2765 475 2794 fructuum
507 2772 618 2793 eorum
647 2773 726 2802 papa
755 2764 952 2802 dignaretur.
982 2763 1114 2793 Mandat

103 2819 203 2857 igitur
218 2818 274 2848 ille
289 2818 436 2856 episcopo
451 2817 696 2854 Osnaburgensi
712 2822 756 2853 01,
772 2826 790 2846 3
804 2817 954 2847 Johanne
970 2817 1112 2854 resigna-

105 2872 190 2902 tione
207 2870 358 2901 ecclesiae
374 2870 413 2900 de
430 2869 598 2900 Bileverde
610 2869 678 2908 (sic)
689 2874 824 2908 recepta,
842 2878 915 2899 cum
932 2878 968 2899 eo
984 2869 1112 2908 dispen-

104 2929 152 2955 set
167 2929 200 2954 ut
215 2924 438 2954 canonicatum
454 2927 485 2952 et
499 2922 714 2961 praebendam
731 2926 762 2951 et
777 2922 898 2952 fructus
915 2931 951 2951 ex
967 2922 1012 2952 eis
1032 2926 1061 2951 et
1076 2930 1112 2951 ex

105 2977 239 3008 80018513
253 2981 426 3015 perceptos,
443 2975 618 3006 dummodo
632 2979 754 3014 partem
771 2983 897 3010 eorum,
914 2974 954 3005 ad
972 2974 1112 3014 episcopi

1188 373 1372 412 arbitrium,
1399 376 1433 405 in
1457 376 1637 406 evidentem
1660 376 1830 406 utilitatem
1852 377 2073 415 canonicatus,
2098 388 2190 417 prae-

1188 427 1310 458 bendae
1339 433 1368 458 et
1391 428 1541 459 ecclesiae
1565 433 1741 465 convertat,
1766 430 1902 459 retinere
1924 430 2040 466 valeat,
2065 440 2191 462 necnon

1189 480 1277 510 aliud
1292 481 1485 511 beneficium
1508 482 1777 519 ecclesiasticum,
1796 483 1921 512 etiamsi
1941 492 2050 513 curam
2067 485 2190 515 anima-

1189 542 1261 562 rum
1288 534 1418 569 habeat,
1436 535 1578 565 obtinere
1604 535 1721 574 possit;
1741 535 1933 572 dummodo,
1950 536 2031 565 sicut
2053 538 2192 575 requiret

1189 594 1267 624 opus
1290 586 1437 616 beneficii
1461 587 1545 625 quod
1563 597 1636 617 81101
1659 588 1804 618 obtinere
1826 589 2008 626 contigerit,
2025 589 2064 618 ad
2087 590 2192 620 diaco-

1191 642 1283 669 natus
1299 644 1330 669 et
1348 641 1587 678 presbyteratus
1609 642 1739 671 ordines
1763 642 1939 680 promoveri
1956 651 1988 671 se
2003 642 2096 672 faciat
2111 648 2141 672 et
2158 644 2192 673 in

1190 692 1344 722 beneficio
1362 693 1508 723 resideat.

1233 758 1244 773 u
1264 746 1463 783 Significavit
1478 747 1569 776 nobis
1589 747 1760 777 dilectus...
1773 764 1813 771 —
1828 749 1896 778 Dat.
1919 749 2002 788 apud
2019 750 2193 780 Urbemve-

1191 803 1305 835 terem,
1324 798 1470 828 kalendis
1484 799 1570 837 julii,
1588 809 1672 830 anno
1687 805 1808 839 quarto.
1829 814 1842 828 »

1261 1003 1379 1032 58⁰2

1228 1065 1269 1091 De
1279 1065 1477 1091 reformatione
1487 1067 1652 1092 monasterii
1663 1066 1760 1093 Sancti
1770 1066 1847 1093 Petri
1855 1067 2052 1095 Taurinensis.
2060 1068 2142 1101 (Rus.
2151 1070 2194 1103 46,

1190 1122 1216 1140 0.
1233 1114 1293 1144 343,
1314 1114 1330 1140 f.
1348 1114 1381 1140 58
1397 1121 1443 1147 νος
1463 1114 1577 1145 Poma,
1594 1114 1703 1147 23735.)

1763 1004 1893 1038 Orvieto‚
1911 1006 1924 1031 7
1937 1006 2030 1040 juillet
2047 1007 2123 1035 1291.

1235 1253 1252 1258 ..
1269 1231 1372 1267 priori
1384 1230 1611 1266 predicatorum
1630 1234 1655 1259 et
1670 1253 1690 1260 ..
1704 1232 1877 1267 quantiano
1893 1233 2046 1261 minorum
2061 1233 2197 1269 fratrum

1196 1283 1435 1312 Taurinensibas
1449 1284 1679 1313 correctionem
1693 1289 1723 1313 et
1735 1285 1994 1315 reformationem
2011 1287 2198 1316 monasterii

1193 1336 1385 1366 monialium
1409 1336 1518 1365 Sancti
1541 1337 1629 1366 Petri
1652 1337 1880 1375 Taurinensis,
1901 1338 2023 1368 ordinis
2041 1338 2073 1369 S.
2096 1340 2196 1369 Bene-

1192 1389 1281 1426 dicti,
1295 1389 1330 1418 in
1347 1390 1489 1419 moribus
1504 1390 1678 1428 depravati⁷
1697 1391 1876 1421 committit.

1235 1456 1249 1469 «
1274 1443 1325 1473 Ad
1345 1443 1543 1473 audientiam
1567 1449 1746 1474 nostram...
1767 1461 1807 1467 —
1827 1445 1898 1474 Dat.
1920 1446 2003 1485 apud
2026 1446 2198 1477 Urbemve-

1194 1500 1304 1533 terem,
1324 1497 1418 1526 nonis
1431 1496 1515 1535 Julii‚
1532 1505 1618 1526 anno
1633 1501 1754 1536 quarto.
1776 1510 1788 1524 η

1265 1693 1386 1723 5608

1232 1757 1357 1784 Poenam
1369 1757 1475 1783 relaxat
1490 1757 1543 1783 sub
1560 1765 1615 1791 qua
1627 1758 1838 1793 archiepiscopi
1853 1762 1881 1785 et
1895 1759 2023 1794 episcopi
2034 1761 2115 1794 regni
2127 1760 2200 1787 Sici-

1194 1806 1248 1833 liae
1264 1810 1398 1832 tenentur
1415 1806 1536 1833 faciendi
1555 1807 1703 1834 observari
1721 1808 1957 1835 constitutionem
1973 1809 2018 1840 G„
2033 1808 2200 1837 Sabinensis

1195 1856 1333 1890 episcopi,
1346 1855 1519 1889 apostolicae
1530 1856 1611 1882 sedis
1622 1856 1717 1890 legati,
1730 1861 1828 1883 contra
1839 1857 1958 1884 clericos
1970 1859 2197 1886 concubinarios.

1197 1903 1279 1937 (Res.
1297 1904 1338 1933 45,
1357 1912 1382 1930 0.
1405 1904 1466 1937 344,
1482 1904 1501 1929 f.
1518 1904 1550 1930 68
1566 1906 1618 1937 vo.)

1765 1695 1895 1731 Orvieto,
1912 1697 1926 1723 6
1939 1697 2034 1731 juillet
2050 1698 2127 1725 1291.

1243 2019 1410 2048 Venerabili
1434 2020 1530 2055 fratri
1560 2042 1578 2047 ..
1602 2020 1782 2054 Salimbene,
1811 2020 1964 2057 Capuam,
1988 2027 2013 2050 et
2035 2023 2105 2051 aliis
2127 2024 2199 2052 1ιηί-

1195 2073 1290 2101 versis
1305 2072 1538 2109 archiepiscopis
1556 2078 1582 2101 el
1598 2074 1742 2110 episcopis
1755 2082 1810 2110 per
1828 2082 1952 2112 requam
1970 2074 2071 2103 Sicilie
2086 2078 2199 2104 consti-

1196 2126 1280 2154 tutis.
1312 2136 1324 2150 ι(
1355 2124 1474 2154 Μ81-1111
1499 2125 1623 2154 sincera
1651 2125 1775 2155 devotio
1806 2135 1900 2164 quam
1933 2135 2005 2164 erga
2034 2136 2200 2157 romanam

1196 2177 1361 2208 ecclesiam
1380 2177 1490 2215 geritis
1508 2182 1542 2207 ut
1560 2187 1614 2207 vos
1635 2177 1692 2207 illa
1707 2186 1937 2217 prosequamur
1952 2180 2053 2217 gratia
2070 2190 2130 2218 que
2148 2189 2198 2210 vo-

1195 2231 1243 2260 bis
1265 2230 1331 2260 fore
1353 2230 1530 2260 dinoscitur
1554 2234 1720 2269 oportuna.
1747 2230 1830 2260 Saue
1856 2232 1965 2269 petitio
1985 2237 2090 2262 vestra
2107 2234 2200 2264 nobis

1196 2284 1336 2313 exhibita
1358 2283 1540 2313 continebat
1563 2284 1647 2321 quod
1671 2284 1864 2314 venerabilis
1889 2285 1985 2314 frater
2010 2291 2117 2316 noster
2141 2287 2198 2324 G.,

1196 2336 1382 2366 Sabinensis
1398 2336 1574 2374 episcopus,
1593 2341 1667 2366 tunc
1684 2337 1716 2366 in
1734 2346 1833 2375 regno
1850 2337 1957 2368 Sicilie
1971 2339 2138 2377 apostolice
2154 2348 2201 2369 se-

1196 2390 1245 2419 dis
1268 2389 1410 2427 legatus,
1430 2398 1486 2419 sne
1509 2389 1676 2428 legationis
1695 2390 1880 2420 auctoritate
1896 2391 1986 2421 duxit
2001 2392 2084 2422 111181
2099 2397 2201 2422 081813

1197 2442 1403 2472 statuendum
1420 2446 1464 2478 ut,
1483 2442 1509 2471 si
1526 2442 1633 2472 clerici
1649 2442 1734 2472 infra
1748 2442 1916 2481 legationis
1931 2444 2032 2482 ipsius
2050 2446 2200 2475 terminos

1197 2496 1383 2531 constituti,
1399 2496 1455 2534 qui
1474 2500 1548 2525 tunc
1563 2496 1688 2534 publice
1705 2497 1899 2526 concubinas
1920 2497 2097 2534 habebant,
2117 2499 2200 2529 infra

1198 2550 1366 2579 trimestris
1404 2549 1553 2586 temporis
1587 2549 1724 2587 spatium
1758 2558 1776 2578 a
1808 2555 1946 2588 tempore
1978 2551 2200 2589 publicationis

1196 2602 1433 2632 constitutionis
1449 2601 1637 2640 hujusmodi
1650 2602 1899 2640 computandum
1913 2604 2105 2634 concubinas
2117 2605 2200 2643 ipsas

1195 2665 1214 2686 a
1229 2664 1262 2684 se
1279 2655 1416 2685 totaliter
1435 2663 1499 2684 non
1515 2654 1668 2684 ducerent
1685 2655 1889 2691 amovendas,
1908 2656 1991 2694 ipsas
2006 2656 2056 2686 vel
2073 2656 2150 2686 alias
2165 2658 2199 2686 in

1197 2708 1290 2738 domo
1307 2709 1432 2747 propria
1450 2706 1500 2736 vel
1515 2707 1621 2736 aliena
1638 2707 1773 2737 ulterius
1789 2708 1926 2738 minime
1943 2708 2125 2743 admissuri,
2146 2710 2199 2739 be-

1197 2762 1313 2791 neficio
1331 2766 1361 2791 et
1381 2762 1484 2791 officio
1503 2770 1539 2790 ex
1558 2766 1633 2790 tunc
1654 2761 1801 2799 suspensi
1821 2761 1991 2791 existerent
2010 2762 2078 2800 ipso
2097 2763 2176 2792 facto
2188 2785 2197 2799 ‚

1197 2819 1228 2844 et
1242 2815 1269 2844 si
1285 2815 1330 2844 sic
1346 2823 1398 2844 eas
1414 2823 1518 2853 usque
1535 2814 1574 2843 ad
1591 2822 1736 2843 mensem
1752 2814 1851 2844 alium
1870 2815 2052 2850 retinerent,
2068 2824 2086 2844 a
2101 2816 2198 2845 bene-

1197 2867 1279 2897 ficiis
1300 2868 1365 2897 suis
1383 2876 1439 2905 per
1457 2866 1601 2897 locorum
1619 2867 1797 2897 ordinarios
1815 2872 2039 2897 amoverentur
2055 2869 2197 2899 omnino.

1197 2921 1288 2956 Quod
1318 2921 1343 2950 si
1376 2920 1606 2959 archiepiscopi
1639 2925 1669 2950 et
1703 2921 1839 2959 episcopi
1869 2928 1904 2950 30
1939 2920 1996 2949 3111
2030 2921 2198 2951 inferiores

1198 2973 1335 3012 exempti
1352 2977 1381 3002 et
1396 2982 1460 3003 non
1477 2973 1613 3011 exempti
1629 2973 1738 3011 prelati
1757 2973 1796 3002 ad
1813 2981 1891 3012 quos
1908 2973 2092 3003 eorumdem
2108 2983 2197 3013 spec-
