2393 3496
898 305 1152 349 QUATRIEME
1172 306 1329 341 ANNEE.
2105 316 2163 346 879

75 383 172 422 ipsius
193 382 350 420 prioratus
372 383 403 409 et
425 380 493 418 ejus
509 379 631 409 familia
651 379 767 409 exinde
786 379 941 410 violenter
957 379 1074 418 ejectis,

73 435 213 470 bladum,
234 434 347 463 vinum
373 437 404 463 et
425 432 550 472 reliqua
574 433 656 462 bona
678 433 797 463 ibidem
819 437 940 471 reperta
963 432 1077 462 exinde

76 493 191 518 temere
215 490 426 525 asportarunt,
453 486 646 524 quibusdam
669 495 704 516 ex
729 486 808 525 ipsis
829 485 1021 515 satellitibus
1042 485 1076 514 in

77 541 184 572 eodem
203 539 342 578 prioratu
362 539 619 574 remanentibus,
645 539 701 577 qui
719 548 792 568 eum
813 539 917 568 adbuc
932 538 1079 567 detinent

76 597 272 632 occupatum.
291 592 373 622 Cum
392 592 491 629 igitur
514 597 639 631 propter
659 593 760 630 ipsius
776 592 898 622 abbatis
921 592 1077 621 malitiam

76 651 225 684 actusque
253 644 475 682 dampnabiles
503 645 622 674 dictum
651 645 901 679 monasterium,
931 645 1015 682 quod
1043 645 1078 673 in

77 698 295 739 spiritualibus
311 698 422 727 florere
440 707 476 727 ac
496 699 530 727 in
550 698 779 736 temporalibus
795 697 983 727 habundare
1002 698 1077 726 hac-

79 757 168 782 teuus
185 751 367 786 consuevit,
390 751 429 779 ad
449 755 569 780 tantam
590 751 833 780 dissolutionem
850 751 1015 780 devenisse
1031 751 1078 779 di-

78 809 166 836 catur
175 804 269 843 quod,
280 804 343 833 nisi
354 813 409 842 per
420 804 588 842 apostolice
598 804 682 833 sedis
695 805 926 842 providentiam
935 803 1080 834 celeriter

79 863 278 890 succurratur
302 857 421 893 eidem,
439 858 604 886 incurrere
622 857 737 894 poterit
752 857 960 895 irreparabile
984 857 1080 886 detri—

80 915 222 942 mentum
235 935 242 948 ,
263 911 367 940 dictus
383 910 480 939 frater
500 910 694 948 Aymericus
713 910 806 939 nobis
828 910 995 939 humiliter
1010 920 1081 949 sup-

79 965 206 1005 plicavit
222 968 255 993 ut
273 963 398 994 salubre
415 972 509 1001 super
524 963 583 993 hoc
601 963 782 992 remedium
798 972 955 1001 apponere
973 963 1011 992 de
1028 963 1081 992 be-

79 1017 233 1056 nignitate
248 1016 419 1055 apostolica
439 1025 635 1046 curaremus.
654 1015 737 1051 Quia
755 1024 826 1045 vero
846 1016 884 1045 de
906 1016 989 1045 fama
1007 1016 1081 1045 dicti

79 1071 198 1101 abbatis
213 1069 297 1109 apud
309 1069 416 1098 sedem
431 1068 635 1108 apostolicam
652 1078 707 1107 per
724 1068 940 1098 venerabilem
953 1070 1082 1098 fratrem

79 1129 220 1154 nostrum
238 1123 294 1158 M.‚
313 1123 521 1152 Portuensem
536 1123 731 1161 episcopum,
746 1122 867 1160 inquiri
884 1122 1019 1151 fecimus
1034 1123 1082 1151 di-

78 1177 212 1215 ligenter
224 1180 255 1206 et
269 1180 412 1214 repertus
424 1180 470 1205 est
485 1185 580 1214 super
591 1176 755 1214 premissis
771 1185 826 1214 per
838 1175 1083 1214 inquisitionem

78 1230 262 1269 hujusmodi
286 1229 414 1268 publice
439 1229 638 1265 diffamatus,
659 1237 731 1265 uos,
759 1229 904 1259 nolentes
931 1230 1084 1268 premissa

78 1285 252 1316 incorrecta
267 1283 419 1322 relinqui,
437 1283 623 1312 discretioni
639 1289 751 1316 vestre.
771 1283 809 1312 de
825 1292 887 1321 qua
906 1283 1033 1321 plenam
1050 1284 1084 1312 in

79 1338 216 1369 Domino
231 1337 376 1366 fidutiam
392 1337 587 1373 obtinemus,
604 1346 659 1375 per
677 1337 846 1376 apostolica
863 1339 978 1375 scripta
993 1345 1084 1366 man-

81 1391 192 1422 damus
205 1391 358 1429 quatinus
370 1398 424 1419 vos
440 1389 490 1419 vel
506 1389 586 1420 alter
602 1395 755 1427 vestrum,
768 1389 805 1419 ad
823 1390 999 1428 predictum
1016 1399 1086 1420 mo-

80 1445 254 1474 nasterium
266 1443 476 1483 personaliter
486 1443 682 1477 accedentes,
696 1444 881 1473 auctoritate
894 1448 1001 1473 nostra
1012 1453 1051 1472 an
1059 1448 1087 1473 te

80 1497 189 1529 omnia
206 1497 363 1537 predictos
379 1497 553 1527 monachos
569 1497 614 1526 sic
632 1497 776 1527 detentos
791 1497 914 1527 faciatis
928 1506 945 1526 a
963 1506 1087 1527 carcere

81 1551 222 1587 liberari,
237 1554 277 1587 et,
293 1550 426 1589 reliquis
442 1550 610 1580 monachis
623 1550 662 1579 ab
675 1550 875 1580 observantia
886 1551 1087 1589 juramento-

82 1613 154 1635 rum
170 1605 209 1634 ab
224 1604 287 1639 eis,
305 1608 339 1633 ut
355 1604 567 1642 premittitur,
584 1605 787 1642 prestitorum
811 1609 841 1633 et
859 1604 987 1642 prefatis
1010 1604 1087 1634 fide-

81 1657 260 1698 jussoribus
276 1666 294 1686 a
309 1657 519 1696 fidejussione
530 1656 718 1695 huJ'usmodi
735 1656 898 1693 absolutis,
916 1658 1089 1688 monachos

84 1711 140 1751 qui
152 1715 278 1750 propter
290 1710 434 1749 ejusdem
448 1710 569 1739 abbatis
584 1709 742 1739 malitiam
758 1714 844 1739 extra
857 1712 1089 1740 monasterium

83 1766 259 1805 predictum
276 1765 384 1802 vagari
400 1764 551 1794 dicuntur
565 1763 603 1793 ad
618 1764 850 1802 possessionem
862 1764 994 1794 claustri
1007 1765 1088 1803 paci-

83 1819 176 1849 fioam
196 1818 403 1853 reducentes,
427 1826 463 1846 ac
482 1817 600 1847 deinde
619 1817 773 1847 habentes
793 1811 847 1856 pre
869 1817 971 1848 oculis
986 1818 1090 1848 solum

84 1873 186 1902 Deum
199 1896 206 1909 ,
226 1880 322 1910 super
337 1871 487 1911 predictis
505 1871 658 1901 omnibus
673 1875 782 1901 contra
800 1871 978 1909 predictum
993 1872 1089 1901 abba-

84 1929 146 1956 tem
161 1925 328 1964 prepositis
350 1925 523 1963 inquiratis
546 1923 681 1954 sollicite
700 1924 877 1954 veritatem.
903 1924 1089 1955 Contradic-

84 1983 174 2015 tores,
195 1983 253 2008 etc.
273 1979 311 2008 Et
328 1978 458 2007 demum
474 1987 536 2016 que
553 1986 647 2016 super
663 1977 726 2007 hiis
744 1978 932 2007 inveneritis
949 1978 1007 2007 sub
1024 1988 1091 2008 ves-

83 2032 140 2062 tris
167 2032 290 2062 inclusa
321 2031 439 2069 sigillis
474 2030 611 2060 fideliter
647 2031 686 2060 ad
721 2036 862 2060 nostram
895 2031 1091 2069 presentiam

87 2085 318 2115 transmittatis.
334 2085 461 2114 Prefixo
477 2084 580 2114 eidem
594 2084 701 2114 abbati
715 2093 749 2114 ac
764 2084 835 2113 aliis
846 2093 982 2122 quorum
995 2086 1092 2114 inter-

84 2139 145 2169 erit
167 2139 304 2169 termino
330 2138 544 2177 peremptorio
572 2139 780 2176 competenti,
801 2147 863 2176 quo
885 2138 972 2167 idem
995 2139 1092 2168 abbas

85 2193 304 2232 personaliter,
317 2191 372 2221 alii
387 2200 462 2221 vero
476 2200 530 2230 per
542 2200 575 2221 se
590 2191 641 2220 vel
655 2200 707 2228 per
718 2195 937 2229 procuratores
949 2192 1092 2230 ydoneos

86 2245 254 2284 apostolico
276 2254 309 2274 se
335 2244 517 2282 conspectui
545 2248 778 2282 representem,
804 2244 888 2282 quod
916 2253 1011 2282 super
1033 2244 1113 2274 hoc'

87 2298 345 2328 sententiantium
362 2297 411 2326 vel
427 2296 647 2327 ordinandum
665 2305 720 2326 seu
737 2297 980 2336 precipiendum
997 2297 1094 2326 duxe-

87 2351 189 2381 rimus
212 2351 381 2381 humiliter
409 2351 578 2389 recepturi.
606 2350 738 2379 Interim
767 2350 849 2379 dicto
874 2350 979 2379 abbati
1003 2350 1094 2379 omni

87 2404 292 2435 alienationis
317 2413 434 2442 genere
457 2404 639 2433 interdicto.
666 2404 759 2433 Diem
781 2407 887 2433 autem
908 2403 1094 2441 prefixionis

87 2457 272 2497 hujusmodi
292 2461 321 2487 et
343 2457 496 2496 quicquid
520 2466 615 2495 super
633 2456 782 2495 predictis
802 2456 957 2486 duxeritis
973 2456 1093 2485 facien-

87 2510 162 2541 dum
179 2510 271 2540 nobis
286 2519 341 2548 per
357 2514 477 2539 vestras
493 2509 614 2539 litteras
631 2509 748 2539 harum
764 2510 880 2538 seriem
895 2509 1095 2539 continentes

88 2564 238 2595 studeatis
256 2563 394 2593 fideliter
413 2564 576 2593 intimare.
600 2564 671 2594 Dat.
699 2563 819 2600 Rome,
841 2563 925 2601 apud
943 2562 1095 2592 Sanctam

88 2617 225 2647 Mariam
245 2618 412 2655 Majorem,
433 2625 455 2646 11
474 2625 576 2646 nonas
595 2616 758 2652 februarii,
775 2624 861 2646 anno
876 2620 999 2655 quarto.
1019 2627 1032 2641 »

158 2782 273 2812 8582

124 2842 228 2871 Contra
238 2844 422 2879 injuriatores
432 2844 552 2870 fratrum
564 2843 708 2868 minorum
718 2841 948 2869 Botontinorum.
958 2842 1041 2875 (Res.
1050 2841 1094 2876 46,

90 2900 116 2920 c.
133 2893 194 2925 733,
209 2893 229 2920 f.
247 2893 296 2920 146
312 2899 359 2925 νος
379 2892 494 2924 Purra„
513 2891 622 2924 23865.)

346 2780 706 2814 Sainte-Marie—Majeure,
723 2780 757 2807 ‘22
773 2780 927 2807 novembre
946 2780 1022 2807 1291.

133 3003 154 3010 ..
171 2982 394 3019 archiepiscopo
409 2981 618 3011 Brundusino.
637 2992 650 3007 α
670 2979 738 3009 Sua
760 2979 850 3009 nohis
868 2978 975 3008 dilecti
994 2978 1053 3007 filii
1074 3000 1094 3008 ..

1159 378 1357 415 guardianus
1379 383 1409 408 et
1431 378 1543 408 fratres
1571 378 1693 409 ordinis
1715 379 1878 408 minorum
1901 380 2064 410 Botontini
2087 390 2162 411 con-

1160 431 1327 469 questione
1354 437 1575 462 moustrarunt
1603 432 1686 471 quod
1718 432 1862 470 Angelus
1897 432 1935 462 de
1970 433 2140 464 Botontino
2155 458 2162 469 ,

1159 484 1279 514 Paulus
1295 484 1333 514 de
1350 485 1486 524 Trajano
1512 491 1542 515 et
1561 485 1724 524 sylvester
1746 485 1784 515 de
1807 485 1945 522 Farauo,
1967 486 2164 525 presbyteri,

1159 537 1338 567 Palmerius
1355 542 1384 567 et
1404 539 1478 575 Leo,
1496 539 1634 575 diaconi,
1659 538 1806 568 canonici
1823 538 1955 568 ecclesie
1973 539 2143 569 Botontine
2159 564 2165 576 ,

1160 589 1388 628 Caroangelus,
1406 592 1570 627 Andreas,
1591 592 1697 631 Lupus
1720 592 1828 621 Sancti
1847 592 1990 630 Georgii,
2013 592 2166 623 Nicolaus

1160 644 1306 681 magistri
1329 643 1498 674 Guillelmi
1515 649 1543 674 et
1562 645 1669 683 Lupus
1687 645 1785 674 Madii
1801 645 1839 675 de
1855 645 1952 675 Gamo
1964 669 1972 682 ,
1989 646 2167 685 presbyteri

1162 696 1302 734 ejusdem
1320 697 1463 734 ecclesie,
1480 699 1633 736 quasdam
1650 698 1759 728 domos
1775 703 1804 728 et
1818 699 1943 735 turrim,
1962 708 2039 737 quas
2053 698 2167 728 dilecta

1162 749 1195 777 in
1221 749 1350 779 Christo
1373 750 1438 779 filia
1464 751 1584 780 nobilis
1607 751 1724 781 mulier
1746 751 1931 781 Constantia
1952 752 1989 781 de
2013 752 2168 782 Castanea

1163 802 1268 831 ordini
1288 802 1427 840 predicto
1443 803 1494 840 pia
1512 808 1542 832 et
1560 804 1689 841 provida
1708 803 1894 833 liberalitate
1909 805 2092 841 donaverat,
2112 813 2168 843 pro

1163 854 1282 884 fabrica
1300 855 1432 884 ecclesie
1449 860 1479 885 et
1493 856 1695 886 officinarum
1712 856 1773 886 loci
1789 857 1945 886 dictorum
1962 857 2094 887 fratrum
2107 867 2168 896 que

1164 908 1197 936 in
1215 909 1340 937 civitate
1359 908 1531 948 Botontina
1546 909 1823 946 construebantur,
1839 910 1991 939 violenter
2004 919 2167 949 occupare,

1164 969 1200 990 ac
1217 960 1256 990 ad
1280 960 1386 990 locum
1410 962 1567 999 prefatum
1591 962 1746 992 hostiliter
1765 963 1969 1000 accedentes,
1992 968 2170 994 muratores

1164 1014 1245 1043 inibi
1269 1014 1440 1043 existentes
1465 1015 1580 1045 exinde
1598 1024 1652 1053 per
1673 1015 1857 1045 violentiam
1879 1017 2051 1054 ejecerunt,
2078 1026 2112 1047 ac
2136 1018 2171 1047 in

1165 1067 1278 1097 fratres
1292 1068 1536 1097 Benevenutum
1553 1068 1591 1098 de
1604 1068 1736 1107 Rapolla
1749 1073 1779 1098 et
1795 1069 1985 1108 Sygniorem
1997 1070 2036 1099 de
2054 1071 2172 1108 Melfia,

1166 1121 1360 1159 professores
1379 1121 1480 1159 ipsius
1498 1122 1632 1158 ordinis,
1651 1122 1771 1151 ibidem
1793 1123 1952 1159 inventos,
1971 1132 2050 1153 ausu
2075 1124 2173 1153 sacri-

1166 1173 1238 1211 lego
1253 1183 1368 1203 manus
1384 1174 1539 1204 violentas
1555 1175 1686 1211 inicere,
1706 1176 1766 1204 Dei
1785 1176 1897 1205 timore
1914 1177 2085 1214 postposito
2101 1201 2107 1213 ,
2128 1181 2173 1206 te-

1168 1236 1255 1257 mere
1275 1233 1548 1266 presumpserunt.
1569 1228 1671 1257 Iidem
1689 1237 1813 1267 quoque
1832 1229 1940 1258 clerici
1955 1238 1991 1259 ac
2007 1229 2080 1264 Leo,
2098 1238 2172 1259 can-

1169 1285 1228 1315 tor,
1247 1281 1429 1311 Palmerius
1441 1286 1471 1311 et
1487 1281 1650 1320 Sylvester
1665 1282 1703 1312 de
1716 1282 1832 1312 Sancto
1850 1283 1941 1312 Petro
1957 1291 2050 1320 novo,
2065 1283 2174 1313 clerici

1170 1333 1355 1373 Botontini,
1378 1343 1494 1372 corpus
1516 1335 1679 1372 quondam
1702 1335 1895 1372 Margarita,
1924 1336 2031 1365 uxoris
2057 1336 2175 1365 Leonis

1168 1387 1292 1424 Crassi,
1311 1387 1388 1416 civis
1412 1387 1589 1424 Botontini‚
1614 1397 1674 1426 que
1692 1388 1727 1417 in
1751 1397 1808 1417 sna
1826 1388 1939 1417 ultima
1957 1388 2118 1418 voluntate
2140 1389 2175 1418 iu

1170 1440 1289 1478 prefato
1304 1440 1372 1470 loco
1389 1440 1547 1470 dictorum
1562 1441 1697 1471 fratrum
1714 1450 1803 1471 suam
1816 1442 1953 1479 elegerat
1966 1442 2172 1480 sepulturam,

1172 1494 1347 1523 temeritate
1370 1495 1496 1533 propria
1512 1495 1669 1533 rapientes
1683 1520 1690 1532 ,
1712 1494 1793 1524 illud
1814 1495 1847 1524 in
1868 1495 2024 1525 cimiterio
2047 1495 2176 1526 ecclesie

1172 1547 1342 1577 Botontine
1367 1547 1500 1586 sepelire
1521 1548 1668 1586 nequiter
1690 1552 1934 1586 attemptarunt,
1960 1549 1995 1578 in
2018 1549 2176 1579 dictorum

1170 1600 1341 1638 guardiani
1358 1605 1387 1629 et
1403 1601 1536 1630 fratrum
1555 1605 1584 1630 et
1602 1609 1710 1630 eorum
1729 1601 1851 1631 ordinis
1870 1602 2072 1631 manifestam
2089 1602 2175 1641 inju-

1172 1655 1265 1690 riam,
1283 1654 1493 1693 prejudicium
1513 1659 1541 1683 et
1557 1663 1747 1692 gravamen,
1765 1654 1843 1684 alias
1862 1655 1984 1685 eisdem
2000 1655 2177 1693 guardiano

1173 1713 1203 1737 et
1228 1708 1380 1737 fratribus
1408 1708 1441 1736 in
1465 1708 1606 1746 predicta
1627 1708 1753 1737 civitate
1774 1708 1967 1746 multiplices
1989 1709 2126 1747 injurias
2148 1713 2178 1739 et

1173 1761 1385 1791 contumelias
1413 1761 1597 1799 irrogando.
1630 1761 1736 1797 Quare
1765 1761 1897 1799 predicti
1923 1761 2119 1798 guardianus
2149 1767 2178 1792 et

1173 1815 1285 1844 fratres
1302 1814 1393 1844 uobis
1409 1814 1577 1843 humiliter
1589 1814 1809 1852 supplicarunt
1826 1818 1859 1843 ut
1875 1819 2066 1852 oportunum
2084 1824 2178 1853 super

1172 1868 1237 1897 hiis
1249 1868 1400 1897 adhibere
1414 1867 1593 1897 remedium
1604 1876 1798 1897 curaremus.
1816 1867 1883 1897 Nos
1896 1868 2005 1905 igitur,
2022 1868 2178 1906 premissa

1174 1922 1331 1958 nolentes,
1346 1926 1437 1960 prout
1455 1930 1513 1950 nec
1535 1921 1699 1958 debemus,
1721 1921 1969 1951 conniventibus
1989 1921 2091 1951 oculis
2106 1931 2178 1960 per-

1175 1976 1322 2010 transire,
1340 1975 1533 2004 fraternitati
1547 1979 1597 2004 tue
1612 1984 1666 2013 per
1677 1974 1846 2012 apostolica
1861 1975 1976 2012 scripta
1987 1975 2178 2005 mandamus

1175 2028 1327 2067 quatinus
1343 2028 1528 2063 canonicos,
1546 2032 1708 2057 cautorem
1732 2032 1761 2056 et
1779 2027 1910 2057 clericos
1928 2027 2123 2065 supradictos
2141 2037 2178 2057 ex

1174 2085 1261 2119 parte
1278 2085 1396 2114 nostra,
1415 2089 1469 2117 per
1487 2084 1515 2109 te
1536 2079 1584 2108 vel
1601 2089 1656 2117 per
1670 2079 1770 2108 alium
1788 2088 1842 2108 seu
1862 2079 1950 2114 alios,
1969 2080 2178 2117 peremptorie

1175 2135 1272 2163 citare
1291 2142 1438 2171 procures
1460 2137 1492 2161 ut
1514 2133 1596 2161 infra
1617 2132 1755 2162 duorum
1779 2133 1941 2161 mensium
1959 2133 2096 2170 spatium
2112 2137 2180 2171 post

1174 2188 1356 2217 citationem
1376 2186 1563 2224 hujusmodi
1587 2185 1706 2216 Paulus
1725 2191 1755 2215 et
1771 2185 1932 2224 Sylvester
1954 2186 2102 2224 predicti,
2123 2187 2179 2224 qui

1174 2241 1326 2270 dicuntur
1343 2241 1440 2269 fuisse
1459 2240 1686 2278 premissorum
1705 2248 1892 2268 excessuum
1911 2239 2052 2278 precipui
2073 2244 2178 2277 patra-

1174 2300 1272 2329 tores,
1294 2293 1512 2332 personaliter,
1531 2292 1647 2331 reliqui
1670 2301 1744 2322 vero
1767 2301 1822 2331 per
1839 2301 1872 2322 se
1893 2292 1942 2322 vel
1963 2297 2179 2330 procuratores

1174 2347 1316 2386 ydoneos
1338 2350 1541 2384 compareant
1559 2345 1689 2385 [coram]
1712 2345 1822 2380 nobis,
1845 2345 1957 2375 facturi
1976 2350 2005 2375 et
2024 2346 2181 2383 recepturi

1175 2410 1269 2438 super
1285 2400 1348 2429 hiis
1364 2399 1446 2438 quod
1462 2399 1585 2437 justitia
1600 2398 1756 2428 suadebit.
1778 2399 1871 2427 Diem
1887 2407 1961 2428 vero
1976 2398 2134 2428 citationis
2151 2404 2181 2428 et

1175 2454 1311 2483 formam
1329 2458 1359 2482 et
1379 2452 1533 2491 quicquid
1558 2452 1634 2481 inde
1652 2452 1782 2481 duxeris
1807 2452 1991 2481 faciendum
2012 2452 2102 2481 nobis
2126 2461 2180 2490 per

1177 2512 1244 2536 tuas
1261 2506 1380 2536 litteras
1397 2510 1450 2535 tuo
1467 2505 1572 2543 sigillo
1588 2506 1728 2543 signatas
1746 2505 1862 2534 harum
1879 2505 1993 2535 seriem
2010 2506 2178 2535 continen-

1176 2566 1221 2590 tes
1238 2560 1363 2590 studeas
1379 2559 1516 2589 fideliter
1530 2559 1693 2588 intimare.
1715 2559 1783 2588 Dat.
1801 2559 1912 2594 Rome,
1930 2559 2013 2596 apud
2032 2558 2180 2588 Sanctam

1176 2614 1313 2643 Mariam
1332 2613 1496 2651 Majorem,
1513 2622 1532 2642 x
1546 2611 1700 2642 kalendas
1716 2612 1905 2647 decembris,
1925 2619 2010 2641 anno
2025 2616 2147 2649 quarto.
2164 2622 2177 2636 n

1246 2778 1363 2807 (3588

1213 2841 1398 2875 Dispensatio
1414 2847 1502 2874 super
1516 2840 1676 2874 pluralitate
1692 2839 1908 2866 beneficiorum.
1925 2837 2008 2870 (Rue.
2024 2836 2067 2869 46,
2080 2844 2105 2862 e.
2119 2836 2178 2866 734,

1177 2891 1196 2917 f.
1215 2890 1262 2916 147
1280 2895 1325 2919 r⁰.t

1481 2777 1838 2812 Sainte-Marie-Majeure,
1855 2776 1887 2802 ‘27
1901 2776 2014 2810 janvier
2033 2774 2108 2801 1292.

1222 2977 1368 3006 Willelmo
1393 2977 1426 3005 de
1450 2976 1600 3006 Bricchull
1613 3001 1620 3010 ,
1639 2976 1749 3005 decano
1773 2975 1890 3005 ecclesie
1908 2973 2012 3004 Sancti
2033 2973 2183 3002 Iohannis
