2393 3496
193 316 249 345 86⁵2

234 396 246 405 «ι
268 381 303 410 Iu
322 381 450 410 nomine
470 381 476 408 Ξ

196 447 209 458 -ν
235 435 330 463 tionis
360 443 413 463 sne
442 436 670 462 u.‹t‹:.1.xxx111'‘.
698 438 753 458 xn·
782 428 974 463 indictione,
1002 427 1053 456 die
1084 426 1196 455 ultima

233 487 352 515 mensis
377 485 568 517 ‹lm-cinbris,
595 482 744 512 dominns
766 481 932 510 ¹lohannes
953 479 1114 518 quondam
1140 479 1195 507 do-

233 540 312 568 mini
331 537 533 567 Guilivlnii...
550 552 586 556 —
603 537 716 564 Actum
735 534 768 562 iu
787 537 883 562 motta
902 531 1052 571 predicta,
1071 539 1196 568 prescn,

233 592 314 621 tibus
333 590 461 619 testibus
477 588 514 616 ad
530 587 587 616 boc
605 586 719 623 rogatis
737 591 763 613 et
782 585 897 613 vocatis
909 597 914 612 z
926 583 1056 612 domino
1071 583 1195 612 Barone

230 643 353 673 domini
372 641 521 671 ltinianni
536 640 574 668 de
591 638 772 674 Ferentino,
788 637 918 667 domino
936 637 1140 673 ltongarzone
1157 634 1194 663 de

233 694 485 734 ltipatransunis,
501 692 620 731 judice,
637 696 666 720 et
682 690 842 728 Roggerio
860 689 1006 727 l³arolpl1i
1023 688 1061 717 de
1077 687 1194 717 Sancto

230 749 391 782 Cassiano,
411 745 612 781 mei-escalco,
630 744 842 774 familiaribus
861 743 935 773 dicti
952 742 1075 771 domini
1092 746 1191 771 ret-to-

229 802 282 836 ris,
298 800 427 829 ‹loniino
443 798 574 828 Nicolao
587 797 748 836 quondam
761 797 883 827 domiui
897 796 1056 826 Joliannis
1067 795 1190 825 domiui

227 853 355 883 Girardi
373 857 402 881 et
418 852 548 881 domino
565 851 751 890 Rayualdo,
771 851 882 879 abbate
902 850 1008 879 Sancti
1028 848 1191 878 Benedicti

227 906 265 935 de
287 905 476 935 Frusinone.
496 905 559 942 Ego
575 904 756 943 Campana,
771 904 868 942 judex
888 903 1070 933 ordinarius
1087 906 1117 931 et
1132 911 1191 939 pu-

228 959 329 988 blicus
348 959 505 994 notai-ins,
523 958 609 987 filius
627 957 705 988 olim
725 958 836 987 Brunn
855 956 893 985 de
912 956 1041 985 Lancisa
1065 959 1094 984 et
1118 964 1189 993 pre-

227 1013 302 1042 dicti
324 1012 445 1041 domiui
465 1011 595 1041 rectoris
612 1011 647 1040 in
664 1011 755 1040 dictis
773 1009 941 1049 provintiis
958 1008 1062 1038 scriba
1077 1013 1107 1037 et
1121 1008 1191 1037 offi-

189 1078 202 1090 υ
226 1065 333 1096 cialis.
356 1064 500 1103 predictis
521 1064 689 1100 omnibus,
706 1064 783 1093 dum
805 1067 993 1100 agerentur,
1014 1062 1144 1091 interfui
1163 1066 1192 1090 et

189 1131 202 1145 n
227 1128 262 1148 ea
285 1119 393 1148 onmia
412 1117 449 1147 de
473 1118 622 1147 mandato
641 1117 743 1155 ipsius
760 1116 885 1146 domini
904 1115 1035 1145 rectoris
1055 1114 1191 1144 fideliter

510 379 598 408 urnii
620 380 735 407 Anien.
756 378 850 405 Anno
866 375 1026 404 dominice
1045 374 1194 402 lucarna—

189 499 208 1039 seu-veussgg

188 1185 201 1199 ,ι
226 1172 337 1210 scripsi
357 1177 385 1201 et
402 1172 569 1210 publicavi.
590 1183 602 1197 n

228 1237 240 1251 α
259 1224 339 1254 Cum
354 1234 371 1253 a
386 1224 512 1253 nobis...
525 1239 564 1245 —
580 1224 651 1252 Dat.
667 1223 779 1258 Rome,
792 1222 874 1260 apud
891 1221 1039 1251 Sanctam
1054 1221 1189 1250 Mariam

186 1279 351 1317 Majorem.
370 1287 389 1306 n
406 1285 505 1306 nonas
525 1276 711 1307 decembris,
729 1283 814 1304 anno
832 1279 955 1313 quarto.
975 1286 989 1300 »

254 1477 368 1506 (3⁴19
487 1474 845 1508 Suinte-Marie-Majwre,
863 1474 893 1500 ‘21
909 1475 1022 1508 Jauvier
1040 1474 1116 1502 129¹.

218 1540 371 1566 Confirmat
388 1532 682 1571 insti-inuentum‘quo
699 1536 748 1570 L.,
764 1536 909 1563 Ostiensis
925 1538 1095 1572 episcopus,
1112 1537 1146 1563 ab
1169 1558 1187 1565 ..

183 1588 430 1623 archipresbytero
451 1590 478 1612 et
497 1586 621 1620 capitulo
641 1586 781 1613 ecclesiae
800 1586 958 1618 Ostiensisy
976 1595 1098 1621 quorum
1115 1587 1187 1614 bona

182 1647 197 1664 a
213 1637 295 1663 bonis
310 1635 481 1670 episcopalis
497 1635 575 1661 sedis
593 1634 716 1661 discreta
736 1638 821 1665 sunt,
840 1634 1020 1661 medietatem
1042 1644 1093 1670 pro
1112 1635 1189 1662 indi-

182 1687 243 1713 viso
278 1686 363 1712 castri
398 1684 496 1711 Sancti
531 1683 660 1718 Cyriaci,
696 1683 842 1710 Ostiensis
877 1684 1035 1716 dioecesis,
1071 1684 1186 1719 empsit.

186 1735 264 1766 (Res.
284 1733 548 1765 46,c.674,f.134
567 1734 618 1766 vo.)

227 1864 393 1894 tf'enerabiti
409 1864 500 1899 fratri
516 1863 559 1897 L.,
578 1863 707 1892 Ostiensi
722 1863 865 1900 episcopo.

220 1919 432 1950 Instrumenti
447 1917 629 1948 confirmati
646 1920 737 1948 tenor
753 1917 804 1947 hic
821 1921 867 1947 est
885 1930 890 1947 :

221 1986 234 1999 a
260 1974 296 2002 In
321 1973 451 2002 nomine
471 1971 604 2001 Domini
627 1972 742 2000 Arnen.
772 1972 868 2001 Anno
892 1971 1075 2001 Nativitatis
1100 1972 1185 2010 ejus-

182 2040 194 2053 »
219 2027 290 2056 dem
302 2024 1185 2063 M.cc.1,xxxx1⁰‚indictionequarta,pontificatusdomini

179 2093 193 2107 ν
216 2079 337 2110 Nicolai
372 2088 450 2118 pape
478 2079 564 2108 IIIlti
592 2086 678 2108 anno
709 2082 841 2116 quarto,
870 2078 922 2108 die
944 2077 1184 2116 quintadecima

180 2147 193 2160 »
218 2133 338 2163 mensis
357 2132 544 2162 decembris.
564 2132 601 2160 In
618 2132 779 2170 presentia
797 2132 860 2161 mei
877 2131 1003 2162 Nicolai
1022 2131 1061 2161 de
1079 2131 1183 2162 Guar-

179 2200 192 2214 »
216 2187 327 2217 cino...
344 2204 381 2209 —
398 2187 515 2215 Actum
532 2185 646 2221 Rome,
664 2184 747 2223 apud
764 2184 915 2214 Sanctam
934 2184 1131 2221 Praxedem,
1149 2186 1183 2215 in

178 2254 191 2268 x,
214 2240 351 2279 hospitio
368 2240 401 2269 in
420 2247 482 2278 qno
501 2241 642 2268 moratur
658 2238 818 2277 predictus
833 2238 983 2269 dominns
1000 2239 1048 2276 L.,
1065 2238 1184 2278 episco-

180 2306 194 2321 »
218 2303 277 2332 pus
295 2292 469 2330 Ostiensis,
490 2291 689 2331 presentibus
711 2291 869 2329 religiosis
890 2295 920 2322 et
941 2292 1086 2322 discretis
1104 2292 1184 2322 viris

177 2360 191 2375 »
215 2348 332 2378 domno
358 2347 470 2382 Petro,
493 2345 606 2375 abbate
625 2345 813 2375 monasterii
837 2345 950 2375 Sancte
974 2346 1126 2375 Praxedis
1145 2346 1183 2375 de

176 2414 188 2428 ι
216 2388 458 2437 Πι’ὲ)ε,“ᾱοτῃηο
480 2398 650 2438 Philippo,
677 2398 835 2429 monacho
860 2399 1047 2429 monasterii
1073 2399 1182 2429 Sancti

176 2467 190 2482 »
215 2454 301 2490 Savi,
314 2453 436 2483 ordinis
454 2452 553 2482 Vallis
566 2452 727 2488 umbrose,
742 2451 875 2482 domino
891 2452 1051 2482 Bonifatio
1067 2452 1105 2482 de
1122 2452 1182 2482 Lo-

176 2521 189 2535 »
214 2516 329 2547 griano,
343 2506 495 2536 canonico
513 2505 723 2541 Bononiensi,
737 2505 890 2542 magistro
907 2505 1035 2536 Matheo
1048 2505 1087 2535 de
1100 2505 1182 2535 Nea-

174 2574 189 2588 »
213 2561 293 2600 poli,
313 2565 440 2590 cantore
460 2558 668 2595 Carnotensi,
693 2558 818 2588 domini
839 2568 917 2597 pape
941 2558 1133 2598 capellanis,
1151 2563 1182 2589 et

173 2627 187 2642 »
212 2613 380 2653 Baynaldo
402 2613 440 2642 de
456 2613 579 2642 Abbate
600 2621 636 2642 ac
656 2612 801 2642 Romano
817 2611 963 2650 Caputii,
980 2612 1104 2642 civibus
1126 2621 1179 2642 ro-

172 2681 184 2695 »
212 2667 333 2704 mauis,
362 2667 492 2696 testibus
517 2665 635 2696 vocatis
660 2669 690 2695 et
720 2665 849 2703 rogatis.
878 2665 916 2694 Et
940 2674 997 2703 ego
1024 2664 1179 2696 Nicolans

173 2735 186 2749 »
212 2720 427 2752 Bai-tholomei
447 2720 485 2749 de
502 2719 680 2754 Gnarcino,
698 2717 850 2755 clericus,
868 2719 1053 2748 anctoritate
1071 2722 1179 2748 sancte

171 2789 185 2804 n
208 2783 339 2806 romane
360 2773 491 2804 ecclesie
512 2772 654 2803 notarius
676 2771 836 2810 publicus,
856 2771 1005 2810 predictis
1028 2771 1178 2801 omnibns

172 2842 185 2856 ‚2
207 2837 338 2868 presens
360 2826 492 2856 interfui
510 2830 541 2856 et
558 2834 594 2856 ea
612 2824 744 2861 omnia,
762 2829 793 2855 nt
818 2833 912 2863 snpra
935 2824 1105 2863 leguntur,
1123 2833 1176 2854 ro-

171 2896 184 2910 »
209 2887 300 2921 gatus
326 2880 438 2920 scripsi
465 2884 495 2910 et
518 2879 694 2918 publicavi,
716 2878 845 2917 meique
877 2877 1020 2908 nominis
1047 2878 1175 2915 signum

171 2949 184 2964 1>
208 2936 278 2966 feel.
299 2947 312 2962 n

210 3001 223 3015 ιι
242 2988 330 3019 Sicut
349 2987 440 3017 uobis
462 2994 658 3026 exponere...
677 3001 716 3006 —-
733 2985 803 3014 Dat.
823 2984 941 3022 Rome,
961 2982 1045 3023 apud
1071 2983 1173 3014 Sanc-

940 309 1173 339 itliflls'rtffis
1198 308 1249 336 DE
1276 306 1457 336 NICOLAs
1482 307 1535 335 IV.

1283 376 1344 400 tani
1377 371 1510 400 Mariam
1542 371 1715 410 Majorem.
1742 380 1783 399 xn
1818 369 1972 400 kalendas
2001 369 2170 407 februarii,
2199 379 2282 403 anno

1281 429 1404 462 quarto.
1425 436 1437 449 w»

1314 594 1563 623 (uzon—2121
1606 594 1963 628 Salute-Marie-Majeure,
1979 594 1993 620 3
2005 594 2119 628 janvier
2137 594 2212 622 1292.

1312 657 1429 683 Collatio
1454 657 1583 683 beneficii
1602 660 1630 683 et
1650 657 1827 691 dispensatio
1848 666 1935 692 super
1954 657 2114 692 pluralitate
2132 657 2282 685 beneficio-

1276 714 1348 732 rum.
1367 706 1448 739 (uso.
1468 706 1509 737 46,
1527 714 1552 732 e.
1570 705 1631 739 675,
1649 706 1668 732 f.
1689 706 1800 738 1351·0.)

1316 808 1463 843 Ganfrsdo
1474 808 1507 836 (Ic
1522 808 1696 843 Sailleneso,
1713 809 1858 837 canonico
1872 809 2122 844 Aullsiodorensz',
2137 817 2278 847 persona-

1275 864 1341 889 tum
1359 869 1413 889 seu
1433 860 1622 898 dignitatem
1639 861 1678 890 ad
1695 860 1919 895 collationem,
1940 861 2153 899 provisionem
2169 886 2175 899 ‚
2196 860 2278 893 elec-

1275 913 1392 942 tionem
1417 922 1470 943 seu
1491 914 1781 952 praesentationem
1807 913 1937 953 capituli
1964 914 2113 944 ecclesiae
2136 915 2279 946 Antisio-

1273 966 1419 996 dorensis
1444 967 1659 1005 pertinentem
1686 968 1825 1005 confert,
1849 976 1987 1006 cumque
2007 976 2043 998 eo
2062 968 2224 1007 dispensat
2248 975 2281 1005 ut

1273 1019 1356 1048 hanc
1385 1019 1576 1057 dignitatem
1606 1029 1671 1050 nna
1700 1029 1773 1050 cum
1803 1020 2064 1051 archidiaconatu
2093 1021 2131 1050 de
2157 1022 2280 1053 Monte—

1275 1072 1342 1101 forti
1360 1072 1391 1101 in
1410 1072 1664 1109 Cenomanensi,
1680 1078 1710 1103 et
1727 1073 1970 1103 canonicatibus
1987 1083 2023 1103 ac
2042 1074 2230 1112 praebendis
2246 1075 2279 1106 in

1273 1124 1534 1163 Cenomanensi,
1555 1126 1832 1163 Antisiodorensi,
1860 1126 2087 1157 Aurelianensi
2112 1136 2148 1158 ac
2172 1127 2280 1167 Legio-

1274 1179 1366 1207 neusi
1382 1178 1523 1208 ecclesiis
1543 1183 1650 1208 tenere
1669 1180 1775 1218 possit.

1315 1243 1328 1257 α
1348 1232 1504 1261 Personas
1522 1231 1677 1262 virtutum
1696 1233 1905 1271 insignitas...
1922 1250 1960 1255 —
1977 1234 2048 1264 Dat.
2068 1234 2178 1272 Rome,
2196 1235 2279 1275 apud

1273 1283 1422 1313 Sanctam
1450 1284 1583 1314 Mariam
1613 1285 1790 1324 Majorem,
1816 1296 1849 1315 111
1877 1295 1980 1316 nonas
2005 1287 2166 1326 januarii,
2195 1296 2281 1319 anno

1273 1341 1394 1375 quarto.
1416 1350 1428 1364 n

1312 1391 1348 1420 In
1369 1386 1396 1422 θ’.
1417 1401 1461 1422 m.
1482 1415 1501 1421 ..
1520 1392 1625 1422 abbati
1641 1393 1829 1423 monasterii
1849 1394 1886 1423 de
1908 1393 2073 1430 Pulteriis‚
2093 1395 2278 1433 Lingonen-

1271 1444 1316 1473 sis
1332 1444 1656 1485 dioecesis,magistro
1670 1447 1840 1477 Dominico
1853 1448 1891 1477 de
1904 1448 2020 1478 Sancto
2029 1448 2278 1488 Urbano,capel-

1270 1497 1344 1528 lano
1363 1508 1483 1538 papae,
1507 1499 1732 1531 archidiacono
1748 1501 1787 1530 de
1804 1501 1928 1531 Virtnto
1951 1501 1985 1531 in
2009 1501 2277 1540 Cathalannensi,

1271 1555 1301 1580 et
1326 1552 1479 1590 magistro
1495 1553 1643 1583 Andreae
1662 1553 1700 1583 de
1719 1553 1835 1584 Sancto
1851 1554 1979 1591 Fidulo,
1997 1555 2222 1586 archidiacono
2241 1555 2279 1586 de

1272 1606 1384 1635 Arceis
1412 1607 1444 1635 in
1468 1607 1620 1637 Trecensi
1643 1607 1802 1646 ecclesiis,
1819 1608 1951 1638 mandat
1977 1614 2011 1638 ut
2031 1608 2224 1639 Gausridum
2241 1609 2279 1640 de

1271 1657 1445 1689 Sailleneio
1469 1659 1503 1688 in
1521 1659 1716 1698 corporalem
1742 1661 1976 1699 possessionem
1995 1661 2161 1701 praedicti’
2174 1670 2279 1701 perso-

1272 1715 1364 1741 natus
1382 1711 1431 1742 vel
1448 1712 1617 1750 dignitatis
1633 1713 1798 1744 inducant.

1341 1900 1457 1928 6422

1306 1961 1431 1988 Licentia
1448 1962 1626 1996 ingrediendi
1644 1964 1825 1990 monasteria.
1843 1963 1927 1997 (Rau.
1943 1964 1986 1996 46,
2003 1972 2029 1992 c.
2046 1964 2118 1996 6752,
2134 1965 2153 1991 f.
2172 1965 2220 1993 135
2238 1972 2277 2000 v⁰;

1268 2010 1387 2043 Pei-Tu„
1403 2011 1511 2043 23894.)

1576 1899 1937 1935 Sainte-Marie-MaJeure,
1956 1900 1987 1928 13
1999 1902 2112 1936 janvier
2130 1901 2206 1930 1292.

1308 2114 1406 2143 Nobili
1422 2114 1548 2143 mulieri
1566 2114 1703 2152 Ysabelte,
1721 2116 1869 2145 comitisse
1885 2115 2038 2146 Flandrz'e.
2054 2129 2067 2143 ιι
2088 2117 2276 2147 Devotionis

1269 2171 1320 2197 tue
1343 2171 1521 2199 meretur...
1546 2169 1744 2199 Auctoritate
1767 2168 1826 2199 tibi
1849 2169 2044 2208 presentium
2069 2170 2279 2209 indulgemus

1268 2225 1302 2251 ut
1319 2221 1515 2251 monasteria
1533 2221 1657 2251 ordinis
1676 2226 1783 2252 sancte
1800 2221 1892 2253 Clare
1910 2223 1944 2253 in
1963 2223 2106 2253 custodia
2125 2223 2277 2254 Flandrie

1266 2275 1438 2305 constituta
1461 2275 1510 2305 bis
1532 2276 1565 2305 in
1587 2284 1690 2312 anno,
1708 2284 1781 2305 cnm
1805 2285 1859 2305 sex
1884 2276 2028 2306 honestis
2048 2277 2221 2314 matronis,
2239 2277 2274 2307 in

1266 2328 1377 2358 habitu
1395 2328 1602 2367 condecenti,
1621 2329 1795 2359 dummodo
1820 2334 1853 2359 tu
1872 2334 1902 2360 et
1920 2329 2031 2360 eedem
2047 2334 2194 2361 matrone
2209 2338 2275 2361 uon

1265 2382 1455 2421 pernoctetis
1483 2391 1588 2421 neque
1613 2383 1786 2413 comedatis
1811 2383 1846 2413 iu
1868 2383 1948 2421 illis,
1973 2384 2077 2422 possis
2101 2393 2196 2415 causa
2218 2383 2273 2415 de-

1266 2434 1406 2465 votionis
1430 2435 1588 2465 intrare...
1615 2435 1686 2465 Dat.
1711 2435 1830 2472 Rome,
1853 2436 1937 2475 apud
1959 2436 2108 2467 Sanctam
2135 2437 2274 2468 Mariam

1265 2488 1437 2527 Majorem,
1456 2488 1562 2518 idibus
1576 2488 1736 2527 januarii,
1755 2497 1842 2519 anno
1860 2493 1983 2528 quarto.
2007 2502 2019 2517 ι

1333 2667 1450 2697 6423

1297 2729 1452 2756 Sororibus
1468 2731 1635 2756 monasterii
1650 2730 1685 2756 de
1701 2729 1845 2757 Belloloco
1866 2739 1953 2766 supra
1969 2730 2121 2758 Sclandam
2141 2731 2272 2767 indulget

1262 2782 1291 2805 ut
1308 2786 1391 2805 nemo
1408 2786 1457 2805 eas
1473 2778 1506 2804 ad
1524 2779 1716 2814 recipiendam
1731 2780 1853 2815 aliquam
1870 2781 1897 2806 iu
1915 2780 2083 2807 monacham
2097 2781 2270 2816 compellere

1259 2827 1362 2862 possit.
1380 2826 1462 2860 (Rau.
1481 2827 1523 2861 46,
1541 2836 1566 2854 c.
1583 2828 1645 2863 676,
1663 2829 1682 2855 f.
1702 2829 1750 2856 135
1767 2835 1813 2863 v⁰;
1833 2828 1948 2862 Por'rn..
1965 2829 2074 2863 23891.)

1568 2667 1926 2704 Sainte-Maric-Majeure,
1947 2668 1977 2696 13
1990 2669 2104 2704 janvier
2120 2669 2198 2697 1292.
2219 2681 2221 2683 ·

1300 2952 1321 2960 ..
1340 2930 1484 2960 abbatisse
1499 2936 1524 2960 et
1540 2933 1702 2961 conventui
1718 2941 1859 2962 sororum
1876 2933 2067 2962 inclusarum
2086 2933 2269 2963 monasterii

1258 2984 1291 3013 de
1308 2984 1449 3013 Beltococo
1465 2993 1559 3022 supra
1573 2985 1753 3021 Sclandmn,
1771 2985 1890 3015 ordinis
1908 2991 2009 3016 sancte
2025 2986 2126 3023 Clare,
2146 2987 2266 3017 Torna-
