2393 3496
236 305 300 338 930
992 302 1229 333 REGISTRES
1251 302 1305 332 DE
1328 302 1512 333 NICOLAS
1535 304 1590 333 IV.

244 385 259 399 n
283 373 339 412 qui
359 376 485 402 vocatur
503 370 679 406 Palatium,
699 378 733 398 ex
754 373 904 406 potestate
923 368 968 398 eis
985 377 1002 397 a
1023 368 1165 406 partibus
1181 376 1253 397 con-

245 438 257 452 »
283 434 389 461 cessa,
420 423 655 463 composuerint
685 421 897 451 amicabiliter
925 430 1021 459 snper
1051 420 1191 460 querelis
1221 426 1253 450 et

243 492 257 506 ι)
283 479 504 518 questionibus
532 476 710 515 prelibatis,
744 480 836 513 prout
862 475 894 504 in
920 475 1111 513 quibusdam
1138 474 1253 504 litteris

245 546 258 559 n
283 532 397 570 sigillis
423 539 532 560 eorum
559 528 707 566 sigillatis
732 527 859 566 plenius
883 529 1076 564 continetur,
1103 536 1170 564 nos,
1197 537 1252 557 cu-

243 597 256 612 »
282 587 404 624 pientes
422 588 583 620 tamquam
602 581 658 609 filii
675 581 857 610 obedientie
873 590 998 620 semper
1019 590 1086 610 esse
1109 582 1143 610 in
1164 585 1252 610 tran-

243 650 256 664 »
279 637 438 675 quillitate
455 640 484 663 et
500 643 574 673 pace
591 643 663 662 cuni
681 634 855 664 reverendo
876 635 907 663 in
925 634 1053 664 Christo
1074 639 1162 672 patre
1178 643 1252 664 nos-

241 702 254 717 »
281 694 327 719 tro
337 694 367 718 et
379 689 510 717 domino
525 687 574 723 ss.,
591 687 647 716 Dei
661 689 762 724 gratia
775 687 1012 726 archiepiscopo
1026 687 1249 725 Lugdunensi,

241 754 255 769 »
279 742 392 771 damus
412 750 468 779 pro
490 740 582 770 nobis
609 743 638 769 et
658 740 801 779 quolibet
820 746 963 770 nostrum
983 740 1086 776 vobis,
1110 740 1251 770 dominis

241 807 254 822 ι)
279 793 509 830 cardinalibus,
528 792 706 831 plenariam
723 798 907 833 potestatem
927 794 1079 832 prefatam
1097 794 1251 832 composi-

239 860 252 875 »
279 848 398 877 tionem
413 845 610 882 declarandi,
631 846 875 884 interpretandi,
892 846 1042 881 addendi,
1056 846 1248 876 detrahendi

239 913 253 927 n
278 905 308 929 et
324 899 542 935 modificandi,
558 904 651 938 prout
665 900 839 928 reverende
856 899 1036 937 paternitati
1051 903 1152 929 vestre
1167 900 1248 929 vide-

239 967 252 981 »
276 954 364 985 bitur
379 953 575 989 faciendum,
592 953 807 992 supplicantes
825 958 857 983 ut
871 962 905 982 ea
920 963 982 992 que
997 954 1081 983 circa
1095 954 1250 992 premissa

239 1020 251 1034 n
275 1007 432 1037 duxeritis
454 1006 635 1036 ordinanda
659 1006 780 1036 faciatis
803 1007 989 1036 auctoritate
1006 1006 1178 1045 apostolica
1195 1007 1249 1035 fir-

239 1074 252 1088 u
277 1061 374 1091 miter
395 1060 569 1090 observari.
594 1060 631 1089 ln
657 1061 707 1089 cui
732 1060 777 1089 rei
803 1061 1021 1090 testimonium
1049 1061 1250 1098 presentibus

237 1128 252 1142 »
276 1114 393 1145 litteris
409 1113 552 1152 sigillum
575 1118 720 1143 nostrum
732 1136 740 1150 ,
767 1122 829 1143 nna
846 1123 918 1143 cum
938 1113 1043 1152 sigillo
1061 1114 1173 1152 prefati
1191 1114 1248 1144 do-

236 1181 250 1195 »
275 1169 357 1197 mini
377 1168 509 1197 Henrici
531 1167 569 1196 de
590 1167 724 1202 Villars,
743 1167 894 1196 duximus
912 1168 1150 1206 apponendum.
1175 1168 1245 1197 Dat.

236 1234 250 1249 »
275 1222 327 1251 die
343 1221 515 1258 dominica,
528 1221 561 1250 in
578 1222 718 1250 crastino
736 1221 805 1250 festi
823 1221 1007 1250 Nativitatis
1025 1221 1108 1251 beati
1123 1221 1247 1251 Johau-

236 1287 249 1302 ι)
275 1276 326 1304 nis
344 1275 494 1314 Baptiste,
514 1283 599 1304 anno
617 1274 749 1304 Domini
767 1278 975 1304 M⁰CC⁰Lxxxx⁰.

276 1340 289 1355 ι)
315 1329 421 1367 Hujus
446 1328 545 1366 igitur
573 1327 716 1357 mandati
740 1327 905 1366 apostolici
930 1337 965 1358 ac
989 1328 1247 1359 submissionum

235 1394 249 1409 n
275 1383 412 1420 partium
440 1381 657 1420 predictarum
679 1381 878 1417 auctoritate,
905 1382 1020 1412 virtute
1044 1387 1075 1412 et
1097 1386 1247 1421 potestate

238 1447 249 1461 n
274 1434 409 1470 suffulti,
421 1434 461 1464 ad
474 1434 711 1465 ordinationem
727 1438 758 1464 et
770 1435 1032 1473 compositionem
1045 1435 1129 1465 inter
1143 1439 1246 1474 partes

235 1500 250 1514 »
274 1488 432 1526 predictas
447 1488 659 1527 processimus
674 1488 705 1516 in
724 1487 811 1517 hunc
824 1488 967 1518 modum.
985 1488 1023 1517 In
1040 1489 1152 1527 primis
1165 1489 1246 1518 dici-

236 1554 249 1568 »
274 1550 357 1577 mus,
376 1541 635 1580 pronuntiamus,
653 1541 860 1577 arbitramur,
881 1541 1060 1579 laudamus,
1077 1543 1245 1572 statuimus

235 1607 249 1622 η
274 1600 304 1625 et
329 1595 519 1625 ordinamus
540 1604 576 1625 ac
602 1595 699 1624 etiam
724 1595 918 1631 diffinimus,
945 1595 1004 1625 sub
1031 1596 1133 1634 penis,
1154 1597 1244 1635 jura-

232 1658 248 1677 »
273 1649 391 1679 mentis
418 1653 448 1678 et
473 1648 721 1687 obligationibus
753 1649 888 1678 iuferius
917 1649 1130 1686 annotandis,
1161 1651 1245 1689 qnod

235 1714 248 1729 n
272 1702 424 1741 deinceps
443 1703 482 1732 sit
499 1707 528 1732 et
550 1711 618 1732 esse
639 1702 752 1732 debeat
770 1702 855 1731 inter
870 1702 1048 1740 predictum
1067 1703 1244 1742 archiepis-

235 1767 249 1782 »
273 1764 388 1795 copum
406 1760 436 1785 et
455 1755 631 1794 capitulum
647 1760 677 1785 et
699 1756 896 1794 supradictos
913 1765 1025 1786 omnes
1048 1761 1078 1786 et
1100 1757 1244 1795 singulos

234 1821 248 1837 ι
272 1818 347 1838 vera
363 1818 420 1847 pax
438 1814 468 1839 et
486 1809 579 1838 firma
594 1809 779 1845 concordia,
801 1814 831 1839 et
851 1809 937 1839 zelus
956 1810 1095 1847 sincere,
1113 1815 1245 1849 paterne

233 1875 248 1890 v>
271 1872 307 1892 ac
330 1862 440 1892 filialis
456 1862 636 1892 dilectionis
657 1867 686 1892 et
702 1862 816 1892 intime
832 1863 974 1893 caritatis
990 1868 1020 1893 et
1038 1864 1244 1902 precordialis

233 1928 246 1944 »
272 1916 513 1955 tranquillitatis
538 1916 623 1945 inter
645 1924 697 1946 eos
717 1916 838 1955 Jugiter
864 1916 1060 1953 observetur,
1086 1917 1131 1947 ita
1159 1918 1244 1957 quod

231 1981 246 1996 1>
270 1969 356 2008 pacis
375 1974 405 1999 et
423 1969 603 1999 dilectionis
620 1969 838 2008 tranquillitas
854 1971 956 2009 sopiat
969 1971 1054 2009 quod
1070 1971 1242 2002 dissentio-

234 2035 246 2049 „
272 2031 351 2052 num
381 2027 411 2052 et
441 2023 672 2053 discordiarum
702 2023 868 2053 calamitas
902 2024 1124 2054 introduxerat
1158 2026 1244 2056 inter

233 2087 246 2103 n
272 2080 375 2114 partes
391 2075 557 2115 predictas.
579 2076 627 2105 Ita
642 2076 727 2114 quod
751 2081 813 2106 tam
830 2076 1086 2117 archiepiscopus
1102 2083 1132 2108 et
1147 2079 1242 2109 fami-

232 2141 246 2155 »
271 2128 367 2158 liares
383 2129 485 2167 ipsius
507 2138 604 2167 quam
626 2129 759 2167 predicti
775 2138 887 2160 omnes
907 2135 938 2160 et
962 2131 1139 2162 familiares
1155 2132 1240 2171 ipso-

232 2194 246 2209 »
270 2191 343 2211 rum
360 2183 394 2211 in
411 2183 536 2212 sincera
551 2182 721 2213 dilectione
737 2186 768 2212 et
782 2183 914 2214 caritate
931 2188 995 2213 tam
1011 2184 1242 2225 archiepiscopi

231 2247 246 2263 υ
269 2245 366 2275 quam
382 2236 496 2265 decani
516 2241 545 2266 et
563 2236 695 2275 capituli
720 2241 751 2266 et
772 2237 920 2267 omnium
940 2238 1156 2276 predictorum
1178 2241 1244 2270 sint

231 2300 246 2316 ν)
271 2294 300 2319 et
317 2289 511 2319 reducantur
529 2290 681 2325 totaliter,
707 2294 797 2329 prout
814 2295 905 2320 erant
925 2296 1000 2321 ante
1022 2301 1119 2331 qnam
1136 2299 1243 2323 essent

233 2354 247 2369 n
272 2342 310 2372 de
327 2342 449 2372 familia
463 2343 694 2382 archiepiscopi
714 2348 745 2373 et
761 2343 991 2382 predictorum,
1009 2349 1040 2374 et
1054 2350 1128 2375 ante
1144 2355 1241 2385 quam

232 2407 246 2422 n
270 2395 309 2426 de
328 2386 500 2434 ¹premissis
523 2401 592 2426 orta
614 2401 695 2427 esset
725 2397 887 2427 discordia
908 2398 992 2428 inter
1016 2404 1131 2438 partes.
1159 2401 1242 2431 Item

232 2460 246 2476 υ
270 2448 421 2485 dicimus,
438 2450 696 2487 pronuntiamus,
713 2450 906 2488 diffinimus,
924 2452 1123 2490 ordinamus,
1140 2454 1242 2484 modi-

231 2514 245 2528 »
269 2502 402 2532 ficamus
415 2503 675 2541 jurisdictionem
693 2504 900 2543 temporalem
917 2509 947 2534 et
965 2506 1033 2544 ejus
1052 2507 1241 2538 exercitium

231 2567 245 2582 n
269 2555 304 2585 in
331 2556 456 2585 civitate
488 2556 700 2594 Lugdunensi
730 2562 871 2596 spectare
899 2558 937 2588 ad
964 2559 1241 2600 archiepiscopum

231 2619 245 2635 ι
269 2616 325 2647 pro
341 2608 464 2638 duabus
482 2609 642 2647 partibus,
662 2615 692 2639 et
709 2611 747 2640 ad
766 2610 942 2649 capitulum
959 2620 1015 2650 pro
1032 2613 1123 2642 tertia
1142 2618 1239 2653 parte,

230 2672 244 2689 ι
269 2670 326 2700 pro
340 2661 593 2700 indiviso‚juxta
606 2663 735 2693 modum
753 2664 890 2694 inferius
905 2670 1105 2703 annotatum,
1119 2667 1242 2698 ratione

231 2727 244 2742 n
265 2715 349 2754 juris
365 2715 450 2753 quod
471 2715 556 2745 idem
578 2716 754 2754 capitulum
775 2726 793 2747 a
809 2718 972 2756 quondam
988 2721 1102 2750 comite
1120 2720 1241 2751 Foresii

231 2779 245 2795 »
269 2768 461 2807 acquisivit,
493 2774 523 2798 et
553 2769 748 2799 Comitatnm
779 2771 950 2810 appellant.
982 2773 1061 2802 Item
1089 2773 1238 2811 dicimus,

230 2833 244 2849 »
270 2823 529 2861 pronuntiamus,
547 2822 735 2860 diffinimus,
757 2828 912 2864 utsupra,
931 2834 971 2855 ne
987 2827 1106 2856 subditi
1121 2828 1240 2857 astrin-

229 2886 244 2902 »
267 2880 385 2913 gantur
401 2885 456 2915 per
474 2875 593 2914 plures,
611 2877 695 2915 quod
714 2886 777 2907 una
792 2878 858 2908 sola
875 2880 915 2908 sit
932 2880 1020 2909 curia
1035 2881 1188 2911 secularis
1204 2882 1237 2911 in

230 2940 243 2955 a
265 2929 394 2959 civitate
417 2929 627 2967 Lugdunensi
650 2930 801 2969 predicta,
828 2936 858 2961 et
879 2933 1067 2963 exercitium
1088 2935 1239 2973 jurisdic-

230 2993 243 3009 π
268 2982 363 3012 tionis
393 2982 535 3021 ejusdem
569 2983 609 3013 sit
639 2983 867 3024 archiepiscopi
896 2990 926 3015 et
953 2986 1083 3025 capituli
1113 2988 1238 3026 predic-

1339 380 1350 392 »
1378 372 1494 404 torum,
1510 374 1601 407 prout
1617 369 1752 399 iuferius
1767 369 1956 405 declaratur,
1976 371 2019 400 ita
2032 371 2116 410 quod
2129 372 2217 402 curia
2233 381 2341 412 supra·
2389 394 2391 417 ξ

1338 432 1351 445 1>
1374 421 1455 450 dicta
1477 422 1599 451 ratione
1619 422 1759 451 exercitii
1771 422 2007 461 jurisdictionis
2023 423 2162 462 predicte
2177 425 2339 459 ordinetur

1338 485 1350 499 n
1375 473 1434 503 hoc
1451 474 1544 505 modo
1563 485 1569 505 :
1591 475 1744 505 Videlicet
1761 475 1845 514 quod
1863 476 1966 515 primo
1986 485 2072 506 anno
2088 482 2254 516 postquam
2270 489 2338 518 pre..

1338 539 1350 551 n
1376 535 1449 556 sens
1464 527 1623 557 ordinatio
1636 528 1669 557 in
1687 528 1895 566 Lugdunensi
1913 529 2044 559 ecclesia
2062 530 2157 560 fuerit
2172 531 2337 574 publicata,

1338 592 1350 606 n
1375 580 1479 610 dictus
1493 581 1752 620 archiepiscopus
1766 583 1822 621 qui
1833 587 1890 617 est,
1904 583 1998 620 etqui
2014 591 2068 621 pro
2083 587 2222 622 ternpore
2233 585 2338 626 fuerit,

1338 645 1350 659 n
1374 643 1430 672 per
1453 643 1485 663 se
1509 634 1557 664 vel
1580 643 1634 673 per
1649 634 1749 664 alium
1774 635 1832 673 ipsi
1850 635 1940 665 curie
1959 637 2137 666 corearinm
2154 638 2340 677 acjudicem

1337 700 1349 711 ι»
1375 687 1521 716 instituat
1540 689 1572 717 iu
1593 688 1730 727 capitulo
1748 688 1968 726 Lugdunensi,
1987 690 2140 728 requisito
2159 690 2192 719 in
2212 692 2340 724 comuni

1338 753 1348 765 n
1374 740 1508 770 consilio
1522 746 1551 770 et
1567 741 1802 771 interveniente
1819 742 1988 772 concordia
2006 742 2136 772 illorum
2153 745 2207 782 qui
2225 753 2339 777 conve-

1336 807 1349 820 ν
1375 795 1483 824 nerint
1503 795 1536 823 iu
1561 795 1672 825 eodem
1700 796 1739 824 ad
1764 796 1960 826 vocatiouem
1984 797 2114 836 capituli
2141 806 2229 828 more
2250 798 2341 832 solito

1336 861 1348 875 n
1374 848 1567 885 faciendam,
1585 849 1633 877 vel
1649 849 1780 887 majoris
1796 849 1893 887 partis
1910 850 2108 880 eorumdem.
2128 850 2165 880 Et
2179 851 2204 880 si
2220 851 2276 882 illo
2289 852 2346 887 dies

1336 914 1348 927 n
1374 910 1436 940 quo
1458 901 1497 931 ad
1524 901 1582 931 hoc
1607 903 1819 932 convenerint
1844 911 1917 933 cum
1940 903 2008 941 ipso
2031 903 2268 943 archiepiscopo
2291 905 2349 938 vel*

1336 967 1348 979 ν
1374 955 1442 994 ejus
1459 955 1609 985 mandato
1629 964 1693 985 non
1712 955 1987 992 concordaverint,
2004 956 2071 995 ipse
2087 957 2350 998 archiepiscopus,

1335 1020 1347 1034 n
1372 1008 1435 1038 alio
1451 1009 1503 1038 die
1519 1009 1551 1038 in
1569 1008 1679 1038 eodem
1696 1009 1834 1047 capitulo
1857 1009 1896 1038 ad
1917 1009 2046 1047 singula
2069 1010 2173 1040 officia
2191 1007 2341 1044 con-earii

1335 1073 1347 1086 »
1372 1066 1402 1091 et
1415 1061 1534 1101 judicis
1551 1051 1696 1099 singulos
1716 1066 1777 1091 tres
1795 1062 1956 1099 nominet,
1979 1063 2017 1092 de
2033 1063 2151 1102 quibus
2165 1064 2340 1103 capitulum

1334 1128 1346 1141 n
1371 1115 1583 1152 concorditer,
1612 1115 1661 1145 vel
1687 1125 1758 1153 pars
1787 1115 1889 1155 ipsius
1914 1116 2016 1155 major
2043 1121 2097 1146 aut
2123 1117 2208 1147 vices
2232 1127 2341 1151 eorum

1334 1181 1346 1194 r>
1371 1178 1504 1207 gerens.
1523 1178 1625 1199 unum
1646 1169 1729 1198 infra
1751 1169 1893 1198 triduum
1910 1178 1928 1199 a
1953 1174 2092 1209 tempore
2111 1171 2342 1204 nominationis>

1333 1236 1346 1249 »
1371 1223 1639 1261 computandum,
1673 1223 1814 1262 predicto
1843 1223 2084 1263 archiepiscopo
2110 1229 2257 1263 presente
2290 1225 2340 1258 vel

1333 1289 1345 1302 »
1371 1276 1521 1306 mandato
1545 1277 1625 1315 ejus,
1653 1286 1748 1315 quem
1776 1277 1807 1305 in
1834 1277 1900 1315 ipso
1918 1277 2056 1315 capitulo
2084 1277 2232 1308 instituat
2254 1278 2356 1312 idem,

1332 1342 1345 1356 1»
1370 1330 1627 1369 archiepiscopus
1651 1329 1698 1359 vel
1724 1331 1793 1369 ejus
1814 1330 2001 1360 mandatum
2023 1331 2056 1360 in
2075 1331 2180 1361 officio
2197 1331 2237 1361 ad
2256 1320 2356 1372 quo&

1333 1396 1344 1410 ι
1371 1384 1466 1413 fuerit
1483 1383 1590 1414 taliter
1609 1389 1818 1423 presentatus
1840 1384 1877 1414 Et
1894 1384 1921 1414 si
1938 1385 2045 1414 forsan
2063 1384 2166 1424 aliqui
2180 1385 2220 1415 de
2236 1375 2357 1418 nomi-⁸

1328 1447 1344 1464 ν)
1368 1438 1453 1467 natis
1471 1438 1511 1467 ab
1536 1438 1605 1477 ipso
1630 1437 1869 1477 archiepiscopo
1890 1448 1945 1477 per
1961 1439 2082 1468 dictum
2099 1439 2272 1478 capitulum
2289 1438 2358 1473 vel-¹

1331 1504 1344 1518 n
1369 1496 1491 1530 partem
1516 1492 1673 1530 majorem
1698 1500 1832 1521 numero
1856 1491 1903 1521 vel
1927 1492 2012 1521 vices
2032 1500 2141 1522 eorum
2162 1497 2354 1533 gerentem,-

1331 1557 1344 1570 ν
1369 1550 1403 1574 ut
1425 1545 1633 1583 premittitur,
1652 1545 1737 1574 infra
1757 1545 1901 1574 triduum
1918 1547 2118 1583 presentatus
2142 1554 2207 1576 non
2230 1546 2341 1586 fuerit„

1331 1611 1343 1624 ι)
1367 1595 1643 1636 archiepiscopus,
1663 1596 1769 1636 elapso
1788 1597 1928 1636 predicto
1949 1597 2070 1634 triduo,
2088 1597 2121 1627 in
2141 1597 2196 1628 illo
2211 1598 2251 1629 de
2267 1607 2353 1638 pre-ffr

1331 1664 1342 1677 n
1368 1651 1462 1681 dictis
1489 1651 1603 1680 officiis
1629 1650 1669 1680 ad
1691 1650 1774 1689 quod
1800 1651 1994 1689 presentatio
2015 1651 2096 1681 facta
2120 1660 2184 1682 non
2211 1637 2354 1688 erit,uG·'

1330 1718 1342 1732 n
1367 1713 1474 1744 supra,
1491 1704 1661 1735 officialem
1678 1713 1782 1734 unum
1796 1704 1834 1733 de
1851 1704 1953 1734 tribus
1967 1705 2144 1734 nominatis
2161 1705 2201 1735 ab
2216 1705 2284 1744 ipso
2300 1714 2358 1749 eap

1329 1771 1342 1784 η
1367 1758 1434 1787 vice
1452 1766 1507 1797 pro
1529 1767 1587 1787 sua
1609 1757 1756 1787 instituat
1774 1757 1947 1787 voluntate.
1972 1758 2009 1787 Et
2029 1758 2097 1788 vice
2118 1767 2208 1789 versa
2227 1750 2364 1792 eodem,3

1329 1823 1342 1837 ›>
1366 1819 1452 1841 anno
1468 1810 1643 1850 capitulum
1667 1810 1873 1848 sigilliferum
1896 1810 1946 1840 vel
1970 1820 2085 1849 gerens
2101 1812 2185 1842 vices
2203 1788 2366 1866 capituli&

1329 1874 1342 1893 »
1365 1864 1470 1903 quoad
1486 1864 1546 1894 hoc
1561 1864 1721 1901 instituat,
1739 1863 1894 1903 requisito
1909 1864 1943 1894 in
1967 1864 2060 1895 domo
2075 1865 2337 1906 archiepiscopali
2351 1867 2364 1902 ⁴,

1329 1931 1341 1945 ι)
1366 1919 1496 1949 comuni
1516 1926 1693 1954 consensu,
1713 1917 1848 1947 consilio
1866 1922 1896 1947 et
1911 1918 2082 1948 concordia
2100 1907 2368 1961 intervenientes

1330 1985 1340 1998 n
1366 1971 1598 2010 archiepiscopi
1616 1971 1672 2010 qui
1688 1980 1744 2010 pro
1763 1976 1903 2010 tempore
1920 1971 2014 2001 fuerit
2031 1971 2079 2002 vel
2096 1973 2164 2012 ejus
2180 1973 2332 2004 mandati.
2351 1971 2359 1980 “

1328 2038 1341 2051 »
1367 2025 1406 2055 Et
1425 2026 1451 2055 si
1470 2034 1506 2055 ea
1528 2025 1579 2054 die
1599 2033 1661 2063 qua
1677 2033 1772 2064 super
1790 2024 1850 2055 hoc
1869 2025 1988 2055 dictum
2005 2025 2182 2064 capitulum
2198 2026 2248 2057 vel
2266 2027 2334 2066 ejus
2357 2025 2363 2035 ¹

1329 2090 1340 2105 n
1366 2079 1450 2109 vices
1468 2087 1583 2116 gerens
1599 2078 1721 2108 dictum
1742 2077 2019 2117 archiepiscopum
2041 2078 2091 2109 vel
2110 2078 2180 2118 ejus
2201 2079 2334 2111 manda.-
2352 2066 2363 2115 Ξ

1328 2145 1341 2159 »
1367 2137 1435 2162 tum
1462 2141 1558 2171 super
1579 2131 1732 2171 predictis
1755 2132 1962 2171 requisiverit
1986 2132 2053 2172 ipse
2079 2132 2363 2186 archiepiscopus<-

1328 2199 1340 2213 ς)
1366 2185 1415 2216 vel
1434 2187 1503 2225 eJus
1520 2185 1709 2215 mandatum
1727 2194 1802 2216 cnm
1819 2185 1958 2224 capitulo
1977 2186 2168 2216 concordare
2184 2186 2331 2223 noluerit,
2362 2193 2369 2205 ⁹

1328 2252 1340 2266 n
1365 2240 1512 2279 sequenti
1535 2239 1588 2269 die
1610 2238 1784 2278 capitulum
1804 2238 1855 2269 vel
1877 2239 1944 2277 ejus
1967 2239 2053 2269 vices
2068 2239 2241 2277 gerens-ad
2263 2240 2342 2280 offif

1327 2305 1339 2319 n
1365 2294 1450 2323 cium
1467 2292 1629 2331 sigilliferi
1646 2297 1707 2322 tres
1724 2292 1882 2328 nominet,
1896 2292 1935 2321 de
1952 2292 2069 2331 quibus
2084 2292 2119 2322 in
2133 2302 2236 2324 unum
2250 2261 2368 2346 ἰοῦ-ιζ

1327 2359 1339 2373 n
1366 2346 1507 2377 triduum
1519 2355 1537 2375 a
1551 2351 1692 2385 tempore
1703 2345 1934 2376 nominationis
1947 2345 2206 2386 archiepiscopus
2214 2355 2333 2379 memo-
2350 2367 2368 2387 ὦ

1327 2412 1339 2425 »
1364 2402 1452 2429 ratus
1467 2398 1518 2429 vel
1534 2399 1602 2438 ejus
1621 2399 1809 2428 mandatum
1828 2399 2018 2435 consentiat,
2040 2404 2070 2430 et
2085 2408 2159 2430 eum
2176 2403 2334 2438 presentet
2349 2396 2364 2447 f

1326 2465 1339 2480 n
1363 2453 1501 2492 capitulo
1514 2452 1564 2483 vel
1575 2453 1645 2492 ejus
1659 2452 1858 2490 mandatum,
1872 2457 1903 2483 et
1914 2452 2090 2492 capitulum
2106 2453 2156 2484 vel
2168 2453 2237 2493 ejus
2251 2454 2333 2485 vices
2351 2463 2362 2507 1

1326 2519 1339 2533 ,ι
1363 2515 1478 2545 gerens
1503 2506 1650 2536 instituat
1673 2506 1707 2535 in
1734 2505 1838 2535 officio
1862 2505 2024 2543 sigilliferi
2049 2506 2089 2536 ad
2116 2506 2202 2546 quod
2230 2505 2333 2538 taliter

1326 2572 1339 2587 ι»
1363 2559 1460 2590 fuerit
1478 2563 1689 2598 presentatus.
1715 2559 1752 2589 Et
1777 2559 1802 2589 si
1826 2559 1960 2589 forsitan
1981 2559 2082 2599 aliqui
2101 2560 2140 2590 de
2156 2559 2332 2591 nominatis
2360 2588 2365 2604 Ι,

1326 2627 1338 2641 n
1362 2614 1483 2653 abipso
1495 2612 1644 2653 capitulo,
1657 2617 1692 2642 ut
1704 2613 1908 2651 premittitur,
1920 2613 1953 2642 in
1965 2613 2070 2643 officio
2080 2613 2240 2652 sigilliferi
2249 2613 2332 2644 infra

1325 2681 1338 2694 n
1362 2667 1449 2697 diem
1467 2667 1608 2697 triduum
1632 2667 1671 2696 ab
1687 2666 1755 2705 ipso
1773 2666 2010 2705 archiepiscopo
2033 2666 2083 2697 vel
2098 2668 2167 2706 ejus
2182 2667 2330 2698 mandato

1325 2734 1338 2748 ι
1363 2726 1563 2760 presentatus
1581 2729 1645 2751 non
1668 2720 1767 2750 fuerit
1783 2719 1939 2759 capitulo,
1961 2720 2072 2750 eodem
2091 2720 2198 2751 triduo
2213 2721 2328 2760 elapso,

1325 2787 1337 2801 n
1363 2775 1396 2804 in
1413 2774 1497 2805 dicto
1512 2774 1617 2804 officio
1632 2773 1795 2812 sigilliferi
1811 2782 1913 2804 uuum
1930 2773 1969 2803 de
1987 2773 2088 2804 tribus
2101 2774 2275 2805 nominatis
2289 2773 2330 2805 ab
2347 2791 2350 2795 ⁴

1324 2840 1337 2854 1>
1362 2827 1431 2867 ipso
1457 2827 1594 2866 capitulo
1619 2827 1829 2865 sigilliferum
1854 2826 1965 2856 eadem
1991 2827 2059 2857 vice
2083 2827 2259 2866 capitulum
2280 2825 2329 2858 vel

1324 2893 1337 2908 ι
1362 2882 1431 2921 ejus
1447 2881 1531 2911 vices
1546 2889 1663 2919 gerens
1681 2889 1737 2919 pro
1753 2889 1811 2910 sua
1826 2880 1973 2910 instituat
1989 2879 2163 2911 voluntate.
2183 2879 2328 2910 Secundo
2366 2905 2371 2914 .

1322 2947 1333 2960 ι
1362 2943 1436 2964 vero
1459 2943 1545 2964 anno
1568 2934 1825 2973 archiepiscopus
1847 2933 2044 2964 correarium
2071 2938 2102 2963 et
2123 2933 2327 2972 sigilliferum
2348 2960 2350 2962 .

1323 3000 1336 3015 n
1361 2988 1463 3019 modis
1479 2988 1625 3018 instituat
1639 2987 1786 3027 superius
1802 2987 1968 3024 enarratis
1986 2991 2017 3017 et
2033 2986 2210 3025 capitulum
2225 2995 2280 3026 per
2293 2993 2327 3016 εο
