2393 3496
897 301 1150 348 QUATRIEME
1172 300 1329 340 ANNEE.
2101 313 2155 343 861

115 380 361 411 641043414
399 378 758 413 Sainte-Marie-Majeure,
777 380 815 405 1er
831 378 934 405 sevrier
951 377 1027 404 1292.

109 442 313 477 Indulgentiae.
331 441 411 473 (Res.
429 441 472 471 46,
490 449 515 467 c.
532 440 605 468 6702.
623 441 641 468 s.
661 441 709 468 133
725 443 778 474 vo.)

117 544 268 574 Universz's
288 542 401 572 Christi
419 543 559 579 fidelibus
577 548 724 580 presentes
745 544 864 572 litteras
880 543 1072 581 inspecturis.

77 595 312 634 Indulgentiam
336 595 434 625 unius
459 596 536 624 anni
556 601 586 625 et
614 605 652 625 xi.
679 596 805 626 dierum
831 595 975 626 concedit
999 595 1075 624 visi-

76 650 212 681 tantibus
239 648 393 687 capellam
419 658 515 687 quam
546 673 564 678 ..
594 658 647 678 rex
672 650 861 687 Norwegiae
888 650 922 678 in
950 648 1076 678 civitate

77 701 231 741 Bergensi
253 701 292 730 ad
315 701 470 731 honorem
492 705 618 731 sanctae
636 702 738 731 crucis
757 706 940 732 construere
957 701 1077 739 incepit

76 760 106 786 et
116 756 150 785 in
163 763 226 793 qua
239 754 411 793 quamdam
426 758 547 792 partem
564 763 698 784 coronae
711 754 841 793 spineae
857 754 1077 793 Redemptoris

75 813 106 839 et
121 807 200 838 alias
215 806 414 836 venerabiles
431 806 596 845 reliquias,
617 816 694 845 quas
713 807 780 846 ipse
798 817 850 837 rex
868 808 973 843 babet,
990 807 1076 836 desi-

75 862 162 892 derat
177 859 344 898 collocari,
363 860 397 889 in
415 859 642 889 festivitatibus
660 864 786 890 sanctae
802 861 923 897 crucis,
940 869 995 898 per
1010 864 1078 889 octo

76 914 143 944 dies
163 917 331 952 sequentes
353 917 384 942 et.
403 913 436 942 in
457 913 679 943 anniversario
696 913 748 943 die
766 913 975 943 dedicationis
993 913 1078 951 ejus-

75 967 146 998 dem
162 966 309 1005 capellae.

115 1033 129 1048 α
147 1020 233 1050 Licet
248 1019 276 1049 is
291 1019 368 1049 de...
384 1036 425 1042 —
441 1020 512 1050 Dat.
531 1020 650 1056 Rome,
670 1019 754 1058 apud
770 1019 919 1049 Sanctam
942 1019 1077 1048 Mariam

76 1073 235 1113 Majorem,
253 1072 399 1102 kalendis
415 1072 581 1109 februarii,
597 1081 684 1102 anno
702 1078 822 1111 quarto.
845 1085 857 1099 n

407 1152 765 1187 Sainte-Marie-Majeure,
779 1154 794 1180 5
809 1153 912 1180 ievrier
928 1153 1005 1179 1229‘2.

113 1217 149 1246 In
166 1225 194 1246 e.
213 1225 270 1253 m.,
284 1224 340 1255 pro
356 1215 487 1246 ecclesia
501 1216 610 1246 Sancti
625 1216 771 1246 Severini
788 1215 1030 1254 burdegalensi,
1044 1215 1079 1244 in

73 1276 206 1311 quatuor
221 1270 332 1300 beatae
348 1270 469 1299 Mariae
486 1273 515 1299 et
531 1269 562 1300 S.
582 1270 668 1299 Petri
686 1269 925 1306 festivitatibus,
943 1279 997 1308 per
1012 1273 1080 1299 octo

75 1325 141 1355 dies
161 1328 331 1362 sequentes
353 1328 382 1353 et
403 1323 437 1352 in
459 1323 680 1352 anniversario
700 1323 751 1352 die
770 1323 976 1353 dedicationis
995 1324 1080 1361 ejus-

75 1378 146 1408 dem
161 1376 322 1407 ecclesiae.
339 1377 410 1406 Dat.
430 1377 568 1412 Romae,
588 1377 671 1415 apud
689 1377 837 1406 Sanctam
857 1377 992 1406 Mariam
1011 1377 1080 1406 Ma-

71 1431 184 1470 jorem,
203 1431 296 1460 nonis
312 1430 475 1467 februarii,
493 1438 579 1459 anno
596 1433 718 1468 quarto.
736 1430 793 1468 (En
810 1429 942 1469 marye.)

379 1509 739 1544 Sainte-Marie-Majeure,
756 1510 789 1536 ‘28
802 1510 915 1544 janvier
933 1509 1008 1536 1292.

115 1574 154 1604 In
169 1582 196 1603 e.
214 1582 258 1603 m.
272 1597 279 1610 ,
297 1581 352 1612 pro
368 1572 500 1603 ecclesia
519 1572 626 1602 Sancti
643 1573 774 1610 Georgii
791 1573 829 1602 de
846 1572 1005 1609 Hazuelo,
1023 1572 1082 1602 Ca-

78 1627 292 1666 lagurritanae
315 1626 485 1661 dioecesis,
509 1626 542 1654 in
564 1630 699 1664 quatuor
720 1626 829 1655 beatae
852 1626 971 1655 Mariae
997 1630 1026 1655 et
1049 1625 1081 1655 S.

78 1680 205 1718 Georgii
230 1679 456 1709 festivitatibus
482 1684 511 1708 et
537 1688 591 1718 per
617 1684 686 1709 octo
714 1679 781 1708 dies
805 1684 985 1717 sequentes.
1011 1679 1081 1708 Dat.

80 1735 210 1770 Romae,
226 1733 311 1772 apud
327 1733 475 1763 Sanctam
494 1733 629 1762 Mariam
647 1734 813 1772 Majorem,
832 1743 851 1759 v
867 1732 1021 1762 kalendas
1038 1733 1082 1762 fe-

79 1786 213 1822 bruarii,
229 1794 314 1816 anno
329 1791 452 1824 quarto.
473 1786 576 1824 (laid.)

118 1841 157 1870 In
182 1849 209 1870 e.
237 1849 301 1875 m.,
325 1848 382 1878 pro
407 1839 540 1869 ecclesia
565 1840 680 1869 Beatae
705 1840 823 1869 Mariae
846 1839 884 1869 de
904 1839 1081 1876 Sangossae

79 1893 336 1932 Pampilonensis
365 1893 535 1930 dioecesis,
559 1893 592 1922 in
615 1897 751 1932 quatuor
775 1893 885 1923 beatae
908 1893 1028 1923 Mariae
1055 1896 1086 1922 et

79 1946 111 1977 S.
139 1946 300 1977 Johannis
332 1946 490 1985 Baptistae
522 1946 747 1976 festivitatibus
777 1951 806 1975 et
836 1955 890 1984 per
918 1951 987 1976 octo
1018 1946 1084 1976 dies

79 2004 256 2039 sequentes.
280 2000 353 2029 Dat.
373 2003 528 2037 utsupra.
549 1999 647 2038 (lbid.)

378 2077 737 2112 Sainte-Marie-Majeure,
757 2078 786 2104 31
802 2079 916 2112 J'anvier
936 2077 1014 2105 1292.

119 2141 156 2171 In
172 2150 198 2171 e.
216 2149 259 2170 m.
275 2140 421 2170 eamdem
439 2140 678 2178 indulgentiam
695 2141 840 2170 concedit
854 2141 893 2170 iis
910 2141 965 2180 qui
982 2163 1001 2170 ..
1019 2149 1085 2170 rec-

83 2195 139 2226 tori
161 2199 191 2225 et
212 2194 362 2224 fratribus
385 2193 552 2232 hospitalis
574 2193 772 2232 leprosorum
794 2193 903 2224 Sancti
924 2194 1028 2223 Lazari
1049 2193 1086 2223 de

82 2248 216 2285 Robore,
229 2247 457 2278 Foroliviensis
469 2247 633 2283 dioecesis,
648 2256 781 2276 manum
793 2247 934 2277 caritatis
945 2255 1087 2285 porrexe-
1110 2252 1112 2254 ’

83 2301 159 2332 rint.
179 2301 368 2331 Praesentes
385 2300 467 2330 mitti
484 2309 539 2339 per
555 2300 773 2339 quaestuarios
792 2308 855 2329 non
874 2304 1014 2338 possunt.

123 2367 137 2382 «
154 2354 314 2391 Quoniam
331 2359 364 2385 ut
379 2354 459 2384 ait...
477 2371 515 2375 —
533 2354 603 2383 Dat.
622 2355 734 2390 Rome,
753 2353 837 2392 apud
853 2353 1003 2382 Sanctam
1020 2352 1087 2381 Ma-

83 2409 165 2440 riam
190 2409 366 2448 Maj0rem,
391 2417 411 2437 11
439 2407 594 2437 kalendas
620 2407 788 2443 februarii,
815 2415 901 2436 anno
924 2409 1045 2444 quarto.
1072 2418 1086 2432 »

82 2462 186 2502 (Ibid.)

153 2647 274 2677 8415

121 2709 251 2737 Facultas
265 2709 432 2736 conferendi
447 2708 595 2735 beneficia.
615 2707 697 2741 (Rea.
716 2707 759 2740 46,
777 2715 802 2734 c.
820 2706 880 2737 671,
898 2706 917 2732 f.
938 2706 984 2732 134
1001 2708 1048 2738 1'0.)

384 2645 746 2680 Sainte-Marie-MaJ'eure,
766 2645 922 2679 12janvie1-
939 2644 1017 2671 1292.

130 2848 148 2855 ..
174 2827 304 2864 episcopo
324 2824 534 2863 Andeyavensi
552 2823 734 2853 facultatem
754 2822 900 2853 concedit
919 2820 1091 2860 recipiendi

88 2878 136 2908 vel
155 2878 292 2908 faciendi
310 2878 408 2917 recipi
426 2877 506 2907 duas
524 2886 674 2916 personas
694 2876 728 2905 in
745 2875 914 2906 canonicos
934 2879 963 2904 et
980 2874 1093 2903 fratres

88 2931 122 2961 in
139 2931 364 2969 Andegavensi
381 2931 514 2961 ecclesia
531 2935 561 2960 et
577 2928 766 2969 providendi
783 2928 910 2967 utrique
929 2936 1038 2958 earum
1054 2926 1093 2956 de

88 2984 276 3023 praebenda.

1198 388 1210 402 α
1237 376 1280 406 Ut
1303 385 1339 407 eo
1355 377 1510 414 gratior...
1535 393 1573 399 -—
1594 378 1663 407 Dat.
1682 378 1803 414 Rome,
1822 378 1907 417 apud
1925 378 2074 409 Sanctam
2094 380 2160 409 Ma-

1157 429 1237 459 riam
1255 430 1421 469 Majorem,
1441 440 1461 460 11
1477 430 1548 460 idus
1564 431 1716 470 januarii,
1733 440 1818 462 anno
1833 436 1955 471 quarto.
1976 444 1987 457 ι»

1198 602 1449 631 6416-8412
1490 602 1850 638 831ιηθ-Μειιήε-ΙΝΙΒᾸΕΠι-ο,
1871 605 1901 630 17
1915 604 2027 638 janvier
2044 604 2121 632 1292.

1194 663 1312 690 Collatio
1329 664 1459 691 beneficii
1479 669 1508 691 et
1524 665 1701 700 dispensatio
1722 674 1809 701 super
1830 666 1989 701 pluralitate
2008 666 2164 693 beneficio-

1159 719 1233 739 rum.
1250 711 1333 745 (Rsn.
1352 712 1393 744 46,
1411 721 1436 739 c.
1454 714 1515 746 672,
1533 714 1552 740 f.
1569 715 1617 741 134
1634 715 1682 747 1¹⁰.)

1200 813 1342 850 Mayistro
1371 814 1553 851 Berenyart'o
1580 816 1717 852 Fredoli,
1745 817 1846 846 abbati
1874 818 2020 847 secularis
2050 819 2166 847 ecclesie

1160 865 1264 895 Sancti
1288 867 1445 903 Alfrodisii
1475 867 1671 905 Biterrensis‚
1702 870 1855 906 capellano
1885 876 1998 900 nostro.
2029 870 2166 900 Abbatia

1161 918 1310 948 ecclesiae
1349 919 1457 949 Sancti
1492 920 1660 950 Affrodisii
1699 921 1893 951 Biterrensis
1935 932 1990 961 per
2031 927 2166 953 mortem

1161 971 1247 1001 Petri
1273 972 1403 1002 Vesiani
1437 978 1586 1010 vacante,
1611 973 1692 1003 duae
1726 974 1760 1004 in
1792 983 1829 1004 ea
1860 974 2046 1011 electiones,
2078 976 2165 1006 scili—

1161 1029 1210 1055 cet
1239 1025 1337 1055 altera
1365 1025 1404 1055 de
1437 1026 1588 1064 magistro
1618 1027 1781 1057 Bernardo
1819 1027 1856 1057 de
1883 1028 1991 1065 Fisco,
2019 1038 2167 1067 praecen-

1163 1083 1226 1107 tore
1247 1078 1440 1108 Biterrensis
1458 1079 1626 1116 ecclesiae,
1646 1079 1746 1110 altera
1763 1080 1802 1110 de
1823 1081 1985 1111 Bernardo
2003 1081 2166 1117 Gnitardi,

1162 1131 1313 1162 ecclesiae
1338 1132 1447 1162 Sancti
1472 1132 1638 1163 Affrodisii
1660 1134 1806 1170 sacrista,
1832 1134 1866 1163 in
1891 1134 2049 1164 discordia
2073 1135 2170 1165 sactae

1161 1187 1306 1222 suerunt;
1319 1194 1414 1215 causa
1430 1195 1503 1216 vero
1518 1186 1557 1216 ad
1573 1186 1777 1226 apostolicam
1794 1187 1901 1217 sedem
1919 1188 2077 1225 devoluta,
2098 1189 2170 1218 Ber-

1163 1239 1282 1269 nardns
1310 1238 1496 1268 electionem
1520 1239 1559 1269 de
1581 1249 1614 1269 se
1636 1240 1750 1270 saetam
1775 1249 1838 1270 non
1862 1245 2046 1279 prosecutus
2068 1245 2114 1270 est
2141 1245 2170 1270 et

1164 1292 1213 1327 B.‚
1236 1292 1346 1322 Sancti
1370 1293 1502 1322 Martini
1524 1293 1557 1322 in
1579 1293 1740 1323 Montibus
1763 1294 1946 1332 presbyter,
1968 1299 2043 1324 tunc
2063 1294 2169 1324 Sancti

1164 1346 1288 1375 Nicolai
1304 1347 1337 1375 in
1353 1345 1487 1376 Carcere
1506 1345 1653 1376 Tulliano
1672 1346 1825 1376 diaconus
1841 1347 2028 1384 cardinalis,
2045 1347 2173 1377 auditor

1163 1408 1293 1435 causae,
1314 1399 1502 1429 electionem
1523 1399 1561 1429 de
1584 1400 1748 1430 Bernardo
1766 1400 1913 1430 Gnitardi
1935 1401 2049 1430 iactam
2067 1409 2170 1430 cassa-

1163 1453 1220 1482 vit.
1239 1453 1333 1482 Nunc
1349 1452 1457 1490 itaque
1473 1461 1552 1490 papa
1569 1453 1713 1482 eamdem
1731 1453 1903 1489 abbatiam,
1919 1454 2172 1483 consideratione

1164 1506 1215 1542 G.‚
1236 1506 1424 1535 Sabinensis
1440 1506 1588 1544 episcopi,
1606 1510 1635 1535 et
1651 1507 1781 1544 praelati
1797 1507 1987 1543 cardinalis,
2008 1507 2170 1544 Berenga-

1165 1560 1211 1589 rio
1224 1558 1349 1588 Fredoli
1365 1559 1498 1594 confert,
1509 1559 1736 1598 dispensatque
1752 1568 1824 1589 cnm
1839 1568 1875 1589 eo
1890 1564 1923 1589 ut
1938 1569 2007 1589 eam
2023 1568 2086 1589 uua
2099 1568 2171 1589 cum

1164 1612 1425 1642 archidiaconatu
1450 1612 1671 1647 Corbariensi,
1695 1613 1874 1651 praebenda
1893 1613 1926 1642 in
1947 1613 2169 1649 Narbonensi,

1167 1665 1383 1703 succentoria,
1403 1674 1485 1703 quae
1509 1665 1643 1704 simplex
1667 1666 1809 1695 officium
1833 1675 1886 1696 seu
1911 1666 2104 1696 beneficium
2128 1675 2173 1695 re-

1165 1723 1311 1757 putatur,
1333 1722 1362 1747 et
1388 1719 1576 1748 canonicatu
1603 1719 1635 1748 in
1660 1719 1834 1748 Biterrensi
1862 1719 2022 1755 ecclesiis,
2047 1728 2171 1749 necnon

1166 1772 1273 1801 Sancti
1292 1771 1452 1801 Johannis
1470 1771 1509 1801 de
1525 1772 1667 1802 Cncullis
1684 1776 1714 1802 et
1729 1772 1838 1802 Sancti
1855 1772 2024 1802 Saturnini
2041 1773 2080 1802 de
2096 1774 2172 1802 Am-

1166 1825 1309 1864 bayrano
1334 1824 1495 1861 ecclesiis,
1525 1825 1718 1855 Biterrensis
1741 1830 1770 1855 et
1794 1826 2032 1864 Magalonensis
2055 1826 2172 1856 dioece-

1168 1878 1270 1915 sium,
1290 1878 1477 1907 canonicatu
1498 1878 1531 1907 in
1556 1878 1688 1908 ecclesia
1706 1878 1919 1908 Ambianeusi
1937 1880 1995 1909 snb
2012 1883 2172 1918 exspecta-

1169 1931 1255 1960 tione
1283 1936 1312 1960 et
1336 1930 1527 1969 quibusdam
1556 1931 1763 1970 pensionibus
1788 1932 1907 1961 annuis
1931 1937 1960 1961 et
1982 1932 2115 1962 decimis
2138 1932 2172 1960 in

1169 1985 1336 2015 Ultramon
1344 1985 1425 2014 tanis
1440 1985 1581 2023 partibus
1597 1985 1758 2023 possidere
1774 1985 1886 2015 valeat.

1210 2049 1224 2063 t<
1256 2037 1350 2066 Viros
1376 2036 1553 2066 litterarum
1585 2037 1752 2066 scientia...
1777 2053 1817 2059 -
1845 2038 1915 2066 Dat.
1947 2038 2063 2074 Rome,
2090 2038 2173 2076 apud

1169 2089 1318 2120 Sanctam
1337 2090 1471 2118 Mariam
1489 2090 1654 2128 Maj01em,
1672 2100 1722 2119 xvi
1741 2090 1894 2120 kalendas
1910 2090 2071 2126 februarii,
2089 2099 2174 2120 anno

1168 2147 1291 2181 quarto.
1314 2155 1326 2169 n

1208 2196 1246 2226 In
1262 2205 1288 2226 e.
1307 2205 1350 2225 m.
1369 2217 1390 2224 ..
1403 2196 1507 2225 abbati
1524 2195 1694 2226 saecularis
1711 2196 1819 2226 Sancti
1833 2196 1926 2226 Pauli
1942 2197 2172 2233 Narbonensis,

1172 2272 1191 2278 ..
1219 2249 1367 2278 sacristae
1390 2248 1628 2286 Magalonensis
1658 2248 1864 2278 ecclesiarum
1891 2254 1921 2278 et
1946 2249 2108 2279 Leonardo
2137 2249 2174 2279 de

1170 2302 1291 2339 Flisco,
1312 2302 1466 2332 canonico
1489 2303 1682 2337 Parisiensi,
1705 2302 1868 2341 capellano
1892 2311 1964 2339 suo,
1986 2303 2117 2332 mandat
2144 2308 2175 2332 nt

1171 2355 1402 2392 Berengarium
1422 2355 1470 2385 vel
1488 2360 1725 2394 procuratorem
1744 2357 1813 2394 ejus
1831 2356 1865 2385 in
1887 2355 2082 2394 corporalem
2102 2365 2172 2395 pos-

1170 2407 1345 2437 sessionem
1363 2407 1541 2446 praedictae
1556 2408 1702 2439 abbatiae
1718 2408 1883 2438 inducant.

1242 2566 1361 2594 6418

1208 2628 1434 2654 Instrumentum
1455 2629 1605 2655 confirmat
1625 2638 1681 2664 quo
1701 2630 1850 2663 Andreas,
1868 2631 2022 2665 episcopus
2038 2630 2175 2656 Florenti-

1173 2685 1242 2711 nus,
1260 2680 1329 2703 tuuc
1344 2676 1515 2711 Campaniae
1535 2682 1564 2704 et
1578 2677 1738 2705 Maritimae
1761 2682 1869 2710 rector,
1885 2679 2023 2705 ecclcsiae
2044 2687 2175 2705 romanae

1174 2726 1298 2757 nomine,
1309 2725 1466 2752 aJohanne
1481 2726 1624 2760 quondam
1636 2727 1780 2753 Guillelmi
1796 2727 1830 2753 de
1845 2727 2003 2754 Frusinone
2018 2728 2175 2754 casalinum

1173 2774 1245 2801 infra
1259 2778 1375 2800 mottam
1390 2782 1442 2800 seu
1456 2778 1582 2801 castrum
1592 2775 1763 2802 Frusinonis
1775 2784 1825 2810 pro
1838 2776 1927 2809 pretio
1940 2776 2084 2811 octoginta
2098 2776 2177 2802 libra-

1173 2832 1236 2849 rum
1254 2823 1488 2857 proveniensium
1505 2823 1619 2858 empsit.
1638 2824 1720 2856 (Rae.
1738 2824 1781 2856 46,
1799 2832 1824 2850 c.
1839 2824 1900 2858 673,
1917 2825 1936 2851 s.
1956 2824 2003 2851 134
2022 2825 2069 2856 re.)

1453 2566 1810 2602 Sainte—Marie-Majeurc,
1830 2569 1843 2595 4
1860 2568 2010 2595 decembre
2028 2569 2104 2595 1201.

1217 2925 1325 2954 Dilecto
1350 2925 1414 2961 filio
1438 2924 1573 2954 Johanm·
1592 2926 1744 2963 quondam
1764 2926 1920 2955 Guillelmz'
1938 2926 1971 2954 cle
1992 2926 2176 2960 Frusinone,

1176 2977 1283 3013 militi,
1308 2977 1452 3006 Verulano
1469 2978 1601 3008 diocesis.
