2393 3496
197 329 253 358 816
941 319 1176 353 REGISTRES
1198 318 1253 348 DE
1273 316 1459 347 NICOLAS
1482 318 1538 347 IV.

195 394 404 426 cicestrensis
425 393 596 428 dioecesis,
618 391 650 420 in
675 390 706 421 S.
729 388 895 419 Michaelis
915 393 943 418 et
963 388 994 418 S.
1017 384 1196 416 Eadmundi

194 446 432 480 festivitatibus,
451 455 504 484 per
519 449 587 474 octo
602 443 669 472 dies
687 445 857 480 sequentes
876 444 906 470 et
924 440 957 469 in
974 437 1197 469 anniversario

194 500 247 530 die
263 499 472 530 dedicationis
489 497 630 536 ejusdem
647 494 808 524 ecelesiae.
830 494 898 523 Dat.
915 493 999 531 apud
1017 491 1195 522 Urbemve-

194 557 310 589 terem,
334 562 374 581 xii
399 550 549 580 kalendas
569 548 720 581 octobris,
743 554 828 576 anuo
847 550 970 584 quarto.
993 546 1048 580 (En
1064 542 1196 582 marye.)

234 607 271 636 In
288 614 315 635 e.
336 614 391 639 m.,
412 611 467 641 pro
484 601 616 631 ecclesia
634 601 748 629 Beatae
765 598 956 636 Margaritae
973 597 1011 626 de
1031 595 1194 632 Boestede‚

193 657 398 689 Cicestreusis
409 654 574 689 dioecesis,
587 653 618 681 in
632 657 758 681 sanctae
769 650 958 689 Margaritae
971 655 1000 679 et
1011 654 1193 679 sauctorum

190 710 348 742 Johannis
360 709 516 746 Baptistae
527 705 725 735 etJohaunis
738 704 957 742 Evangelistae
970 702 1193 733 festivitatibus

191 768 221 793 et
235 772 290 802 per
304 767 371 792 octo
388 761 456 790 dies
472 764 650 798 sequentes.
671 759 740 789 Dat.
757 763 791 787 nt
806 767 912 796 supra.
927 756 1033 796 (lbicl.)

671 838 797 870 Orvieto‚
814 838 846 864 ‘27
862 836 1026 872 septembre
1042 835 1120 862 1291.

228 907 264 936 In
287 915 314 936 e.
337 915 394 941 m.,
415 913 470 943 pro
495 904 627 934 ecclesia
645 926 666 933 ..
683 903 852 941 guardiaui
875 906 904 931 et
929 904 1104 931 conventus
1129 899 1191 929 fra-

189 964 271 990 trum
294 959 455 989 minorum
480 958 518 987 de
544 957 803 991 Monterubiauo,
830 956 999 985 Firmanae
1018 954 1190 989 dioecesis,

187 1014 222 1043 in
255 1017 391 1052 quatuor
424 1012 532 1041 beatae
569 1011 704 1046 Mariae,
741 1015 923 1039 sauctorum
958 1007 1120 1038 Francisci
1161 1012 1192 1037 et

185 1066 319 1096 Antonii
346 1071 375 1095 et
398 1070 525 1094 sanetae
544 1064 656 1094 Clarae
674 1063 898 1093 festivitatibus
919 1067 947 1091 et
969 1071 1023 1100 per
1040 1066 1108 1091 octo
1123 1061 1191 1090 dies

183 1123 362 1158 sequentes.
388 1118 456 1147 Dat.
477 1118 559 1156 apud
586 1117 865 1152 Urbemveterem,
891 1125 910 1145 v
928 1114 1082 1145 kalendas
1103 1119 1190 1145 octo-

185 1173 259 1207 bris,
277 1180 362 1201 anuo
378 1176 500 1209 quarto.
518 1170 620 1208 (lbid.;
640 1170 775 1204 Pomm,
794 1168 917 1207 23832.)

226 1227 258 1255 lu
281 1236 307 1255 e.
329 1234 384 1261 m.,
406 1232 460 1262 pro
487 1223 617 1253 ecclesia
639 1247 658 1252 ..
678 1223 845 1260 guardiani
872 1226 902 1251 et
924 1227 1100 1252 conventus
1124 1222 1190 1252 fra-

183 1284 265 1308 trum
286 1279 447 1307 iniuorum
471 1277 508 1306 de
531 1276 807 1313 Moutegrauario,
826 1276 996 1305 Firmanae
1021 1275 1187 1305 dioecesis.

182 1332 285 1370 (1b5‹l.;
308 1332 441 1366 Poma,
466 1329 590 1368 2:5832.)

221 1385 257 1415 Iu
279 1395 306 1413 e.
331 1393 387 1416 m.,
409 1392 463 1422 pro
486 1382 618 1412 ecclesia
638 1406 656 1413 ..
679 1383 848 1420 guardiani
876 1387 905 1412 et
928 1387 1104 1412 conventus
1129 1382 1190 1411 sra-

181 1443 263 1467 trum
281 1438 443 1466 minorum
461 1436 499 1465 de
517 1436 691 1473 Mat-erata,
708 1436 879 1466 Fit-manae
894 1436 1061 1466 dioecesis.
1078 1435 1186 1475 (Ibid.;

181 1493 315 1526 Po'rrn„
335 1490 456 1527 23832.)

656 1563 786 1595 Orvieto,
804 1564 836 1591 ‘26
852 1564 1016 1598 septembre
1038 1563 1114 1590 1291.

218 1631 253 1659 ln
267 1640 294 1659 e.
312 1639 369 1666 m.,
386 1638 440 1668 pro
455 1628 586 1658 ecclesia
599 1652 620 1660 ..
634 1629 805 1666 guardiani
819 1633 850 1658 et
861 1633 1038 1658 conventus
1050 1628 1186 1657 fratrum

174 1684 336 1713 minorum
354 1682 393 1712 de
404 1682 590 1717 Condouiio,
607 1682 815 1720 Agennensis
830 1682 995 1712 dioecesis.
1016 1682 1085 1711 Dat.
1102 1681 1187 1720 apud

177 1737 451 1770 Urbemveterem,
464 1745 494 1765 Vt
511 1735 665 1766 kalendas
682 1736 830 1773 octobris,
848 1744 934 1766 anno
950 1739 1073 1774 quarto.
1085 1735 1185 1773 (Ibid.;

178 1791 313 1826 Po'rTn„
332 1790 456 1828 23829.)

216 1844 253 1873 In
270 1852 297 1873 e.
311 1852 366 1879 m.,
381 1851 435 1882 pro
449 1843 581 1874 ecclesia
596 1863 615 1873 ..
629 1843 800 1880 guardiaui
817 1846 849 1872 et
862 1847 1038 1873 conventus
1053 1843 1187 1872 fratrum

178 1899 339 1928 minorum
357 1897 614 1935 Agennensium.
633 1898 745 1935 (lbid.,·
763 1897 900 1932 vomu„
919 1896 1041 1935 23829.)

653 1976 780 2010 OrvietO,
798 1976 830 2002 27
847 1976 1010 2010 septembre
1031 1976 1105 2003 1291.

217 2039 252 2068 Iu
271 2048 296 2068 e.
322 2048 379 2074 m.,
397 2047 452 2076 pro
471 2038 605 2068 ecelesia
624 2062 643 2068 ..
662 2039 776 2077 prioris
801 2043 830 2068 et
849 2039 983 2068 fratrum
1003 2039 1188 2068 monasterii

176 2092 310 2121 Sanctae
326 2092 437 2121 Crucis
453 2091 491 2121 de
507 2092 659 2128 (jadeum,
674 2100 730 2130 per
747 2091 884 2130 priorem
897 2091 982 2122 soliti
998 2091 1185 2129 gubernari,

178 2145 360 2183 Bajoeensis
383 2145 554 2179 dioecesis,
580 2146 611 2174 iu
635 2150 819 2174 sauctorum
845 2145 1022 2183 Augustini
1041 2145 1186 2175 etTheo-

177 2199 259 2228 baldi
277 2203 306 2227 et
322 2203 448 2227 sanetae
464 2198 579 2228 Crucis
599 2198 826 2228 festivitatibus
845 2204 874 2228 et
894 2208 947 2237 per
965 2203 1033 2229 octo
1052 2199 1119 2229 dies
1135 2207 1187 2228 se—

177 2255 319 2290 quentes.
340 2251 410 2280 Dat.
428 2251 510 2289 apud
527 2251 807 2288 Urbeinveterem,
826 2262 843 2281 v
860 2251 1015 2282 kalendas
1034 2252 1186 2288 octobris,

177 2313 263 2334 anuo
278 2309 400 2342 quarto.
417 2304 518 2343 (mid.)

218 2358 255 2387 In
289 2367 324 2391 e..
351 2367 408 2394 m.,
441 2367 496 2396 pro
529 2358 659 2388 ecelesia
692 2381 712 2388 ..
739 2359 916 2394 'guardiaui
950 2363 979 2388 et
1010 2364 1187 2389 conventus

179 2412 310 2440 fratruiu
344 2412 508 2441 minorum
540 2411 577 2441 de
612 2412 721 2448 Min-0,
750 2412 920 2441 Fit-manae
951 2412 1123 2449 dioecesis,
1151 2412 1186 2442 in

178 2470 313 2503 quatuor
330 2465 437 2494 beatae
451 2465 582 2497 Mariae,
599 2465 630 2494 S.
648 2465 809 2494 Francisci
825 2470 854 2495 et
868 2469 1051 2495 sanctarum
1068 2466 1187 2495 Mariae

179 2517 385 2555 Magdalenae
413 2523 442 2547 et
467 2518 601 2556 Agnetis
628 2518 858 2547 festivitatibus
889 2524 919 2548 et
946 2528 1000 2558 per
1023 2523 1092 2548 octo
1119 2518 1187 2548 dies

177 2576 356 2609 sequentes.
375 2571 446 2600 Dat.
467 2576 498 2600 ut
515 2580 622 2610 snpra.
643 2573 745 2609 (Ibid.;
765 2572 900 2607 Pomm,
918 2572 1043 2611 23832.)

216 2625 255 2654 In
280 2634 307 2654 e.
326 2633 383 2661 m.,
401 2634 455 2662 pro
478 2624 612 2654 ecclesia
633 2647 655 2655 ..
680 2625 846 2663 guardiani
873 2630 902 2654 et
923 2629 1099 2655 conventus
1123 2624 1186 2654 fra-

178 2683 261 2707 trum
282 2678 443 2707 minorum
471 2677 509 2706 de
527 2678 725 2714 memmallo,
744 2678 942 2707 Castellanae
961 2677 1131 2712 dioecesis,
1151 2677 1185 2706 in

177 2736 312 2769 quatuor
332 2731 440 2760 beatae
459 2731 578 2760 Mariae
597 2736 627 2760 et
644 2736 826 2761 sanctoruni
848 2730 1027 2766 Francisci,
1051 2730 1186 2760 Antonii

177 2789 208 2814 et
224 2783 357 2813 Martini
375 2784 598 2814 festivitatibus
617 2789 647 2813 et
668 2794 720 2822 per
737 2789 805 2814 octo
824 2784 892 2813 dies
911 2788 1091 2822 sequentes.
1114 2783 1184 2812 Dat.

178 2842 210 2867 ut
228 2847 334 2876 supra.
351 2837 458 2876 (ibid.‚·
473 2837 611 2871 Pomm,
630 2837 754 2876 23831.)

218 2891 254 2921 In
273 2901 301 2921 e.
322 2900 380 2927 m.,
403 2900 458 2930 pro
480 2890 612 2920 ecclesia
631 2914 649 2920 ..
670 2891 848 2920 abbatissae
867 2897 897 2920 et
916 2894 1093 2920 conventus
1117 2897 1184 2920 mo—

178 2944 308 2974 nasterii
332 2944 371 2974 de
389 2944 599 2982 Presaguolo,
616 2944 739 2974 ordinis
762 2951 888 2974 sanetae
911 2944 1037 2980 Clarae,
1061 2942 1181 2973 Castel-

174 2997 268 3027 lauae
294 2997 463 3035 dioecesis,
492 2998 525 3027 in
553 3003 689 3037 quatuor
719 2998 826 3028 beatae
853 2997 973 3027 Mariae
996 3001 1029 3027 'et
1055 3000 1183 3026 sanctae

1280 382 1392 413 Clarae
1418 383 1642 413 festivitatibus
1666 387 1697 413 et
1718 392 1772 422 per
1791 388 1860 413 octo
1876 382 1944 412 dies
1961 384 2145 422 sequentes.
2165 382 2236 413 Dat.
2252 387 2287 414 ut

1281 445 1388 474 supra.
1403 435 1512 475 (Ibfd.)
2290 443 2292 446 ·

1319 489 1357 518 In
1381 498 1410 519 e.
1431 498 1487 526 m.,
1506 498 1562 528 pro
1583 489 1717 520 ecclesia
1734 512 1754 518 ..
1775 489 1946 527 guardiani
1970 493 2000 519 et
2021 492 2196 520 conventus
2222 488 2284 520 fra-

1280 547 1362 572 trum
1387 542 1550 572 minorum
1574 542 1682 572 Sancti
1700 542 1802 572 Firmi
1817 542 2071 578 Veronensium,
2096 543 2128 571 iu
2149 543 2286 572 Annun-

1280 595 1419 626 tiationis
1440 596 1549 626 beatae
1569 595 1701 632 Mariae,
1721 595 1754 626 S.
1775 595 1888 633 Firmi,
1907 601 2091 626 sanctorum
2108 594 2283 633 Franci-sci,

1278 649 1429 684 Antonii,
1452 649 1592 686 Rustici,
1612 648 1738 686 Lazari,
1758 648 1966 688 Apolenaris,
1987 648 2089 678 Primi
2111 651 2141 678 et
2159 647 2284 686 Martii,

1277 709 1414 740 quorum
1430 710 1559 740 corpora
1575 701 1610 731 in
1624 701 1734 732 eadem
1751 701 1885 732 ecclesia
1900 702 2117 741 requiescunt,
2133 701 2300 731 festivita--

1277 754 1361 784 tibus
1388 759 1418 784 et
1439 764 1495 793 per
1518 759 1586 785 octo
1608 754 1675 784 dies
1699 759 1879 794 sequentes.
1901 755 1972 785 Dat.
1993 759 2027 784 nt
2049 763 2156 794 supra.
2177 753 2282 793 <lbid.;

1276 808 1414 844 Poma„
1435 807 1543 843 23832,
1562 807 1685 848 23833.)

1346 968 1464 998 6093
1757 968 1886 1001 Orvieto,
1903 968 1936 995 27
1953 966 2117 1002 septembre
2134 965 2212 993 1291.

1310 1029 1411 1057 Coram
1433 1030 1502 1057 sede
1517 1030 1675 1065 apostolica
1698 1032 1824 1058 citantur
1841 1030 2026 1066 injuriatores
2039 1029 2156 1060 Jacobi.
2171 1011 2285 1056 abbatis

1275 1080 1441 1106 monasterii
1465 1079 1586 1106 Sanctae
1603 1079 1709 1106 Mariae
1723 1079 1758 1106 de
1773 1079 1998 1114 Quinquemiliis
2009 1101 2015 1110 ,
2034 1077 2188 1105 Valvensis
2204 1077 2286 1105 dioe-

1274 1130 1360 1156 cesis.
1377 1129 1458 1163 (Καὶ.
1477 1129 1520 1160 46,
1537 1137 1562 1156 c.
1579 1129 1640 1163 518,
1658 1129 1677 1155 f.
1699 1129 1746 1155 102
1762 1130 1814 1161 νο.)

1316 1253 1336 1261 ..
1353 1232 1613 1269 archipresbytero
1631 1232 1751 1261 eoeleste
1766 1231 1801 1260 de
1821 1231 1950 1267 Palena,
1976 1231 2127 1260 Valvensis
2147 1231 2282 1261 diocesis.

1274 1296 1287 1312 α
1312 1284 1464 1323 Exposuit
1487 1284 1577 1314 nobis
1597 1284 1734 1315 dilectus
1757 1285 1844 1314 filius
1864 1284 2013 1316 Jacobus.
2035 1284 2133 1314 abbas
2154 1292 2282 1313 monas—

1273 1338 1345 1369 terii
1365 1338 1481 1368 Sancte
1503 1339 1605 1368 Marie
1629 1339 1668 1369 de
1687 1338 1957 1378 QuinquemiliiS,
1975 1337 2099 1368 ordinis
2119 1338 2151 1368 S.
2179 1336 2282 1367 Bene-

1271 1392 1346 1422 dicti
1357 1416 1364 1430 ,
1384 1388 1551 1422 Valvensis
1566 1392 1701 1422 diocesis
1712 1417 1719 1429 ,
1737 1391 1821 1431 quod
1839 1392 1949 1421 fratres
1965 1391 2103 1422 Jacobus
2122 1390 2162 1421 de
2178 1390 2283 1421 Rocca

1271 1446 1490 1480 Intermontis„
1508 1446 1617 1476 Sancti
1633 1446 1798 1476 Vincentii
1815 1446 1855 1475 de
1867 1445 2040 1482 Vulturno,
2058 1445 2097 1474 ad
2114 1452 2282 1475 romanam

1271 1500 1435 1530 ecclesiam
1469 1500 1558 1530 nullo
1589 1500 1694 1530 medio
1723 1499 1930 1538 pertinentis,
1965 1498 2109 1538 ejusdem
2139 1497 2280 1535 ordinis,

1270 1554 1421 1584 Nicolaus
1447 1554 1485 1583 de
1504 1553 1631 1584 Vei-allo
1651 1557 1682 1583 et
1707 1553 1901 1583 Benedictus
1924 1553 2068 1591 Dompne
2091 1550 2281 1588 Thomasie,

1269 1608 1404 1648 predicti
1419 1609 1458 1638 de
1474 1608 1729 1647 Quinquemiliis
1747 1607 2014 1638 monasteriorum
2031 1605 2192 1642 monachi,
2210 1604 2282 1635 Fre-

1269 1662 1397 1692 dericus
1420 1662 1458 1691 de
1474 1661 1604 1698 Castro,
1627 1661 1822 1691 Guillelmus
1842 1660 1946 1690 dictus
1962 1659 2001 1689 de
2018 1659 2109 1689 Troia
2121 1683 2128 1694 ,
2148 1663 2179 1689 et
2197 1665 2282 1688 uon-

1269 1715 1350 1746 uulli
1367 1715 1421 1745 alii
1440 1715 1526 1751 laici,
1544 1715 1731 1750 familiares,
1747 1714 1874 1744 vassalli
1889 1719 1918 1743 et
1935 1714 2071 1743 fautores
2087 1711 2204 1742 nobilis
2219 1711 2280 1741 viri

1268 1769 1462 1799 Christofori
1478 1769 1516 1798 de
1533 1769 1682 1807 Aquino,
1702 1768 1740 1798 de
1758 1767 1908 1798 mandato
1929 1766 2074 1806 ejusdem
2092 1765 2208 1796 nobilis
2221 1790 2228 1802 ‚
2248 1769 2284 1796 nt
2311 1788 2317 1802 ,

1269 1823 1410 1859 dicebat,
1427 1822 1585 1860 prefatum
1609 1822 1841 1852 monasterium
1857 1821 1896 1850 de
1911 1819 2163 1859 Quinqueniiliis
2175 1844 2182 1857 ‚
2201 1819 2279 1849 dum

1269 1877 1373 1906 dietus
1388 1876 1503 1913 abbas,
1527 1886 1562 1906 ex
1577 1876 1664 1915 justa
1680 1884 1775 1906 causa
1787 1900 1794 1910 ,
1811 1875 1851 1904 ab
1868 1875 1937 1914 ipso
1953 1874 2147 1905 monasterio
2164 1873 2281 1904 absens

1269 1934 1362 1966 esset,
1383 1939 1435 1969 per
1452 1929 1638 1960 violentiam
1655 1933 1862 1967 occuparunt,
1882 1937 1940 1958 nec
1956 1927 2019 1958 hiis
2035 1927 2188 1964 conteuti,
2205 1935 2282 1957 eun-

1269 1983 1341 2012 dem
1366 1983 1513 2012 abbatem
1538 1982 1694 2012 violenter
1720 1991 1799 2011 ausu
1823 1981 1978 2019 sacrilego
2002 1981 2182 2019 capientes,
2207 1987 2281 2010 eum

1269 2036 1389 2067 carceri
1411 2036 1605 2075 deputarunt
1623 2040 1652 2065 et
1674 2036 1784 2065 tandiu
1803 2035 2013 2064 detinuerunt
2033 2034 2139 2064 eidem
2159 2026 2281 2063 carceri

1270 2090 1487 2129 mancipatum
1510 2089 1610 2119 donec
1635 2089 1732 2119 abbas
1756 2089 1838 2128 ipse,
1866 2098 1921 2127 per
1943 2089 2005 2118 vim
2027 2092 2058 2118 et
2073 2091 2195 2117 metum
2220 2094 2283 2126 que

1269 2144 1382 2174 cadere
1399 2145 1520 2182 poterat
1538 2143 1572 2172 in
1589 2147 1807 2177 constantem,
1831 2141 1984 2179 regimini
2005 2141 2079 2170 dicti
2095 2139 2282 2170 monasterii

1270 2198 1329 2227 fuit
1346 2197 1530 2227 renuntiare
1551 2201 1687 2227 coactus
1709 2195 1918 2226 Postmodum
1944 2199 2049 2224 autem
2072 2193 2282 2233 quamplures

1270 2250 1418 2280 monachi
1432 2250 1506 2280 dicti
1527 2249 1711 2279 monasterii
1728 2249 1767 2279 de
1783 2247 2054 2287 Quinquemiliis,
2073 2247 2128 2286 qui
2145 2255 2178 2277 se
2191 2255 2282 2278 asse-

1269 2309 1345 2333 runt
1365 2304 1518 2342 majorem
1544 2308 1663 2342 partem
1682 2305 1859 2334 conventus
1875 2302 1976 2340 ipsius
1992 2301 2199 2337 monasterii,
2216 2300 2280 2331 fra-

1270 2361 1349 2387 trem
1367 2357 1548 2393 Herricum‚
1570 2360 1679 2385 natum
1700 2355 1820 2386 nobilis
1837 2355 1897 2384 viri
1916 2354 2069 2394 Raynalli
2087 2354 2126 2385 de
2144 2355 2279 2391 Aversa,

1269 2410 1464 2440 monachum
1493 2409 1679 2439 monasterii
1706 2408 1910 2444 casinensis,
1936 2408 1968 2437 in
1991 2408 2138 2438 abbatem
2166 2407 2281 2447 prefati

1269 2463 1453 2493 monasterii
1485 2463 1523 2492 de
1551 2458 1825 2501 Quinquemiliis'‚
1862 2466 1930 2500 post
1960 2461 2208 2501 appellationem
2239 2461 2280 2492 ab

1268 2516 1378 2547 eodem
1397 2516 1524 2551 abbate,
1549 2524 1621 2545 cum
1644 2516 1809 2566 restitutus
1833 2516 1936 2545 extitit
1961 2515 2095 2555 pristine
2121 2514 2279 2552 libertati,

1267 2570 1306 2599 ad
1320 2569 1428 2598 sedem
1440 2569 1646 2607 apostolicam
1659 2569 1801 2607 legitime
1813 2569 2026 2608 interJeetam‚
2039 2568 2078 2599 de
2097 2569 2188 2604 facto,
2205 2576 2278 2598 cum

1268 2623 1306 2653 de
1318 2623 1391 2661 jure
1408 2623 1630 2661 nequiverint,
1657 2622 1835 2660 elegerunt.
1853 2621 2278 2665 Idemque‘Herricus'elec-

1269 2676 1388 2706 tionem
1405 2675 1590 2713 hujusmodi
1607 2676 1794 2706 auctoritate
1806 2675 1936 2714 capituli
1949 2675 2120 2705 Valvensis
2131 2674 2276 2711 ecclesie,

1267 2733 1343 2758 tunc
1360 2734 1481 2767 pastore
1497 2729 1655 2765 carentis,
1674 2729 1870 2765 confirmari,
1897 2734 1930 2759 ut
1949 2729 2077 2766 dicitur,
2097 2729 2280 2768 procuravit

1267 2786 1298 2812 et
1325 2782 1596 2812 administrationi
1627 2783 1704 2812 dicti
1738 2783 1925 2813 monasterii
1953 2782 1992 2812 de
2023 2781 2278 2821 Quinquemiliis

1267 2841 1385 2865 temere
1412 2843 1445 2865 se
1469 2836 1603 2873 ingessit
1627 2841 1657 2866 et
1679 2837 1826 2874 ingerere
1852 2844 1915 2866 non
1941 2838 2082 2871 veretur,
2108 2835 2142 2865 in
2167 2835 2278 2866 anime

1267 2897 1323 2918 sue
1339 2888 1515 2927 periculum
1535 2894 1564 2919 et
1579 2889 1653 2920 dicti
1671 2889 1795 2920 abbatis
1811 2889 2026 2928 prejudicium
2042 2893 2073 2919 et
2087 2897 2275 2927 gravamen.

1267 2941 1412 2971 Prefatus
1429 2950 1502 2972 vero
1519 2934 1614 2972 abbas
1634 2943 1788 2980 Jacobus‚
1805 2943 1845 2973 ab
1862 2942 2047 2982 hujusmodi
2070 2942 2225 2973 electione
2246 2945 2277 2972 et
2313 2935 2317 2941 ¹

1218 2997 1220 3000 ’
1266 2995 1519 3033 confirmatione,
1532 3004 1604 3026 cum
1618 2996 1657 3025 ad
1669 2997 1738 3035 ejus
1752 2996 1897 3036 pervenit
1912 2995 2071 3034 notitiam,
2083 2995 2123 3026 ad
2134 3000 2273 3025 nostram
