<?xml version="1.0" encoding="UTF-8"?>
<!DOCTYPE html PUBLIC "-//W3C//DTD XHTML 1.0 Transitional//EN"
    "http://www.w3.org/TR/xhtml1/DTD/xhtml1-transitional.dtd">
<html xmlns="http://www.w3.org/1999/xhtml" xml:lang="en" lang="en">
 <head>
  <title>
</title>
<meta http-equiv="Content-Type" content="text/html;charset=utf-8" />
  <meta name='ocr-system' content='tesseract 3.04.00' />
  <meta name='ocr-capabilities' content='ocr_page ocr_carea ocr_par ocr_line ocrx_word'/>
</head>
<body>
  <div class='ocr_page' id='page_1' title='image "./lesregistresdeni02romeuoft_0230.png"; bbox 0 0 2393 3496; ppageno 0'>
   <div class='ocr_carea' id='block_1_1' title="bbox 254 303 1591 347">
    <p class='ocr_par' dir='ltr' id='par_1_1' title="bbox 254 303 1591 347">
     <span class='ocr_line' id='line_1_1' title="bbox 254 303 1591 347; baseline -0.013 0"><span class='ocrx_word' id='word_1_1' title='bbox 254 319 309 347; x_wconf 67' lang='lat'>904</span> <span class='ocrx_word' id='word_1_2' title='bbox 996 306 1230 339; x_wconf 64' lang='lat' dir='ltr'>REGlSTRES</span> <span class='ocrx_word' id='word_1_3' title='bbox 1254 306 1306 334; x_wconf 75' lang='lat' dir='ltr'>DE</span> <span class='ocrx_word' id='word_1_4' title='bbox 1330 303 1512 332; x_wconf 65' lang='lat' dir='ltr'>Nicoms</span> <span class='ocrx_word' id='word_1_5' title='bbox 1539 303 1591 331; x_wconf 72' lang='lat' dir='ltr'>[V.</span> 
     </span>
    </p>
   </div>
   <div class='ocr_carea' id='block_1_2' title="bbox 297 371 1252 417">
    <p class='ocr_par' dir='ltr' id='par_1_2' title="bbox 297 371 1252 417">
     <span class='ocr_line' id='line_1_2' title="bbox 297 371 1252 417; baseline -0.015 -4"><span class='ocrx_word' id='word_1_6' title='bbox 297 384 330 413; x_wconf 91' lang='lat' dir='ltr'>ln</span> <span class='ocrx_word' id='word_1_7' title='bbox 353 392 379 412; x_wconf 73' lang='lat' dir='ltr'>e.</span> <span class='ocrx_word' id='word_1_8' title='bbox 399 392 442 412; x_wconf 85' lang='lat' dir='ltr'>m.</span> <span class='ocrx_word' id='word_1_9' title='bbox 464 406 483 413; x_wconf 91' lang='lat'>..</span> <span class='ocrx_word' id='word_1_10' title='bbox 518 382 652 411; x_wconf 78' lang='lat' dir='ltr'>ninistro</span> <span class='ocrx_word' id='word_1_11' title='bbox 675 377 856 417; x_wconf 74' lang='lat' dir='ltr'>provintiali</span> <span class='ocrx_word' id='word_1_12' title='bbox 882 376 1013 405; x_wconf 80' lang='lat' dir='ltr'>fratrum</span> <span class='ocrx_word' id='word_1_13' title='bbox 1040 374 1202 402; x_wconf 88' lang='lat' dir='ltr'>minorum</span> <span class='ocrx_word' id='word_1_14' title='bbox 1219 371 1252 400; x_wconf 96' lang='lat' dir='ltr'>in</span> 
     </span>
    </p>
   </div>
   <div class='ocr_carea' id='block_1_3' title="bbox 253 431 1253 682">
    <p class='ocr_par' dir='ltr' id='par_1_3' title="bbox 255 431 838 475">
     <span class='ocr_line' id='line_1_3' title="bbox 255 431 838 475; baseline -0.014 -9"><span class='ocrx_word' id='word_1_15' title='bbox 255 437 416 475; x_wconf 75' lang='lat' dir='ltr'>provincia</span> <span class='ocrx_word' id='word_1_16' title='bbox 434 435 592 464; x_wconf 67' lang='lat' dir='ltr'>marchiae</span> <span class='ocrx_word' id='word_1_17' title='bbox 609 431 838 462; x_wconf 70' lang='lat' dir='ltr'>Anconitauae.</span> 
     </span>
    </p>

    <p class='ocr_par' dir='ltr' id='par_1_4' title="bbox 253 477 1252 574">
     <span class='ocr_line' id='line_1_4' title="bbox 297 477 1252 519; baseline -0.014 -1"><span class='ocrx_word' id='word_1_18' title='bbox 297 490 330 518; x_wconf 92' lang='lat' dir='ltr'>lu</span> <span class='ocrx_word' id='word_1_19' title='bbox 349 498 374 517; x_wconf 77' lang='lat' dir='ltr'>e.</span> <span class='ocrx_word' id='word_1_20' title='bbox 397 498 437 516; x_wconf 87' lang='lat' dir='ltr'>m.</span> <span class='ocrx_word' id='word_1_21' title='bbox 460 486 606 515; x_wconf 66' lang='lat' dir='ltr'>scribitur</span> <span class='ocrx_word' id='word_1_22' title='bbox 626 484 699 513; x_wconf 84' lang='lat' dir='ltr'>aliis</span> <span class='ocrx_word' id='word_1_23' title='bbox 719 481 876 511; x_wconf 77' lang='lat' dir='ltr'>ministris</span> <span class='ocrx_word' id='word_1_24' title='bbox 901 478 1151 519; x_wconf 76' lang='lat' dir='ltr'>provincialibus</span> <span class='ocrx_word' id='word_1_25' title='bbox 1169 477 1252 515; x_wconf 82' lang='lat' dir='ltr'>ejus-</span> 
     </span>
     <span class='ocr_line' id='line_1_5' title="bbox 253 533 982 574; baseline -0.015 -2"><span class='ocrx_word' id='word_1_26' title='bbox 253 542 323 571; x_wconf 84' lang='lat' dir='ltr'>dem</span> <span class='ocrx_word' id='word_1_27' title='bbox 340 541 471 574; x_wconf 75' lang='lat' dir='ltr'>ordinis,</span> <span class='ocrx_word' id='word_1_28' title='bbox 490 543 607 568; x_wconf 74' lang='lat' dir='ltr'>mutato</span> <span class='ocrx_word' id='word_1_29' title='bbox 625 544 756 565; x_wconf 78' lang='lat' dir='ltr'>numero</span> <span class='ocrx_word' id='word_1_30' title='bbox 777 536 908 564; x_wconf 76' lang='lat' dir='ltr'>fratrum</span> <span class='ocrx_word' id='word_1_31' title='bbox 927 533 982 571; x_wconf 91' lang='lat'>(1).</span> 
     </span>
    </p>

    <p class='ocr_par' dir='ltr' id='par_1_5' title="bbox 253 583 1253 682">
     <span class='ocr_line' id='line_1_6' title="bbox 295 583 1253 629; baseline -0.011 -7"><span class='ocrx_word' id='word_1_32' title='bbox 295 595 329 623; x_wconf 88' lang='lat' dir='ltr'>Iu</span> <span class='ocrx_word' id='word_1_33' title='bbox 348 603 373 621; x_wconf 66' lang='lat' dir='ltr'>e.</span> <span class='ocrx_word' id='word_1_34' title='bbox 394 603 434 621; x_wconf 72' lang='lat' dir='ltr'>ux.</span> <span class='ocrx_word' id='word_1_35' title='bbox 455 592 547 629; x_wconf 66' lang='lat' dir='ltr'>priori</span> <span class='ocrx_word' id='word_1_36' title='bbox 566 589 707 627; x_wconf 53' lang='lat' dir='ltr'>gumi-ali</span> <span class='ocrx_word' id='word_1_37' title='bbox 731 589 861 617; x_wconf 81' lang='lat' dir='ltr'>fratrum</span> <span class='ocrx_word' id='word_1_38' title='bbox 885 586 1112 616; x_wconf 77' lang='lat' dir='ltr'>heremitarum</span> <span class='ocrx_word' id='word_1_39' title='bbox 1130 583 1253 613; x_wconf 88' lang='lat' dir='ltr'>ordinis</span> 
     </span>
     <span class='ocr_line' id='line_1_7' title="bbox 253 640 931 682; baseline -0.009 -6"><span class='ocrx_word' id='word_1_40' title='bbox 253 648 283 676; x_wconf 72' lang='lat' dir='ltr'>S.</span> <span class='ocrx_word' id='word_1_41' title='bbox 304 645 473 682; x_wconf 69' lang='lat' dir='ltr'>Augustini</span> <span class='ocrx_word' id='word_1_42' title='bbox 492 643 537 672; x_wconf 79' lang='lat' dir='ltr'>vel</span> <span class='ocrx_word' id='word_1_43' title='bbox 557 644 624 680; x_wconf 79' lang='lat' dir='ltr'>ejus</span> <span class='ocrx_word' id='word_1_44' title='bbox 641 642 722 671; x_wconf 78' lang='lat' dir='ltr'>vices</span> <span class='ocrx_word' id='word_1_45' title='bbox 738 641 859 678; x_wconf 77' lang='lat' dir='ltr'>gerenti</span> <span class='ocrx_word' id='word_1_46' title='bbox 875 640 931 679; x_wconf 67' lang='lat'>(⁶2).</span> 
     </span>
    </p>
   </div>
   <div class='ocr_carea' id='block_1_4' title="bbox 321 810 1199 845">
    <p class='ocr_par' dir='ltr' id='par_1_6' title="bbox 321 810 1199 845">
     <span class='ocr_line' id='line_1_8' title="bbox 321 810 1199 845; baseline -0.009 -2"><span class='ocrx_word' id='word_1_47' title='bbox 321 815 436 843; x_wconf 79' lang='grc'><strong>6806</strong></span> <span class='ocrx_word' id='word_1_48' title='bbox 845 812 972 845; x_wconf 79' lang='lat' dir='ltr'>Orvieto,</span> <span class='ocrx_word' id='word_1_49' title='bbox 993 811 1022 837; x_wconf 63' lang='lat'>125</span> <span class='ocrx_word' id='word_1_50' title='bbox 1038 811 1105 836; x_wconf 78' lang='lat' dir='ltr'>aont</span> <span class='ocrx_word' id='word_1_51' title='bbox 1125 810 1199 836; x_wconf 66' lang='lat'>1291.</span> 
     </span>
    </p>
   </div>
   <div class='ocr_carea' id='block_1_5' title="bbox 250 872 1254 958">
    <p class='ocr_par' dir='ltr' id='par_1_7' title="bbox 250 872 1254 958">
     <span class='ocr_line' id='line_1_9' title="bbox 286 872 1254 910; baseline -0.005 -7"><span class='ocrx_word' id='word_1_52' title='bbox 286 878 307 903; x_wconf 78' lang='lat' dir='ltr'>G</span> <span class='ocrx_word' id='word_1_53' title='bbox 315 878 437 904; x_wconf 80' lang='lat' dir='ltr'>uillelmo</span> <span class='ocrx_word' id='word_1_54' title='bbox 452 876 486 902; x_wconf 85' lang='lat' dir='ltr'>de</span> <span class='ocrx_word' id='word_1_55' title='bbox 501 875 623 910; x_wconf 65' lang='lat' dir='ltr'>Chyerio</span> <span class='ocrx_word' id='word_1_56' title='bbox 637 879 664 902; x_wconf 79' lang='lat' dir='ltr'>et</span> <span class='ocrx_word' id='word_1_57' title='bbox 682 874 811 901; x_wconf 74' lang='lat' dir='ltr'>Mattiaco</span> <span class='ocrx_word' id='word_1_58' title='bbox 827 874 861 900; x_wconf 90' lang='lat' dir='ltr'>de</span> <span class='ocrx_word' id='word_1_59' title='bbox 877 874 991 901; x_wconf 77' lang='lat' dir='ltr'>civitate</span> <span class='ocrx_word' id='word_1_60' title='bbox 1009 873 1146 899; x_wconf 80' lang='lat' dir='ltr'>Tlieatina</span> <span class='ocrx_word' id='word_1_61' title='bbox 1164 872 1254 898; x_wconf 77' lang='lat' dir='ltr'>facul-</span> 
     </span>
     <span class='ocr_line' id='line_1_10' title="bbox 250 921 1163 958; baseline -0.005 -6"><span class='ocrx_word' id='word_1_62' title='bbox 250 930 322 953; x_wconf 86' lang='lat' dir='ltr'>tates</span> <span class='ocrx_word' id='word_1_63' title='bbox 338 925 478 952; x_wconf 79' lang='lat' dir='ltr'>concedit.</span> <span class='ocrx_word' id='word_1_64' title='bbox 497 924 578 958; x_wconf 62' lang='lat' dir='ltr'>(Rau.</span> <span class='ocrx_word' id='word_1_65' title='bbox 596 924 639 956; x_wconf 85' lang='grc'>46,</span> <span class='ocrx_word' id='word_1_66' title='bbox 656 932 682 951; x_wconf 91' lang='lat' dir='ltr'>c.</span> <span class='ocrx_word' id='word_1_67' title='bbox 697 924 741 956; x_wconf 69' lang='lat'>63,</span> <span class='ocrx_word' id='word_1_68' title='bbox 757 924 776 950; x_wconf 84' lang='lat' dir='ltr'>s.</span> <span class='ocrx_word' id='word_1_69' title='bbox 797 924 844 950; x_wconf 74' lang='lat'>178</span> <span class='ocrx_word' id='word_1_70' title='bbox 860 930 903 954; x_wconf 82' lang='lat' dir='ltr'>v⁰;</span> <span class='ocrx_word' id='word_1_71' title='bbox 924 923 1037 953; x_wconf 66' lang='lat' dir='ltr'>l’orrn..</span> <span class='ocrx_word' id='word_1_72' title='bbox 1055 921 1163 954; x_wconf 67' lang='lat'>23778.)</span> 
     </span>
    </p>
   </div>
   <div class='ocr_carea' id='block_1_6' title="bbox 248 1024 1253 1438">
    <p class='ocr_par' dir='ltr' id='par_1_8' title="bbox 249 1024 1253 1331">
     <span class='ocr_line' id='line_1_11' title="bbox 291 1024 1253 1064; baseline -0.006 -7"><span class='ocrx_word' id='word_1_73' title='bbox 291 1030 408 1058; x_wconf 71' lang='lat' dir='ltr'>Dilectis</span> <span class='ocrx_word' id='word_1_74' title='bbox 422 1029 496 1064; x_wconf 81' lang='lat' dir='ltr'>liliis</span> <span class='ocrx_word' id='word_1_75' title='bbox 505 1028 654 1063; x_wconf 79' lang='lat' dir='ltr'>fratribus</span> <span class='ocrx_word' id='word_1_76' title='bbox 667 1027 825 1056; x_wconf 78' lang='lat' dir='ltr'>Guillclmo</span> <span class='ocrx_word' id='word_1_77' title='bbox 841 1026 875 1055; x_wconf 82' lang='lat' dir='ltr'>de</span> <span class='ocrx_word' id='word_1_78' title='bbox 887 1026 1023 1063; x_wconf 74' lang='lat' dir='ltr'>Clzyerio,</span> <span class='ocrx_word' id='word_1_79' title='bbox 1037 1024 1253 1063; x_wconf 77' lang='lat' dir='ltr'>penitentiario</span> 
     </span>
     <span class='ocr_line' id='line_1_12' title="bbox 252 1077 1253 1117; baseline -0.004 -8"><span class='ocrx_word' id='word_1_80' title='bbox 252 1087 370 1117; x_wconf 78' lang='lat' dir='ltr'>nostro,</span> <span class='ocrx_word' id='word_1_81' title='bbox 394 1086 418 1110; x_wconf 81' lang='lat' dir='ltr'>et</span> <span class='ocrx_word' id='word_1_82' title='bbox 440 1081 553 1109; x_wconf 76' lang='lat' dir='ltr'>Matheo</span> <span class='ocrx_word' id='word_1_83' title='bbox 570 1081 605 1109; x_wconf 71' lang='lat' dir='ltr'>tle</span> <span class='ocrx_word' id='word_1_84' title='bbox 624 1081 745 1109; x_wconf 66' lang='lat' dir='ltr'>cii-itali·</span> <span class='ocrx_word' id='word_1_85' title='bbox 765 1080 925 1114; x_wconf 68' lang='lat' dir='ltr'>Theatnza,</span> <span class='ocrx_word' id='word_1_86' title='bbox 945 1079 1047 1107; x_wconf 77' lang='lat' dir='ltr'>lectori</span> <span class='ocrx_word' id='word_1_87' title='bbox 1061 1077 1178 1106; x_wconf 75' lang='lat' dir='ltr'>ordinis</span> <span class='ocrx_word' id='word_1_88' title='bbox 1192 1077 1253 1105; x_wconf 82' lang='lat' dir='ltr'>mi-</span> 
     </span>
     <span class='ocr_line' id='line_1_13' title="bbox 252 1129 1252 1170; baseline -0.006 -6"><span class='ocrx_word' id='word_1_89' title='bbox 252 1144 372 1165; x_wconf 78' lang='lat' dir='ltr'>norum.</span> <span class='ocrx_word' id='word_1_90' title='bbox 395 1134 446 1163; x_wconf 84' lang='lat' dir='ltr'>Eis</span> <span class='ocrx_word' id='word_1_91' title='bbox 464 1133 646 1163; x_wconf 76' lang='lat' dir='ltr'>facultatem</span> <span class='ocrx_word' id='word_1_92' title='bbox 663 1132 809 1163; x_wconf 87' lang='lat' dir='ltr'>concedit</span> <span class='ocrx_word' id='word_1_93' title='bbox 824 1131 1001 1170; x_wconf 78' lang='lat' dir='ltr'>aecipiendi</span> <span class='ocrx_word' id='word_1_94' title='bbox 1019 1139 1117 1160; x_wconf 86' lang='lat' dir='ltr'>novos</span> <span class='ocrx_word' id='word_1_95' title='bbox 1134 1129 1233 1159; x_wconf 81' lang='lat' dir='ltr'>socios</span> <span class='ocrx_word' id='word_1_96' title='bbox 1245 1151 1252 1164; x_wconf 93' lang='lat'>‚</span> 
     </span>
     <span class='ocr_line' id='line_1_14' title="bbox 250 1183 1253 1225; baseline -0.005 -9"><span class='ocrx_word' id='word_1_97' title='bbox 250 1189 479 1225; x_wconf 78' lang='lat' dir='ltr'>cujuscumque</span> <span class='ocrx_word' id='word_1_98' title='bbox 489 1186 681 1216; x_wconf 89' lang='lat' dir='ltr'>conditionis</span> <span class='ocrx_word' id='word_1_99' title='bbox 693 1186 768 1221; x_wconf 85' lang='lat' dir='ltr'>siut,</span> <span class='ocrx_word' id='word_1_100' title='bbox 781 1193 896 1223; x_wconf 82' lang='lat' dir='ltr'>eosque</span> <span class='ocrx_word' id='word_1_101' title='bbox 912 1184 950 1214; x_wconf 90' lang='lat' dir='ltr'>ad</span> <span class='ocrx_word' id='word_1_102' title='bbox 962 1184 1188 1223; x_wconf 79' lang='lat' dir='ltr'>professionem</span> <span class='ocrx_word' id='word_1_103' title='bbox 1205 1183 1253 1212; x_wconf 90' lang='lat' dir='ltr'>sui</span> 
     </span>
     <span class='ocr_line' id='line_1_15' title="bbox 249 1235 1253 1274; baseline -0.005 -5"><span class='ocrx_word' id='word_1_104' title='bbox 249 1239 372 1269; x_wconf 80' lang='lat' dir='ltr'>ordinis</span> <span class='ocrx_word' id='word_1_105' title='bbox 388 1238 592 1274; x_wconf 74' lang='lat' dir='ltr'>admittendi3</span> <span class='ocrx_word' id='word_1_106' title='bbox 611 1237 795 1268; x_wconf 87' lang='lat' dir='ltr'>absolvendi</span> <span class='ocrx_word' id='word_1_107' title='bbox 812 1237 851 1267; x_wconf 85' lang='lat' dir='ltr'>ab</span> <span class='ocrx_word' id='word_1_108' title='bbox 867 1235 1253 1267; x_wconf 80' lang='lat' dir='ltr'>excommunicationibus</span> 
     </span>
     <span class='ocr_line' id='line_1_16' title="bbox 249 1290 927 1331; baseline -0.003 -10"><span class='ocrx_word' id='word_1_109' title='bbox 249 1297 279 1322; x_wconf 87' lang='lat' dir='ltr'>et</span> <span class='ocrx_word' id='word_1_110' title='bbox 295 1292 500 1331; x_wconf 77' lang='lat' dir='ltr'>dispensandi</span> <span class='ocrx_word' id='word_1_111' title='bbox 517 1301 611 1330; x_wconf 86' lang='lat' dir='ltr'>super</span> <span class='ocrx_word' id='word_1_112' title='bbox 627 1290 927 1329; x_wconf 82' lang='lat' dir='ltr'>irregularitatibus.</span> 
     </span>
    </p>

    <p class='ocr_par' dir='ltr' id='par_1_9' title="bbox 248 1342 1253 1438">
     <span class='ocr_line' id='line_1_17' title="bbox 291 1342 1253 1383; baseline -0.005 -7"><span class='ocrx_word' id='word_1_113' title='bbox 291 1359 303 1372; x_wconf 73' lang='lat' dir='ltr'><em>u</em></span> <span class='ocrx_word' id='word_1_114' title='bbox 322 1347 401 1376; x_wconf 91' lang='lat' dir='ltr'>Cum</span> <span class='ocrx_word' id='word_1_115' title='bbox 420 1354 472 1375; x_wconf 84' lang='lat' dir='ltr'>vos</span> <span class='ocrx_word' id='word_1_116' title='bbox 488 1344 565 1374; x_wconf 87' lang='lat' dir='ltr'>ad...</span> <span class='ocrx_word' id='word_1_117' title='bbox 583 1362 621 1366; x_wconf 97' lang='lat'><strong>—</strong></span> <span class='ocrx_word' id='word_1_118' title='bbox 640 1345 711 1374; x_wconf 91' lang='lat' dir='ltr'>Dat.</span> <span class='ocrx_word' id='word_1_119' title='bbox 733 1344 816 1383; x_wconf 89' lang='lat' dir='ltr'>apud</span> <span class='ocrx_word' id='word_1_120' title='bbox 841 1343 1124 1380; x_wconf 83' lang='lat' dir='ltr'>Urbemveterem,</span> <span class='ocrx_word' id='word_1_121' title='bbox 1147 1342 1253 1372; x_wconf 84' lang='lat' dir='ltr'>idibus</span> 
     </span>
     <span class='ocr_line' id='line_1_18' title="bbox 248 1400 660 1438; baseline 0 -9"><span class='ocrx_word' id='word_1_122' title='bbox 248 1400 385 1438; x_wconf 78' lang='lat' dir='ltr'>augusti,</span> <span class='ocrx_word' id='word_1_123' title='bbox 403 1407 488 1428; x_wconf 90' lang='lat' dir='ltr'>anno</span> <span class='ocrx_word' id='word_1_124' title='bbox 503 1402 626 1438; x_wconf 86' lang='lat' dir='ltr'>quarto.</span> <span class='ocrx_word' id='word_1_125' title='bbox 647 1410 660 1424; x_wconf 79' lang='lat'>⁷&gt;</span> 
     </span>
    </p>
   </div>
   <div class='ocr_carea' id='block_1_7' title="bbox 319 1571 436 1600">
    <p class='ocr_par' dir='ltr' id='par_1_10' title="bbox 319 1571 436 1600">
     <span class='ocr_line' id='line_1_19' title="bbox 319 1571 436 1600; baseline -0.009 0"><span class='ocrx_word' id='word_1_126' title='bbox 319 1571 436 1600; x_wconf 64' lang='lat'>680¹?</span> 
     </span>
    </p>
   </div>
   <div class='ocr_carea' id='block_1_8' title="bbox 249 1632 1253 1715">
    <p class='ocr_par' dir='ltr' id='par_1_11' title="bbox 249 1632 1253 1715">
     <span class='ocr_line' id='line_1_20' title="bbox 284 1632 1253 1667; baseline -0.001 -7"><span class='ocrx_word' id='word_1_127' title='bbox 284 1634 399 1660; x_wconf 76' lang='lat' dir='ltr'>Eisdem</span> <span class='ocrx_word' id='word_1_128' title='bbox 425 1634 586 1660; x_wconf 82' lang='lat' dir='ltr'>facultatem</span> <span class='ocrx_word' id='word_1_129' title='bbox 610 1632 741 1659; x_wconf 82' lang='lat' dir='ltr'>coneedit</span> <span class='ocrx_word' id='word_1_130' title='bbox 761 1632 927 1659; x_wconf 85' lang='lat' dir='ltr'>assumendi</span> <span class='ocrx_word' id='word_1_131' title='bbox 949 1632 1045 1658; x_wconf 87' lang='lat' dir='ltr'>socios</span> <span class='ocrx_word' id='word_1_132' title='bbox 1065 1641 1100 1658; x_wconf 87' lang='lat' dir='ltr'>ex</span> <span class='ocrx_word' id='word_1_133' title='bbox 1125 1633 1253 1667; x_wconf 90' lang='lat' dir='ltr'>ipsorum</span> 
     </span>
     <span class='ocr_line' id='line_1_21' title="bbox 249 1680 1050 1715; baseline -0.002 -6"><span class='ocrx_word' id='word_1_134' title='bbox 249 1684 357 1710; x_wconf 79' lang='lat' dir='ltr'>ordine.</span> <span class='ocrx_word' id='word_1_135' title='bbox 375 1683 458 1715; x_wconf 72' lang='lat' dir='ltr'>(Rea.</span> <span class='ocrx_word' id='word_1_136' title='bbox 477 1682 519 1714; x_wconf 82' lang='lat'>46,</span> <span class='ocrx_word' id='word_1_137' title='bbox 535 1691 561 1709; x_wconf 87' lang='lat' dir='ltr'>c.</span> <span class='ocrx_word' id='word_1_138' title='bbox 578 1682 621 1714; x_wconf 85' lang='lat'>64,</span> <span class='ocrx_word' id='word_1_139' title='bbox 639 1682 658 1708; x_wconf 80' lang='lat' dir='ltr'>f.</span> <span class='ocrx_word' id='word_1_140' title='bbox 678 1682 726 1708; x_wconf 81' lang='lat'>178</span> <span class='ocrx_word' id='word_1_141' title='bbox 744 1688 788 1715; x_wconf 63' lang='grc' dir='ltr'>νος</span> <span class='ocrx_word' id='word_1_142' title='bbox 808 1680 923 1712; x_wconf 66' lang='lat' dir='ltr'>porra„</span> <span class='ocrx_word' id='word_1_143' title='bbox 940 1681 1050 1714; x_wconf 65' lang='lat'>23779.)</span> 
     </span>
    </p>
   </div>
   <div class='ocr_carea' id='block_1_9' title="bbox 829 1568 1181 1602">
    <p class='ocr_par' dir='ltr' id='par_1_12' title="bbox 829 1568 1181 1602">
     <span class='ocr_line' id='line_1_22' title="bbox 829 1568 1181 1602; baseline 0 -6"><span class='ocrx_word' id='word_1_144' title='bbox 829 1568 954 1602; x_wconf 86' lang='lat' dir='ltr'>Orvieto,</span> <span class='ocrx_word' id='word_1_145' title='bbox 976 1569 1005 1595; x_wconf 83' lang='grc'>13</span> <span class='ocrx_word' id='word_1_146' title='bbox 1021 1570 1088 1596; x_wconf 75' lang='lat' dir='ltr'>aosit</span> <span class='ocrx_word' id='word_1_147' title='bbox 1106 1569 1181 1596; x_wconf 68' lang='lat'>1291.</span> 
     </span>
    </p>
   </div>
   <div class='ocr_carea' id='block_1_10' title="bbox 288 1786 924 1876">
    <p class='ocr_par' dir='ltr' id='par_1_13' title="bbox 288 1786 924 1876">
     <span class='ocr_line' id='line_1_23' title="bbox 288 1786 414 1815; baseline -0.008 0"><span class='ocrx_word' id='word_1_148' title='bbox 288 1786 414 1815; x_wconf 81' lang='lat' dir='ltr'>Eisdem.</span> 
     </span>
     <span class='ocr_line' id='line_1_24' title="bbox 289 1837 924 1876; baseline -0.008 -7"><span class='ocrx_word' id='word_1_149' title='bbox 289 1850 303 1865; x_wconf 75' lang='grc' dir='ltr'>ιι</span> <span class='ocrx_word' id='word_1_150' title='bbox 323 1838 405 1869; x_wconf 88' lang='lat' dir='ltr'>Cum</span> <span class='ocrx_word' id='word_1_151' title='bbox 421 1846 473 1868; x_wconf 87' lang='lat' dir='ltr'>vos</span> <span class='ocrx_word' id='word_1_152' title='bbox 489 1838 565 1868; x_wconf 90' lang='lat' dir='ltr'>ad...</span> <span class='ocrx_word' id='word_1_153' title='bbox 585 1854 624 1860; x_wconf 91' lang='lat'>--</span> <span class='ocrx_word' id='word_1_154' title='bbox 639 1837 711 1867; x_wconf 86' lang='lat' dir='ltr'>Dat.</span> <span class='ocrx_word' id='word_1_155' title='bbox 729 1840 765 1867; x_wconf 82' lang='lat' dir='ltr'>ut</span> <span class='ocrx_word' id='word_1_156' title='bbox 783 1845 888 1876; x_wconf 86' lang='lat' dir='ltr'>supra.</span> <span class='ocrx_word' id='word_1_157' title='bbox 911 1848 924 1863; x_wconf 70' lang='grc' dir='ltr'>ι)</span> 
     </span>
    </p>
   </div>
   <div class='ocr_carea' id='block_1_11' title="bbox 318 2008 1182 2043">
    <p class='ocr_par' dir='ltr' id='par_1_14' title="bbox 318 2008 1182 2043">
     <span class='ocr_line' id='line_1_25' title="bbox 318 2008 1182 2043; baseline 0 -5"><span class='ocrx_word' id='word_1_158' title='bbox 318 2009 437 2039; x_wconf 80' lang='grc'><strong>6808</strong></span> <span class='ocrx_word' id='word_1_159' title='bbox 827 2008 954 2043; x_wconf 77' lang='lat' dir='ltr'>Orvieto,</span> <span class='ocrx_word' id='word_1_160' title='bbox 971 2009 1004 2036; x_wconf 71' lang='lat'>‘23</span> <span class='ocrx_word' id='word_1_161' title='bbox 1020 2010 1087 2036; x_wconf 75' lang='lat' dir='ltr'>aout</span> <span class='ocrx_word' id='word_1_162' title='bbox 1106 2010 1182 2038; x_wconf 64' lang='lat'>1291.</span> 
     </span>
    </p>
   </div>
   <div class='ocr_carea' id='block_1_12' title="bbox 282 2071 1254 2107">
    <p class='ocr_par' dir='ltr' id='par_1_15' title="bbox 282 2071 1254 2107">
     <span class='ocr_line' id='line_1_26' title="bbox 282 2071 1254 2107; baseline 0.002 -8"><span class='ocrx_word' id='word_1_163' title='bbox 282 2072 397 2099; x_wconf 82' lang='lat' dir='ltr'>Eisdem</span> <span class='ocrx_word' id='word_1_164' title='bbox 422 2071 536 2099; x_wconf 85' lang='lat' dir='ltr'>mandat</span> <span class='ocrx_word' id='word_1_165' title='bbox 558 2075 588 2098; x_wconf 91' lang='lat' dir='ltr'>ut</span> <span class='ocrx_word' id='word_1_166' title='bbox 604 2072 749 2106; x_wconf 79' lang='lat' dir='ltr'>inquirant</span> <span class='ocrx_word' id='word_1_167' title='bbox 765 2071 989 2107; x_wconf 81' lang='lat' dir='ltr'>relationemque</span> <span class='ocrx_word' id='word_1_168' title='bbox 1005 2072 1109 2100; x_wconf 87' lang='lat' dir='ltr'>saciant</span> <span class='ocrx_word' id='word_1_169' title='bbox 1125 2073 1159 2100; x_wconf 89' lang='lat' dir='ltr'>de</span> <span class='ocrx_word' id='word_1_170' title='bbox 1179 2077 1254 2101; x_wconf 86' lang='lat' dir='ltr'>statu</span> 
     </span>
    </p>
   </div>
   <div class='ocr_carea' id='block_1_13' title="bbox 246 2120 1255 2205">
    <p class='ocr_par' dir='ltr' id='par_1_16' title="bbox 246 2120 1255 2205">
     <span class='ocr_line' id='line_1_27' title="bbox 246 2120 1255 2156; baseline 0 -7"><span class='ocrx_word' id='word_1_171' title='bbox 246 2122 446 2156; x_wconf 80' lang='lat' dir='ltr'>religiosorum</span> <span class='ocrx_word' id='word_1_172' title='bbox 467 2121 623 2155; x_wconf 88' lang='lat' dir='ltr'>cujuslibet</span> <span class='ocrx_word' id='word_1_173' title='bbox 644 2120 753 2147; x_wconf 83' lang='lat' dir='ltr'>ordinis</span> <span class='ocrx_word' id='word_1_174' title='bbox 768 2121 794 2147; x_wconf 93' lang='lat' dir='ltr'>in</span> <span class='ocrx_word' id='word_1_175' title='bbox 819 2121 949 2155; x_wconf 88' lang='lat' dir='ltr'>partibus</span> <span class='ocrx_word' id='word_1_176' title='bbox 965 2121 1119 2149; x_wconf 85' lang='lat' dir='ltr'>Tartaricis</span> <span class='ocrx_word' id='word_1_177' title='bbox 1141 2130 1255 2149; x_wconf 83' lang='lat' dir='ltr'>moran-</span> 
     </span>
     <span class='ocr_line' id='line_1_28' title="bbox 246 2169 1024 2205; baseline 0.001 -8"><span class='ocrx_word' id='word_1_178' title='bbox 246 2172 327 2197; x_wconf 84' lang='lat' dir='ltr'>tium.</span> <span class='ocrx_word' id='word_1_179' title='bbox 346 2171 428 2202; x_wconf 73' lang='lat' dir='ltr'>(Rea.</span> <span class='ocrx_word' id='word_1_180' title='bbox 445 2171 487 2202; x_wconf 83' lang='lat'>46,</span> <span class='ocrx_word' id='word_1_181' title='bbox 505 2179 530 2197; x_wconf 90' lang='lat' dir='ltr'>c.</span> <span class='ocrx_word' id='word_1_182' title='bbox 548 2170 591 2201; x_wconf 77' lang='lat'>65,</span> <span class='ocrx_word' id='word_1_183' title='bbox 609 2170 628 2197; x_wconf 81' lang='lat' dir='ltr'>f.</span> <span class='ocrx_word' id='word_1_184' title='bbox 648 2170 696 2196; x_wconf 84' lang='lat'>178</span> <span class='ocrx_word' id='word_1_185' title='bbox 715 2176 761 2201; x_wconf 86' lang='lat' dir='ltr'>v⁰;</span> <span class='ocrx_word' id='word_1_186' title='bbox 781 2169 897 2205; x_wconf 64' lang='lat' dir='ltr'>Poma„</span> <span class='ocrx_word' id='word_1_187' title='bbox 913 2170 1024 2203; x_wconf 70' lang='grc' dir='ltr'>ς23799.)</span> 
     </span>
    </p>
   </div>
   <div class='ocr_carea' id='block_1_14' title="bbox 245 2273 1254 2417">
    <p class='ocr_par' dir='ltr' id='par_1_17' title="bbox 245 2273 1254 2417">
     <span class='ocr_line' id='line_1_29' title="bbox 284 2273 412 2303; baseline 0 -1"><span class='ocrx_word' id='word_1_188' title='bbox 284 2273 412 2303; x_wconf 73' lang='lat' dir='ltr'>Eisdem.</span> 
     </span>
     <span class='ocr_line' id='line_1_30' title="bbox 288 2324 1254 2366; baseline 0.003 -12"><span class='ocrx_word' id='word_1_189' title='bbox 288 2339 301 2354; x_wconf 69' lang='grc' dir='ltr'>ι</span> <span class='ocrx_word' id='word_1_190' title='bbox 321 2326 369 2356; x_wconf 89' lang='lat' dir='ltr'>Ad</span> <span class='ocrx_word' id='word_1_191' title='bbox 388 2330 490 2364; x_wconf 87' lang='lat' dir='ltr'>partes</span> <span class='ocrx_word' id='word_1_192' title='bbox 506 2324 721 2355; x_wconf 82' lang='lat' dir='ltr'>Tartaricas...</span> <span class='ocrx_word' id='word_1_193' title='bbox 736 2341 774 2347; x_wconf 93' lang='lat'>--</span> <span class='ocrx_word' id='word_1_194' title='bbox 791 2325 862 2355; x_wconf 92' lang='lat' dir='ltr'>Dat.</span> <span class='ocrx_word' id='word_1_195' title='bbox 881 2325 963 2364; x_wconf 89' lang='lat' dir='ltr'>apud</span> <span class='ocrx_word' id='word_1_196' title='bbox 978 2326 1254 2366; x_wconf 85' lang='lat' dir='ltr'>Urhemveterem,</span> 
     </span>
     <span class='ocr_line' id='line_1_31' title="bbox 245 2377 933 2417; baseline -0.003 -8"><span class='ocrx_word' id='word_1_197' title='bbox 245 2389 263 2409; x_wconf 82' lang='lat' dir='ltr'>x</span> <span class='ocrx_word' id='word_1_198' title='bbox 280 2379 433 2409; x_wconf 84' lang='lat' dir='ltr'>kalendas</span> <span class='ocrx_word' id='word_1_199' title='bbox 450 2377 652 2417; x_wconf 84' lang='lat' dir='ltr'>septembris,</span> <span class='ocrx_word' id='word_1_200' title='bbox 672 2386 758 2408; x_wconf 90' lang='lat' dir='ltr'>anno</span> <span class='ocrx_word' id='word_1_201' title='bbox 777 2381 899 2417; x_wconf 87' lang='lat' dir='ltr'>quarto.</span> <span class='ocrx_word' id='word_1_202' title='bbox 920 2391 933 2405; x_wconf 75' lang='lat'>1&gt;</span> 
     </span>
    </p>
   </div>
   <div class='ocr_carea' id='block_1_15' title="bbox 318 2551 1182 2585">
    <p class='ocr_par' dir='ltr' id='par_1_18' title="bbox 318 2551 1182 2585">
     <span class='ocr_line' id='line_1_32' title="bbox 318 2551 1182 2585; baseline -0.001 -4"><span class='ocrx_word' id='word_1_203' title='bbox 318 2551 571 2581; x_wconf 70' lang='lat'><strong>6809-6814</strong></span> <span class='ocrx_word' id='word_1_204' title='bbox 828 2551 955 2585; x_wconf 84' lang='lat' dir='ltr'>Orviet0‚</span> <span class='ocrx_word' id='word_1_205' title='bbox 971 2552 1005 2580; x_wconf 69' lang='lat'>‘23</span> <span class='ocrx_word' id='word_1_206' title='bbox 1021 2553 1088 2580; x_wconf 73' lang='lat' dir='ltr'>aout</span> <span class='ocrx_word' id='word_1_207' title='bbox 1106 2552 1182 2580; x_wconf 70' lang='lat'>1291.</span> 
     </span>
    </p>
   </div>
   <div class='ocr_carea' id='block_1_16' title="bbox 246 2612 1255 2749">
    <p class='ocr_par' dir='ltr' id='par_1_19' title="bbox 246 2612 1255 2749">
     <span class='ocr_line' id='line_1_33' title="bbox 283 2612 1255 2649; baseline 0.002 -8"><span class='ocrx_word' id='word_1_208' title='bbox 283 2613 466 2649; x_wconf 83' lang='lat' dir='ltr'>Principibus</span> <span class='ocrx_word' id='word_1_209' title='bbox 491 2612 617 2639; x_wconf 81' lang='lat' dir='ltr'>Orientis</span> <span class='ocrx_word' id='word_1_210' title='bbox 643 2612 832 2639; x_wconf 81' lang='lat' dir='ltr'>Acconenses</span> <span class='ocrx_word' id='word_1_211' title='bbox 856 2616 885 2640; x_wconf 79' lang='lat' dir='ltr'>et</span> <span class='ocrx_word' id='word_1_212' title='bbox 906 2613 1051 2649; x_wconf 88' lang='lat' dir='ltr'>Tyrenses</span> <span class='ocrx_word' id='word_1_213' title='bbox 1079 2615 1210 2642; x_wconf 83' lang='lat' dir='ltr'>civitates</span> <span class='ocrx_word' id='word_1_214' title='bbox 1238 2612 1255 2643; x_wconf 76' lang='lat' dir='ltr'>a</span> 
     </span>
     <span class='ocr_line' id='line_1_34' title="bbox 246 2660 1254 2699; baseline 0.002 -10"><span class='ocrx_word' id='word_1_215' title='bbox 246 2663 413 2689; x_wconf 75' lang='lat' dir='ltr'>Sari-aconis</span> <span class='ocrx_word' id='word_1_216' title='bbox 433 2665 531 2696; x_wconf 87' lang='lat' dir='ltr'>captas</span> <span class='ocrx_word' id='word_1_217' title='bbox 556 2660 667 2687; x_wconf 86' lang='lat' dir='ltr'>nuntiat</span> <span class='ocrx_word' id='word_1_218' title='bbox 688 2669 796 2696; x_wconf 85' lang='lat' dir='ltr'>eosque</span> <span class='ocrx_word' id='word_1_219' title='bbox 818 2661 852 2688; x_wconf 88' lang='lat' dir='ltr'>ad</span> <span class='ocrx_word' id='word_1_220' title='bbox 872 2662 1015 2698; x_wconf 82' lang='lat' dir='ltr'>baptisma</span> <span class='ocrx_word' id='word_1_221' title='bbox 1036 2664 1254 2699; x_wconf 79' lang='lat' dir='ltr'>suscipiendum</span> 
     </span>
     <span class='ocr_line' id='line_1_35' title="bbox 246 2710 1253 2749; baseline 0.002 -10"><span class='ocrx_word' id='word_1_222' title='bbox 246 2712 380 2739; x_wconf 83' lang='lat' dir='ltr'>sollicitat</span> <span class='ocrx_word' id='word_1_223' title='bbox 401 2715 432 2737; x_wconf 93' lang='lat' dir='ltr'>ut</span> <span class='ocrx_word' id='word_1_224' title='bbox 454 2711 565 2737; x_wconf 85' lang='lat' dir='ltr'>facilius</span> <span class='ocrx_word' id='word_1_225' title='bbox 587 2710 691 2737; x_wconf 83' lang='lat' dir='ltr'>Terrae</span> <span class='ocrx_word' id='word_1_226' title='bbox 708 2710 830 2738; x_wconf 82' lang='lat' dir='ltr'>Sanctae</span> <span class='ocrx_word' id='word_1_227' title='bbox 846 2713 1057 2747; x_wconf 84' lang='lat' dir='ltr'>recuperationi</span> <span class='ocrx_word' id='word_1_228' title='bbox 1072 2713 1253 2749; x_wconf 82' lang='lat' dir='ltr'>incumbant,</span> 
     </span>
    </p>
   </div>
   <div class='ocr_carea' id='block_1_17' title="bbox 245 2845 1254 3005">
    <p class='ocr_par' dir='ltr' id='par_1_20' title="bbox 245 2845 1254 2922">
     <span class='ocr_line' id='line_1_36' title="bbox 276 2845 1254 2879; baseline 0.002 -8"><span class='ocrx_word' id='word_1_229' title='bbox 276 2848 310 2877; x_wconf 79' lang='lat'>(1)</span> <span class='ocrx_word' id='word_1_230' title='bbox 327 2847 452 2871; x_wconf 80' lang='lat' dir='ltr'>Potthast</span> <span class='ocrx_word' id='word_1_231' title='bbox 469 2845 565 2876; x_wconf 61' lang='lat'>(23761)</span> <span class='ocrx_word' id='word_1_232' title='bbox 584 2845 743 2870; x_wconf 85' lang='lat' dir='ltr'>mentionne</span> <span class='ocrx_word' id='word_1_233' title='bbox 762 2846 786 2869; x_wconf 81' lang='lat' dir='ltr'>la</span> <span class='ocrx_word' id='word_1_234' title='bbox 805 2846 884 2871; x_wconf 80' lang='lat' dir='ltr'>lettre</span> <span class='ocrx_word' id='word_1_235' title='bbox 901 2854 934 2871; x_wconf 86' lang='lat' dir='ltr'>au</span> <span class='ocrx_word' id='word_1_236' title='bbox 957 2848 1081 2872; x_wconf 81' lang='lat' dir='ltr'>ministre</span> <span class='ocrx_word' id='word_1_237' title='bbox 1102 2849 1254 2879; x_wconf 83' lang='lat' dir='ltr'>provincial</span> 
     </span>
     <span class='ocr_line' id='line_1_37' title="bbox 245 2890 771 2922; baseline 0.002 -8"><span class='ocrx_word' id='word_1_238' title='bbox 245 2892 279 2915; x_wconf 70' lang='lat' dir='ltr'>«le</span> <span class='ocrx_word' id='word_1_239' title='bbox 295 2892 320 2915; x_wconf 87' lang='lat' dir='ltr'>la</span> <span class='ocrx_word' id='word_1_240' title='bbox 337 2892 467 2922; x_wconf 85' lang='lat' dir='ltr'>province</span> <span class='ocrx_word' id='word_1_241' title='bbox 485 2890 517 2914; x_wconf 85' lang='lat' dir='ltr'>de</span> <span class='ocrx_word' id='word_1_242' title='bbox 535 2890 771 2921; x_wconf 72' lang='lat' dir='ltr'>Saint-Francois.</span> 
     </span>
    </p>

    <p class='ocr_par' dir='ltr' id='par_1_21' title="bbox 246 2934 1253 3005">
     <span class='ocr_line' id='line_1_38' title="bbox 276 2934 1253 2968; baseline 0.002 -8"><span class='ocrx_word' id='word_1_243' title='bbox 276 2937 308 2966; x_wconf 70' lang='lat'>(2²)</span> <span class='ocrx_word' id='word_1_244' title='bbox 326 2936 369 2960; x_wconf 90' lang='lat' dir='ltr'>Un</span> <span class='ocrx_word' id='word_1_245' title='bbox 383 2942 480 2965; x_wconf 86' lang='lat' dir='ltr'>espace</span> <span class='ocrx_word' id='word_1_246' title='bbox 496 2936 574 2958; x_wconf 85' lang='lat' dir='ltr'>blanc</span> <span class='ocrx_word' id='word_1_247' title='bbox 590 2942 605 2957; x_wconf 89' lang='lat' dir='ltr'>a</span> <span class='ocrx_word' id='word_1_248' title='bbox 619 2934 660 2958; x_wconf 74' lang='lat' dir='ltr'>ete</span> <span class='ocrx_word' id='word_1_249' title='bbox 676 2934 757 2959; x_wconf 64' lang='lat' dir='ltr'>laissi}</span> <span class='ocrx_word' id='word_1_250' title='bbox 774 2935 842 2959; x_wconf 84' lang='lat' dir='ltr'>dans</span> <span class='ocrx_word' id='word_1_251' title='bbox 856 2936 880 2959; x_wconf 83' lang='lat' dir='ltr'>la</span> <span class='ocrx_word' id='word_1_252' title='bbox 897 2943 964 2967; x_wconf 77' lang='lat' dir='ltr'>page</span> <span class='ocrx_word' id='word_1_253' title='bbox 981 2943 1051 2968; x_wconf 86' lang='lat' dir='ltr'>pour</span> <span class='ocrx_word' id='word_1_254' title='bbox 1063 2945 1081 2968; x_wconf 86' lang='lat' dir='ltr'>y</span> <span class='ocrx_word' id='word_1_255' title='bbox 1096 2938 1201 2962; x_wconf 80' lang='lat' dir='ltr'>inserer</span> <span class='ocrx_word' id='word_1_256' title='bbox 1213 2939 1253 2962; x_wconf 84' lang='lat' dir='ltr'>ul-</span> 
     </span>
     <span class='ocr_line' id='line_1_39' title="bbox 246 2980 717 3005; baseline -0.002 -1"><span class='ocrx_word' id='word_1_257' title='bbox 246 2981 441 3005; x_wconf 49' lang='lat' dir='ltr'>terieurcnient</span> <span class='ocrx_word' id='word_1_258' title='bbox 457 2980 576 3003; x_wconf 80' lang='lat' dir='ltr'>d&#39;autres</span> <span class='ocrx_word' id='word_1_259' title='bbox 593 2981 623 3002; x_wconf 68' lang='lat'>111</span> <span class='ocrx_word' id='word_1_260' title='bbox 641 2987 663 3003; x_wconf 83' lang='lat' dir='ltr'>e.</span> <span class='ocrx_word' id='word_1_261' title='bbox 681 2986 717 3003; x_wconf 87' lang='lat' dir='ltr'>m.</span> 
     </span>
    </p>
   </div>
   <div class='ocr_carea' id='block_1_18' title="bbox 1334 362 2335 449">
    <p class='ocr_par' dir='ltr' id='par_1_22' title="bbox 1334 362 2335 449">
     <span class='ocr_line' id='line_1_40' title="bbox 1335 362 2335 402; baseline -0.003 -8"><span class='ocrx_word' id='word_1_262' title='bbox 1335 369 1520 402; x_wconf 75' lang='lat' dir='ltr'>hortaturque</span> <span class='ocrx_word' id='word_1_263' title='bbox 1539 372 1567 393; x_wconf 90' lang='lat' dir='ltr'>nt</span> <span class='ocrx_word' id='word_1_264' title='bbox 1585 367 1768 393; x_wconf 73' lang='lat' dir='ltr'>Gnillcluinni</span> <span class='ocrx_word' id='word_1_265' title='bbox 1791 367 1825 391; x_wconf 58' lang='lat'>«10</span> <span class='ocrx_word' id='word_1_266' title='bbox 1841 364 1962 398; x_wconf 69' lang='lat' dir='ltr'>Chyerio</span> <span class='ocrx_word' id='word_1_267' title='bbox 1983 368 2009 389; x_wconf 87' lang='lat' dir='ltr'>et</span> <span class='ocrx_word' id='word_1_268' title='bbox 2029 362 2190 389; x_wconf 69' lang='lat' dir='ltr'>Mattianum</span> <span class='ocrx_word' id='word_1_269' title='bbox 2210 362 2245 389; x_wconf 87' lang='lat' dir='ltr'>de</span> <span class='ocrx_word' id='word_1_270' title='bbox 2266 363 2335 391; x_wconf 86' lang='lat' dir='ltr'>civi-</span> 
     </span>
     <span class='ocr_line' id='line_1_41' title="bbox 1334 411 2267 449; baseline -0.005 -6"><span class='ocrx_word' id='word_1_271' title='bbox 1334 420 1390 443; x_wconf 81' lang='lat' dir='ltr'>tate</span> <span class='ocrx_word' id='word_1_272' title='bbox 1405 416 1542 443; x_wconf 73' lang='lat' dir='ltr'>&#39;l‘heatiua</span> <span class='ocrx_word' id='word_1_273' title='bbox 1559 416 1681 449; x_wconf 75' lang='lat' dir='ltr'>benigne</span> <span class='ocrx_word' id='word_1_274' title='bbox 1698 415 1845 448; x_wconf 80' lang='lat' dir='ltr'>recipiant.</span> <span class='ocrx_word' id='word_1_275' title='bbox 1864 413 1946 445; x_wconf 65' lang='lat' dir='ltr'>(itm.</span> <span class='ocrx_word' id='word_1_276' title='bbox 1958 413 2000 445; x_wconf 83' lang='grc'>46,</span> <span class='ocrx_word' id='word_1_277' title='bbox 2013 420 2038 438; x_wconf 89' lang='lat' dir='ltr'>c.</span> <span class='ocrx_word' id='word_1_278' title='bbox 2055 412 2098 445; x_wconf 68' lang='lat'>66,</span> <span class='ocrx_word' id='word_1_279' title='bbox 2116 411 2133 437; x_wconf 80' lang='lat' dir='ltr'>f.</span> <span class='ocrx_word' id='word_1_280' title='bbox 2156 411 2202 438; x_wconf 71' lang='lat'>178</span> <span class='ocrx_word' id='word_1_281' title='bbox 2217 413 2267 444; x_wconf 68' lang='grc' dir='ltr'><strong>νο.)</strong></span> 
     </span>
    </p>
   </div>
   <div class='ocr_carea' id='block_1_19' title="bbox 1335 513 2334 927">
    <p class='ocr_par' dir='ltr' id='par_1_23' title="bbox 1376 513 2223 551">
     <span class='ocr_line' id='line_1_42' title="bbox 1376 513 2223 551; baseline -0.006 -4"><span class='ocrx_word' id='word_1_282' title='bbox 1376 518 1537 547; x_wconf 74' lang='lat' dir='ltr'>Carissimo</span> <span class='ocrx_word' id='word_1_283' title='bbox 1556 519 1585 546; x_wconf 72' lang='lat' dir='ltr'>isi</span> <span class='ocrx_word' id='word_1_284' title='bbox 1603 518 1719 547; x_wconf 82' lang='lat' dir='ltr'>Christo</span> <span class='ocrx_word' id='word_1_285' title='bbox 1737 516 1801 551; x_wconf 72' lang='lat' dir='ltr'>filio</span> <span class='ocrx_word' id='word_1_286' title='bbox 1817 537 1838 544; x_wconf 91' lang='lat'>..</span> <span class='ocrx_word' id='word_1_287' title='bbox 1855 516 1920 551; x_wconf 59' lang='lat' dir='ltr'>req?</span> <span class='ocrx_word' id='word_1_288' title='bbox 1938 514 2079 542; x_wconf 74' lang='lat' dir='ltr'>Armenie</span> <span class='ocrx_word' id='word_1_289' title='bbox 2097 513 2223 542; x_wconf 76' lang='lat' dir='ltr'>illustri.</span> 
     </span>
    </p>

    <p class='ocr_par' dir='ltr' id='par_1_24' title="bbox 1335 565 2334 660">
     <span class='ocr_line' id='line_1_43' title="bbox 1376 565 2334 604; baseline -0.002 -6"><span class='ocrx_word' id='word_1_290' title='bbox 1376 584 1387 598; x_wconf 81' lang='lat' dir='ltr'>u</span> <span class='ocrx_word' id='word_1_291' title='bbox 1409 570 1628 600; x_wconf 77' lang='lat' dir='ltr'>Precurrentis</span> <span class='ocrx_word' id='word_1_292' title='bbox 1646 570 1728 599; x_wconf 79' lang='lat' dir='ltr'>fame</span> <span class='ocrx_word' id='word_1_293' title='bbox 1745 568 1936 598; x_wconf 71' lang='lat' dir='ltr'>relatibus...</span> <span class='ocrx_word' id='word_1_294' title='bbox 1953 583 1990 589; x_wconf 95' lang='lat'>--</span> <span class='ocrx_word' id='word_1_295' title='bbox 2007 566 2077 595; x_wconf 88' lang='lat' dir='ltr'>Dat.</span> <span class='ocrx_word' id='word_1_296' title='bbox 2096 565 2179 604; x_wconf 86' lang='lat' dir='ltr'>apud</span> <span class='ocrx_word' id='word_1_297' title='bbox 2201 565 2334 596; x_wconf 84' lang='lat' dir='ltr'>Urbem-</span> 
     </span>
     <span class='ocr_line' id='line_1_44' title="bbox 1335 621 2178 660; baseline -0.006 -7"><span class='ocrx_word' id='word_1_298' title='bbox 1335 627 1484 659; x_wconf 82' lang='lat' dir='ltr'>veterem,</span> <span class='ocrx_word' id='word_1_299' title='bbox 1504 633 1519 652; x_wconf 81' lang='lat' dir='ltr'>x</span> <span class='ocrx_word' id='word_1_300' title='bbox 1534 623 1688 653; x_wconf 81' lang='lat' dir='ltr'>kalendas</span> <span class='ocrx_word' id='word_1_301' title='bbox 1704 621 1902 660; x_wconf 86' lang='lat' dir='ltr'>septembris,</span> <span class='ocrx_word' id='word_1_302' title='bbox 1922 628 2007 650; x_wconf 88' lang='lat' dir='ltr'>auno</span> <span class='ocrx_word' id='word_1_303' title='bbox 2023 622 2143 658; x_wconf 86' lang='lat' dir='ltr'>quarto.</span> <span class='ocrx_word' id='word_1_304' title='bbox 2165 630 2178 645; x_wconf 74' lang='lat' dir='ltr'>n</span> 
     </span>
    </p>

    <p class='ocr_par' dir='ltr' id='par_1_25' title="bbox 1374 676 1872 715">
     <span class='ocr_line' id='line_1_45' title="bbox 1374 676 1872 715; baseline -0.004 -9"><span class='ocrx_word' id='word_1_305' title='bbox 1374 677 1410 706; x_wconf 92' lang='lat' dir='ltr'>In</span> <span class='ocrx_word' id='word_1_306' title='bbox 1429 686 1455 707; x_wconf 89' lang='lat' dir='ltr'>e.</span> <span class='ocrx_word' id='word_1_307' title='bbox 1471 686 1514 706; x_wconf 89' lang='lat' dir='ltr'>m.</span> <span class='ocrx_word' id='word_1_308' title='bbox 1536 700 1555 706; x_wconf 93' lang='lat'>..</span> <span class='ocrx_word' id='word_1_309' title='bbox 1574 676 1638 714; x_wconf 69' lang='lat' dir='ltr'>rogi</span> <span class='ocrx_word' id='word_1_310' title='bbox 1658 676 1872 715; x_wconf 84' lang='lat' dir='ltr'>Hyberornm.</span> 
     </span>
    </p>

    <p class='ocr_par' dir='ltr' id='par_1_26' title="bbox 1377 729 1808 767">
     <span class='ocr_line' id='line_1_46' title="bbox 1377 729 1808 767; baseline -0.002 -9"><span class='ocrx_word' id='word_1_311' title='bbox 1377 731 1413 759; x_wconf 90' lang='lat' dir='ltr'>In</span> <span class='ocrx_word' id='word_1_312' title='bbox 1430 739 1456 759; x_wconf 87' lang='lat' dir='ltr'>e.</span> <span class='ocrx_word' id='word_1_313' title='bbox 1478 739 1519 759; x_wconf 89' lang='lat' dir='ltr'>m.</span> <span class='ocrx_word' id='word_1_314' title='bbox 1540 752 1560 759; x_wconf 93' lang='lat'>..</span> <span class='ocrx_word' id='word_1_315' title='bbox 1580 730 1646 767; x_wconf 80' lang='lat' dir='ltr'>regi</span> <span class='ocrx_word' id='word_1_316' title='bbox 1664 729 1808 766; x_wconf 81' lang='lat' dir='ltr'>Jurgiae.</span> 
     </span>
    </p>

    <p class='ocr_par' dir='ltr' id='par_1_27' title="bbox 1374 780 2029 821">
     <span class='ocr_line' id='line_1_47' title="bbox 1374 780 2029 821; baseline -0.005 -9"><span class='ocrx_word' id='word_1_317' title='bbox 1374 783 1411 812; x_wconf 84' lang='lat' dir='ltr'>In</span> <span class='ocrx_word' id='word_1_318' title='bbox 1429 792 1456 812; x_wconf 85' lang='lat' dir='ltr'>e.</span> <span class='ocrx_word' id='word_1_319' title='bbox 1475 792 1517 812; x_wconf 91' lang='lat' dir='ltr'>m.</span> <span class='ocrx_word' id='word_1_320' title='bbox 1533 805 1552 812; x_wconf 89' lang='lat'>..</span> <span class='ocrx_word' id='word_1_321' title='bbox 1569 782 1752 821; x_wconf 86' lang='lat' dir='ltr'>imperatori</span> <span class='ocrx_word' id='word_1_322' title='bbox 1769 780 2029 819; x_wconf 87' lang='lat' dir='ltr'>Trapensundae.</span> 
     </span>
    </p>

    <p class='ocr_par' dir='ltr' id='par_1_28' title="bbox 1375 834 1987 873">
     <span class='ocr_line' id='line_1_48' title="bbox 1375 834 1987 873; baseline -0.005 -8"><span class='ocrx_word' id='word_1_323' title='bbox 1375 836 1410 865; x_wconf 89' lang='lat' dir='ltr'>In</span> <span class='ocrx_word' id='word_1_324' title='bbox 1431 845 1457 865; x_wconf 89' lang='lat' dir='ltr'>e.</span> <span class='ocrx_word' id='word_1_325' title='bbox 1477 846 1518 865; x_wconf 89' lang='lat'>111.</span> <span class='ocrx_word' id='word_1_326' title='bbox 1541 859 1560 865; x_wconf 91' lang='lat'>..</span> <span class='ocrx_word' id='word_1_327' title='bbox 1580 834 1764 873; x_wconf 81' lang='lat' dir='ltr'>imperatori</span> <span class='ocrx_word' id='word_1_328' title='bbox 1781 834 1987 864; x_wconf 78' lang='lat' dir='ltr'>Graecorum.</span> 
     </span>
    </p>

    <p class='ocr_par' dir='ltr' id='par_1_29' title="bbox 1376 884 2280 927">
     <span class='ocr_line' id='line_1_49' title="bbox 1376 884 2280 927; baseline -0.006 -8"><span class='ocrx_word' id='word_1_329' title='bbox 1376 891 1412 919; x_wconf 90' lang='lat' dir='ltr'>In</span> <span class='ocrx_word' id='word_1_330' title='bbox 1430 899 1457 919; x_wconf 88' lang='lat' dir='ltr'>e.</span> <span class='ocrx_word' id='word_1_331' title='bbox 1477 899 1519 920; x_wconf 89' lang='lat' dir='ltr'>m.</span> <span class='ocrx_word' id='word_1_332' title='bbox 1539 889 1675 927; x_wconf 81' lang='lat' dir='ltr'>Argoni,</span> <span class='ocrx_word' id='word_1_333' title='bbox 1691 888 1759 926; x_wconf 83' lang='lat' dir='ltr'>regi</span> <span class='ocrx_word' id='word_1_334' title='bbox 1772 888 1977 917; x_wconf 88' lang='lat' dir='ltr'>Tartarorum</span> <span class='ocrx_word' id='word_1_335' title='bbox 1992 886 2140 924; x_wconf 65' lang='lat' dir='ltr'>(emm,</span> <span class='ocrx_word' id='word_1_336' title='bbox 2159 884 2280 924; x_wconf 72' lang='lat'>23797.)</span> 
     </span>
    </p>
   </div>
   <div class='ocr_carea' id='block_1_20' title="bbox 1407 1076 1657 1105">
    <p class='ocr_par' dir='ltr' id='par_1_30' title="bbox 1407 1076 1657 1105">
     <span class='ocr_line' id='line_1_50' title="bbox 1407 1076 1657 1105; baseline 0 -2"><span class='ocrx_word' id='word_1_337' title='bbox 1407 1076 1657 1105; x_wconf 76' lang='grc'><strong>6815-6816</strong></span> 
     </span>
    </p>
   </div>
   <div class='ocr_carea' id='block_1_21' title="bbox 1335 1135 2340 1368">
    <p class='ocr_par' dir='ltr' id='par_1_31' title="bbox 1335 1135 2340 1368">
     <span class='ocr_line' id='line_1_51' title="bbox 1373 1135 2339 1173; baseline -0.002 -8"><span class='ocrx_word' id='word_1_338' title='bbox 1373 1139 1501 1173; x_wconf 79' lang='lat' dir='ltr'>Reginas</span> <span class='ocrx_word' id='word_1_339' title='bbox 1516 1139 1699 1166; x_wconf 77' lang='lat' dir='ltr'>Tartaroruni</span> <span class='ocrx_word' id='word_1_340' title='bbox 1720 1143 1801 1173; x_wconf 83' lang='lat' dir='ltr'>rogat</span> <span class='ocrx_word' id='word_1_341' title='bbox 1817 1142 1847 1164; x_wconf 89' lang='lat' dir='ltr'>ut</span> <span class='ocrx_word' id='word_1_342' title='bbox 1868 1138 2005 1164; x_wconf 77' lang='lat' dir='ltr'>San-ouem</span> <span class='ocrx_word' id='word_1_343' title='bbox 2022 1139 2050 1162; x_wconf 86' lang='lat' dir='ltr'>et</span> <span class='ocrx_word' id='word_1_344' title='bbox 2070 1135 2251 1170; x_wconf 85' lang='lat' dir='ltr'>Cassianum,</span> <span class='ocrx_word' id='word_1_345' title='bbox 2268 1135 2339 1164; x_wconf 75' lang='lat' dir='ltr'>filios</span> 
     </span>
     <span class='ocr_line' id='line_1_52' title="bbox 1336 1184 2339 1223; baseline -0.002 -9"><span class='ocrx_word' id='word_1_346' title='bbox 1336 1189 1473 1223; x_wconf 81' lang='lat' dir='ltr'>Argonis,</span> <span class='ocrx_word' id='word_1_347' title='bbox 1491 1188 1569 1222; x_wconf 77' lang='lat' dir='ltr'>regis</span> <span class='ocrx_word' id='word_1_348' title='bbox 1583 1188 1783 1221; x_wconf 69' lang='lat' dir='ltr'>Tartar-orum,</span> <span class='ocrx_word' id='word_1_349' title='bbox 1800 1187 1834 1213; x_wconf 85' lang='lat' dir='ltr'>ad</span> <span class='ocrx_word' id='word_1_350' title='bbox 1851 1185 2054 1213; x_wconf 84' lang='lat' dir='ltr'>assumendam</span> <span class='ocrx_word' id='word_1_351' title='bbox 2071 1185 2155 1211; x_wconf 88' lang='lat' dir='ltr'>fidem</span> <span class='ocrx_word' id='word_1_352' title='bbox 2172 1184 2339 1212; x_wconf 77' lang='lat' dir='ltr'>catholicam</span> 
     </span>
     <span class='ocr_line' id='line_1_53' title="bbox 1340 1233 2340 1272; baseline -0.003 -9"><span class='ocrx_word' id='word_1_353' title='bbox 1340 1237 1493 1270; x_wconf 83' lang='lat' dir='ltr'>inducant;</span> <span class='ocrx_word' id='word_1_354' title='bbox 1512 1237 1754 1272; x_wconf 85' lang='lat' dir='ltr'>Guillelmumque</span> <span class='ocrx_word' id='word_1_355' title='bbox 1770 1237 1805 1262; x_wconf 85' lang='lat' dir='ltr'>de</span> <span class='ocrx_word' id='word_1_356' title='bbox 1821 1236 1942 1271; x_wconf 80' lang='lat' dir='ltr'>Chyerio</span> <span class='ocrx_word' id='word_1_357' title='bbox 1957 1238 1985 1261; x_wconf 89' lang='lat' dir='ltr'>et</span> <span class='ocrx_word' id='word_1_358' title='bbox 2001 1234 2164 1261; x_wconf 70' lang='lat' dir='ltr'>Mamaeum</span> <span class='ocrx_word' id='word_1_359' title='bbox 2179 1233 2213 1260; x_wconf 86' lang='lat' dir='ltr'>de</span> <span class='ocrx_word' id='word_1_360' title='bbox 2228 1233 2340 1261; x_wconf 76' lang='lat' dir='ltr'>civitate</span> 
     </span>
     <span class='ocr_line' id='line_1_54' title="bbox 1335 1282 2338 1321; baseline -0.001 -10"><span class='ocrx_word' id='word_1_361' title='bbox 1335 1285 1472 1312; x_wconf 84' lang='lat' dir='ltr'>Theatina</span> <span class='ocrx_word' id='word_1_362' title='bbox 1490 1286 1612 1321; x_wconf 80' lang='lat' dir='ltr'>benigne</span> <span class='ocrx_word' id='word_1_363' title='bbox 1629 1286 1777 1321; x_wconf 86' lang='lat' dir='ltr'>recipiant.</span> <span class='ocrx_word' id='word_1_364' title='bbox 1796 1285 1877 1317; x_wconf 68' lang='lat' dir='ltr'>(Rea.</span> <span class='ocrx_word' id='word_1_365' title='bbox 1900 1285 1943 1318; x_wconf 85' lang='grc'><strong>46,</strong></span> <span class='ocrx_word' id='word_1_366' title='bbox 1960 1292 1985 1311; x_wconf 92' lang='lat' dir='ltr'>c.</span> <span class='ocrx_word' id='word_1_367' title='bbox 2002 1284 2045 1318; x_wconf 78' lang='lat'>67,</span> <span class='ocrx_word' id='word_1_368' title='bbox 2063 1284 2081 1310; x_wconf 81' lang='lat' dir='ltr'>f.</span> <span class='ocrx_word' id='word_1_369' title='bbox 2101 1283 2149 1310; x_wconf 82' lang='grc'>179</span> <span class='ocrx_word' id='word_1_370' title='bbox 2164 1289 2207 1317; x_wconf 86' lang='lat' dir='ltr'>r⁰;</span> <span class='ocrx_word' id='word_1_371' title='bbox 2225 1282 2338 1316; x_wconf 57' lang='lat' dir='ltr'>Porum,</span> 
     </span>
     <span class='ocr_line' id='line_1_55' title="bbox 1335 1334 1445 1368; baseline 0.009 -7"><span class='ocrx_word' id='word_1_372' title='bbox 1335 1334 1445 1368; x_wconf 68' lang='lat'>23774.)</span> 
     </span>
    </p>
   </div>
   <div class='ocr_carea' id='block_1_22' title="bbox 1915 1072 2269 1106">
    <p class='ocr_par' dir='ltr' id='par_1_32' title="bbox 1915 1072 2269 1106">
     <span class='ocr_line' id='line_1_56' title="bbox 1915 1072 2269 1106; baseline 0 -5"><span class='ocrx_word' id='word_1_373' title='bbox 1915 1074 2042 1106; x_wconf 85' lang='lat' dir='ltr'>Orvieto,</span> <span class='ocrx_word' id='word_1_374' title='bbox 2063 1072 2092 1100; x_wconf 87' lang='grc'>13</span> <span class='ocrx_word' id='word_1_375' title='bbox 2108 1073 2175 1099; x_wconf 77' lang='lat' dir='ltr'>nont</span> <span class='ocrx_word' id='word_1_376' title='bbox 2195 1072 2269 1100; x_wconf 71' lang='lat'>1291.</span> 
     </span>
    </p>
   </div>
   <div class='ocr_carea' id='block_1_23' title="bbox 1337 1433 2341 1688">
    <p class='ocr_par' dir='ltr' id='par_1_33' title="bbox 1337 1433 2339 1521">
     <span class='ocr_line' id='line_1_57' title="bbox 1379 1433 2339 1474; baseline -0.003 -7"><span class='ocrx_word' id='word_1_377' title='bbox 1379 1439 1540 1467; x_wconf 77' lang='lat' dir='ltr'>Carissime</span> <span class='ocrx_word' id='word_1_378' title='bbox 1562 1438 1593 1466; x_wconf 82' lang='lat' dir='ltr'>in</span> <span class='ocrx_word' id='word_1_379' title='bbox 1617 1437 1735 1466; x_wconf 76' lang='lat' dir='ltr'>Christo</span> <span class='ocrx_word' id='word_1_380' title='bbox 1751 1437 1813 1474; x_wconf 78' lang='lat' dir='ltr'>filie</span> <span class='ocrx_word' id='word_1_381' title='bbox 1834 1436 2086 1471; x_wconf 73' lang='lat' dir='ltr'>Anicbohamini,</span> <span class='ocrx_word' id='word_1_382' title='bbox 2115 1435 2218 1473; x_wconf 65' lang='lat' dir='ltr'>regine</span> <span class='ocrx_word' id='word_1_383' title='bbox 2238 1433 2339 1464; x_wconf 81' lang='lat' dir='ltr'>Tarta·</span> 
     </span>
     <span class='ocr_line' id='line_1_58' title="bbox 1337 1492 1588 1521; baseline -0.008 0"><span class='ocrx_word' id='word_1_384' title='bbox 1337 1501 1443 1521; x_wconf 83' lang='lat' dir='ltr'>rorum</span> <span class='ocrx_word' id='word_1_385' title='bbox 1461 1492 1588 1520; x_wconf 74' lang='lat' dir='ltr'>illustri.</span> 
     </span>
    </p>

    <p class='ocr_par' dir='ltr' id='par_1_34' title="bbox 1337 1541 2341 1636">
     <span class='ocr_line' id='line_1_59' title="bbox 1378 1541 2341 1581; baseline 0 -10"><span class='ocrx_word' id='word_1_386' title='bbox 1378 1557 1392 1571; x_wconf 83' lang='lat'>«</span> <span class='ocrx_word' id='word_1_387' title='bbox 1419 1544 1603 1574; x_wconf 85' lang='lat' dir='ltr'>Gaudemus</span> <span class='ocrx_word' id='word_1_388' title='bbox 1624 1544 1658 1573; x_wconf 91' lang='lat' dir='ltr'>in</span> <span class='ocrx_word' id='word_1_389' title='bbox 1682 1543 1857 1575; x_wconf 84' lang='lat' dir='ltr'>Domino...</span> <span class='ocrx_word' id='word_1_390' title='bbox 1880 1560 1917 1564; x_wconf 93' lang='lat'><em>—</em></span> <span class='ocrx_word' id='word_1_391' title='bbox 1938 1543 2009 1572; x_wconf 79' lang='lat' dir='ltr'>Dat.</span> <span class='ocrx_word' id='word_1_392' title='bbox 2027 1542 2110 1581; x_wconf 84' lang='lat' dir='ltr'>apud</span> <span class='ocrx_word' id='word_1_393' title='bbox 2135 1541 2341 1572; x_wconf 76' lang='lat' dir='ltr'>Urbemvete-</span> 
     </span>
     <span class='ocr_line' id='line_1_60' title="bbox 1337 1597 1971 1636; baseline -0.002 -9"><span class='ocrx_word' id='word_1_394' title='bbox 1337 1607 1417 1634; x_wconf 85' lang='lat' dir='ltr'>rem,</span> <span class='ocrx_word' id='word_1_395' title='bbox 1434 1597 1541 1627; x_wconf 88' lang='lat' dir='ltr'>idibus</span> <span class='ocrx_word' id='word_1_396' title='bbox 1559 1597 1699 1636; x_wconf 80' lang='lat' dir='ltr'>augusti,</span> <span class='ocrx_word' id='word_1_397' title='bbox 1717 1605 1802 1627; x_wconf 90' lang='lat' dir='ltr'>anno</span> <span class='ocrx_word' id='word_1_398' title='bbox 1814 1601 1938 1635; x_wconf 85' lang='lat' dir='ltr'>quarto.</span> <span class='ocrx_word' id='word_1_399' title='bbox 1958 1608 1971 1623; x_wconf 71' lang='grc' dir='ltr'><strong>ν</strong></span> 
     </span>
    </p>

    <p class='ocr_par' dir='ltr' id='par_1_35' title="bbox 1379 1650 2178 1688">
     <span class='ocr_line' id='line_1_61' title="bbox 1379 1650 2178 1688; baseline -0.004 -7"><span class='ocrx_word' id='word_1_400' title='bbox 1379 1652 1414 1681; x_wconf 87' lang='lat' dir='ltr'>Iu</span> <span class='ocrx_word' id='word_1_401' title='bbox 1431 1661 1457 1681; x_wconf 84' lang='lat' dir='ltr'>e.</span> <span class='ocrx_word' id='word_1_402' title='bbox 1477 1661 1520 1681; x_wconf 90' lang='lat' dir='ltr'>m.</span> <span class='ocrx_word' id='word_1_403' title='bbox 1542 1651 1797 1687; x_wconf 84' lang='lat' dir='ltr'>Dathauaticato,</span> <span class='ocrx_word' id='word_1_404' title='bbox 1816 1650 1946 1688; x_wconf 80' lang='lat' dir='ltr'>reginae</span> <span class='ocrx_word' id='word_1_405' title='bbox 1962 1650 2178 1680; x_wconf 80' lang='lat' dir='ltr'>Tartarei-um.</span> 
     </span>
    </p>
   </div>
   <div class='ocr_carea' id='block_1_24' title="bbox 1410 1838 1663 1867">
    <p class='ocr_par' dir='ltr' id='par_1_36' title="bbox 1410 1838 1663 1867">
     <span class='ocr_line' id='line_1_62' title="bbox 1410 1838 1663 1867; baseline 0 -1"><span class='ocrx_word' id='word_1_406' title='bbox 1410 1839 1491 1867; x_wconf 81' lang='grc'>681</span> <span class='ocrx_word' id='word_1_407' title='bbox 1501 1838 1663 1867; x_wconf 66' lang='lat'>*2-(3819</span> 
     </span>
    </p>
   </div>
   <div class='ocr_carea' id='block_1_25' title="bbox 1339 1899 2344 2032">
    <p class='ocr_par' dir='ltr' id='par_1_37' title="bbox 1339 1899 2344 2032">
     <span class='ocr_line' id='line_1_63' title="bbox 1375 1899 2343 1934; baseline 0.002 -8"><span class='ocrx_word' id='word_1_408' title='bbox 1375 1899 1462 1926; x_wconf 81' lang='lat' dir='ltr'>Filios</span> <span class='ocrx_word' id='word_1_409' title='bbox 1483 1900 1610 1934; x_wconf 86' lang='lat' dir='ltr'>Argonis</span> <span class='ocrx_word' id='word_1_410' title='bbox 1621 1920 1628 1932; x_wconf 86' lang='lat'>‚</span> <span class='ocrx_word' id='word_1_411' title='bbox 1655 1900 1733 1934; x_wconf 84' lang='lat' dir='ltr'>regis</span> <span class='ocrx_word' id='word_1_412' title='bbox 1756 1899 1939 1927; x_wconf 88' lang='lat' dir='ltr'>Tartarorum</span> <span class='ocrx_word' id='word_1_413' title='bbox 1949 1920 1956 1931; x_wconf 91' lang='lat'>,</span> <span class='ocrx_word' id='word_1_414' title='bbox 1982 1899 2084 1926; x_wconf 80' lang='lat' dir='ltr'>suadet</span> <span class='ocrx_word' id='word_1_415' title='bbox 2108 1904 2139 1927; x_wconf 81' lang='lat' dir='ltr'>ut</span> <span class='ocrx_word' id='word_1_416' title='bbox 2161 1899 2343 1928; x_wconf 84' lang='lat' dir='ltr'>christianam</span> 
     </span>
     <span class='ocr_line' id='line_1_64' title="bbox 1339 1947 2344 1983; baseline 0 -8"><span class='ocrx_word' id='word_1_417' title='bbox 1339 1949 1422 1975; x_wconf 85' lang='lat' dir='ltr'>fidem</span> <span class='ocrx_word' id='word_1_418' title='bbox 1433 1948 1593 1983; x_wconf 82' lang='lat' dir='ltr'>suscipiant</span> <span class='ocrx_word' id='word_1_419' title='bbox 1607 1947 1839 1982; x_wconf 85' lang='lat' dir='ltr'>christianosque</span> <span class='ocrx_word' id='word_1_420' title='bbox 1852 1947 1880 1974; x_wconf 90' lang='lat' dir='ltr'>in</span> <span class='ocrx_word' id='word_1_421' title='bbox 1892 1947 2046 1975; x_wconf 75' lang='lat' dir='ltr'>Tartar-icis</span> <span class='ocrx_word' id='word_1_422' title='bbox 2062 1948 2191 1983; x_wconf 88' lang='lat' dir='ltr'>partibus</span> <span class='ocrx_word' id='word_1_423' title='bbox 2203 1951 2344 1976; x_wconf 83' lang='lat' dir='ltr'>morantes</span> 
     </span>
     <span class='ocr_line' id='line_1_65' title="bbox 1339 1996 2330 2032; baseline 0 -8"><span class='ocrx_word' id='word_1_424' title='bbox 1339 1998 1457 2032; x_wconf 84' lang='lat' dir='ltr'>diligere</span> <span class='ocrx_word' id='word_1_425' title='bbox 1474 2006 1530 2024; x_wconf 90' lang='lat' dir='ltr'>non</span> <span class='ocrx_word' id='word_1_426' title='bbox 1543 2001 1669 2025; x_wconf 85' lang='lat' dir='ltr'>cessent.</span> <span class='ocrx_word' id='word_1_427' title='bbox 1682 1997 1763 2030; x_wconf 71' lang='lat' dir='ltr'>(Rae.</span> <span class='ocrx_word' id='word_1_428' title='bbox 1777 1997 1819 2029; x_wconf 86' lang='grc'>46,</span> <span class='ocrx_word' id='word_1_429' title='bbox 1833 2006 1858 2025; x_wconf 92' lang='lat' dir='ltr'>c.</span> <span class='ocrx_word' id='word_1_430' title='bbox 1872 1997 1914 2029; x_wconf 83' lang='grc'>68,</span> <span class='ocrx_word' id='word_1_431' title='bbox 1928 1997 1947 2025; x_wconf 85' lang='lat' dir='ltr'>f.</span> <span class='ocrx_word' id='word_1_432' title='bbox 1964 1997 2012 2024; x_wconf 83' lang='lat'>179</span> <span class='ocrx_word' id='word_1_433' title='bbox 2027 2003 2070 2031; x_wconf 83' lang='lat' dir='ltr'>r⁰;</span> <span class='ocrx_word' id='word_1_434' title='bbox 2090 1996 2206 2031; x_wconf 61' lang='lat' dir='ltr'>Pori-n„</span> <span class='ocrx_word' id='word_1_435' title='bbox 2222 1997 2330 2030; x_wconf 71' lang='lat'>23798.)</span> 
     </span>
    </p>
   </div>
   <div class='ocr_carea' id='block_1_26' title="bbox 1920 1836 2274 1868">
    <p class='ocr_par' dir='ltr' id='par_1_38' title="bbox 1920 1836 2274 1868">
     <span class='ocr_line' id='line_1_66' title="bbox 1920 1836 2274 1868; baseline 0.003 -5"><span class='ocrx_word' id='word_1_436' title='bbox 1920 1836 2047 1868; x_wconf 83' lang='lat' dir='ltr'>Orvieto,</span> <span class='ocrx_word' id='word_1_437' title='bbox 2063 1836 2097 1863; x_wconf 76' lang='lat'>‘23</span> <span class='ocrx_word' id='word_1_438' title='bbox 2113 1837 2180 1864; x_wconf 76' lang='lat' dir='ltr'>aont</span> <span class='ocrx_word' id='word_1_439' title='bbox 2198 1836 2274 1864; x_wconf 77' lang='lat'>1291.</span> 
     </span>
    </p>
   </div>
   <div class='ocr_carea' id='block_1_27' title="bbox 1337 2099 2345 2407">
    <p class='ocr_par' dir='ltr' id='par_1_39' title="bbox 1337 2099 2345 2248">
     <span class='ocr_line' id='line_1_67' title="bbox 1378 2099 2345 2139; baseline -0.002 -8"><span class='ocrx_word' id='word_1_440' title='bbox 1378 2101 1478 2131; x_wconf 79' lang='lat' dir='ltr'>Nobili</span> <span class='ocrx_word' id='word_1_441' title='bbox 1499 2102 1566 2131; x_wconf 84' lang='lat' dir='ltr'>viro</span> <span class='ocrx_word' id='word_1_442' title='bbox 1587 2100 1715 2136; x_wconf 82' lang='lat' dir='ltr'>Saroni,</span> <span class='ocrx_word' id='word_1_443' title='bbox 1740 2105 1810 2129; x_wconf 82' lang='grc' dir='ltr'><em>ηαιο</em></span> <span class='ocrx_word' id='word_1_444' title='bbox 1834 2099 1989 2139; x_wconf 75' lang='lat' dir='ltr'>maynifici</span> <span class='ocrx_word' id='word_1_445' title='bbox 2012 2100 2075 2129; x_wconf 75' lang='lat' dir='ltr'>viri</span> <span class='ocrx_word' id='word_1_446' title='bbox 2096 2100 2244 2137; x_wconf 73' lang='lat' dir='ltr'>Arqonis,</span> <span class='ocrx_word' id='word_1_447' title='bbox 2267 2099 2345 2138; x_wconf 69' lang='lat' dir='ltr'>reyis</span> 
     </span>
     <span class='ocr_line' id='line_1_68' title="bbox 1342 2153 2345 2191; baseline -0.002 -6"><span class='ocrx_word' id='word_1_448' title='bbox 1342 2156 1541 2185; x_wconf 75' lang='lat' dir='ltr'>Tartarorum</span> <span class='ocrx_word' id='word_1_449' title='bbox 1559 2154 1698 2189; x_wconf 79' lang='lat' dir='ltr'>illustris,</span> <span class='ocrx_word' id='word_1_450' title='bbox 1722 2154 1858 2191; x_wconf 74' lang='lat' dir='ltr'>qratiam</span> <span class='ocrx_word' id='word_1_451' title='bbox 1873 2154 1906 2182; x_wconf 81' lang='lat' dir='ltr'>in</span> <span class='ocrx_word' id='word_1_452' title='bbox 1918 2154 2053 2191; x_wconf 77' lang='lat' dir='ltr'>presenti</span> <span class='ocrx_word' id='word_1_453' title='bbox 2072 2161 2129 2191; x_wconf 76' lang='lat' dir='ltr'>que</span> <span class='ocrx_word' id='word_1_454' title='bbox 2146 2153 2290 2190; x_wconf 79' lang='lat' dir='ltr'>perducat</span> <span class='ocrx_word' id='word_1_455' title='bbox 2307 2153 2345 2183; x_wconf 71' lang='lat' dir='ltr'>aa</span> 
     </span>
     <span class='ocr_line' id='line_1_69' title="bbox 1337 2208 1650 2248; baseline -0.006 -9"><span class='ocrx_word' id='word_1_456' title='bbox 1337 2209 1471 2248; x_wconf 72' lang='lat' dir='ltr'>ytortam</span> <span class='ocrx_word' id='word_1_457' title='bbox 1485 2208 1519 2238; x_wconf 85' lang='lat' dir='ltr'>in</span> <span class='ocrx_word' id='word_1_458' title='bbox 1532 2210 1650 2246; x_wconf 81' lang='lat' dir='ltr'>futuro.</span> 
     </span>
    </p>

    <p class='ocr_par' dir='ltr' id='par_1_40' title="bbox 1340 2260 2345 2354">
     <span class='ocr_line' id='line_1_70' title="bbox 1380 2260 2345 2300; baseline 0.001 -11"><span class='ocrx_word' id='word_1_459' title='bbox 1380 2274 1394 2289; x_wconf 77' lang='lat' dir='ltr'>&lt;t</span> <span class='ocrx_word' id='word_1_460' title='bbox 1413 2261 1584 2292; x_wconf 84' lang='lat' dir='ltr'>Pastoralis</span> <span class='ocrx_word' id='word_1_461' title='bbox 1599 2261 1695 2291; x_wconf 86' lang='lat' dir='ltr'>officii</span> <span class='ocrx_word' id='word_1_462' title='bbox 1709 2260 1912 2290; x_wconf 86' lang='lat' dir='ltr'>commissi...</span> <span class='ocrx_word' id='word_1_463' title='bbox 1927 2277 1964 2283; x_wconf 89' lang='lat'>-</span> <span class='ocrx_word' id='word_1_464' title='bbox 1980 2261 2051 2291; x_wconf 84' lang='lat' dir='ltr'>Dat.</span> <span class='ocrx_word' id='word_1_465' title='bbox 2068 2261 2152 2300; x_wconf 86' lang='lat' dir='ltr'>apud</span> <span class='ocrx_word' id='word_1_466' title='bbox 2169 2260 2345 2292; x_wconf 84' lang='lat' dir='ltr'>Urbemve-</span> 
     </span>
     <span class='ocr_line' id='line_1_71' title="bbox 1340 2315 2136 2354; baseline -0.003 -8"><span class='ocrx_word' id='word_1_467' title='bbox 1340 2320 1450 2353; x_wconf 84' lang='lat' dir='ltr'>terem,</span> <span class='ocrx_word' id='word_1_468' title='bbox 1467 2325 1485 2345; x_wconf 81' lang='lat' dir='ltr'>x</span> <span class='ocrx_word' id='word_1_469' title='bbox 1498 2315 1651 2345; x_wconf 84' lang='lat' dir='ltr'>kalendas</span> <span class='ocrx_word' id='word_1_470' title='bbox 1667 2315 1867 2354; x_wconf 76' lang='lat' dir='ltr'>septembris,</span> <span class='ocrx_word' id='word_1_471' title='bbox 1884 2323 1970 2345; x_wconf 88' lang='lat' dir='ltr'>anno</span> <span class='ocrx_word' id='word_1_472' title='bbox 1985 2319 2108 2354; x_wconf 86' lang='lat' dir='ltr'>quarto.</span> <span class='ocrx_word' id='word_1_473' title='bbox 2122 2327 2136 2342; x_wconf 78' lang='lat' dir='ltr'>n</span> 
     </span>
    </p>

    <p class='ocr_par' dir='ltr' id='par_1_41' title="bbox 1378 2368 2292 2407">
     <span class='ocr_line' id='line_1_72' title="bbox 1378 2368 2292 2407; baseline 0 -8"><span class='ocrx_word' id='word_1_474' title='bbox 1378 2369 1417 2399; x_wconf 92' lang='lat' dir='ltr'>In</span> <span class='ocrx_word' id='word_1_475' title='bbox 1434 2378 1461 2399; x_wconf 87' lang='lat' dir='ltr'>e.</span> <span class='ocrx_word' id='word_1_476' title='bbox 1478 2378 1521 2399; x_wconf 91' lang='lat' dir='ltr'>m.</span> <span class='ocrx_word' id='word_1_477' title='bbox 1537 2369 1701 2405; x_wconf 82' lang='lat' dir='ltr'>Cassiano,</span> <span class='ocrx_word' id='word_1_478' title='bbox 1720 2373 1793 2398; x_wconf 87' lang='lat' dir='ltr'>nato</span> <span class='ocrx_word' id='word_1_479' title='bbox 1809 2368 1959 2407; x_wconf 80' lang='lat' dir='ltr'>Argonis,</span> <span class='ocrx_word' id='word_1_480' title='bbox 1978 2369 2061 2406; x_wconf 85' lang='lat' dir='ltr'>regis</span> <span class='ocrx_word' id='word_1_481' title='bbox 2076 2369 2292 2399; x_wconf 87' lang='lat' dir='ltr'>Tartarorum.</span> 
     </span>
    </p>
   </div>
   <div class='ocr_carea' id='block_1_28' title="bbox 1920 2448 2274 2480">
    <p class='ocr_par' dir='ltr' id='par_1_42' title="bbox 1920 2448 2274 2480">
     <span class='ocr_line' id='line_1_73' title="bbox 1920 2448 2274 2480; baseline 0.003 -4"><span class='ocrx_word' id='word_1_482' title='bbox 1920 2448 2046 2480; x_wconf 80' lang='lat' dir='ltr'>Orvieto,</span> <span class='ocrx_word' id='word_1_483' title='bbox 2063 2448 2094 2476; x_wconf 72' lang='lat'>‘21</span> <span class='ocrx_word' id='word_1_484' title='bbox 2112 2450 2180 2476; x_wconf 74' lang='lat' dir='ltr'>aont</span> <span class='ocrx_word' id='word_1_485' title='bbox 2197 2449 2274 2477; x_wconf 68' lang='lat'>1291.</span> 
     </span>
    </p>
   </div>
   <div class='ocr_carea' id='block_1_29' title="bbox 1337 2511 2340 2605">
    <p class='ocr_par' dir='ltr' id='par_1_43' title="bbox 1337 2511 2340 2605">
     <span class='ocr_line' id='line_1_74' title="bbox 1378 2511 2340 2550; baseline 0 -8"><span class='ocrx_word' id='word_1_486' title='bbox 1378 2512 1417 2542; x_wconf 91' lang='lat' dir='ltr'>In</span> <span class='ocrx_word' id='word_1_487' title='bbox 1437 2521 1466 2542; x_wconf 89' lang='lat' dir='ltr'>e.</span> <span class='ocrx_word' id='word_1_488' title='bbox 1487 2521 1531 2542; x_wconf 88' lang='lat' dir='ltr'>m.</span> <span class='ocrx_word' id='word_1_489' title='bbox 1549 2512 1743 2550; x_wconf 77' lang='lat' dir='ltr'>Tagharzar,</span> <span class='ocrx_word' id='word_1_490' title='bbox 1765 2511 1838 2541; x_wconf 88' lang='lat' dir='ltr'>duci</span> <span class='ocrx_word' id='word_1_491' title='bbox 1861 2511 2017 2542; x_wconf 81' lang='lat' dir='ltr'>exercitus</span> <span class='ocrx_word' id='word_1_492' title='bbox 2032 2511 2248 2542; x_wconf 84' lang='lat' dir='ltr'>Tartarorum.</span> <span class='ocrx_word' id='word_1_493' title='bbox 2272 2511 2340 2542; x_wconf 83' lang='lat' dir='ltr'>Dat.</span> 
     </span>
     <span class='ocr_line' id='line_1_75' title="bbox 1337 2564 2064 2605; baseline 0 -10"><span class='ocrx_word' id='word_1_494' title='bbox 1337 2574 1379 2596; x_wconf 89' lang='lat' dir='ltr'>xn</span> <span class='ocrx_word' id='word_1_495' title='bbox 1397 2565 1549 2595; x_wconf 84' lang='lat' dir='ltr'>kalendas</span> <span class='ocrx_word' id='word_1_496' title='bbox 1563 2565 1762 2605; x_wconf 82' lang='lat' dir='ltr'>septembris,</span> <span class='ocrx_word' id='word_1_497' title='bbox 1780 2573 1865 2596; x_wconf 89' lang='lat' dir='ltr'>anno</span> <span class='ocrx_word' id='word_1_498' title='bbox 1881 2569 1993 2605; x_wconf 81' lang='lat' dir='ltr'>quarto</span> <span class='ocrx_word' id='word_1_499' title='bbox 2007 2564 2064 2605; x_wconf 89' lang='lat'>(1).</span> 
     </span>
    </p>
   </div>
   <div class='ocr_carea' id='block_1_30' title="bbox 1407 2749 2272 2785">
    <p class='ocr_par' dir='ltr' id='par_1_44' title="bbox 1407 2749 2272 2785">
     <span class='ocr_line' id='line_1_76' title="bbox 1407 2749 2272 2785; baseline -0.001 -6"><span class='ocrx_word' id='word_1_500' title='bbox 1407 2750 1664 2779; x_wconf 69' lang='lat'>8820-8823</span> <span class='ocrx_word' id='word_1_501' title='bbox 1919 2750 2046 2785; x_wconf 87' lang='lat' dir='ltr'>Orvieto,</span> <span class='ocrx_word' id='word_1_502' title='bbox 2067 2750 2095 2777; x_wconf 90' lang='lat'>13</span> <span class='ocrx_word' id='word_1_503' title='bbox 2111 2751 2179 2777; x_wconf 73' lang='lat' dir='ltr'>aout</span> <span class='ocrx_word' id='word_1_504' title='bbox 2195 2749 2272 2778; x_wconf 77' lang='lat'>1291.</span> 
     </span>
    </p>
   </div>
   <div class='ocr_carea' id='block_1_31' title="bbox 1335 2812 2342 2898">
    <p class='ocr_par' dir='ltr' id='par_1_45' title="bbox 1335 2812 2342 2898">
     <span class='ocr_line' id='line_1_77' title="bbox 1371 2812 2342 2849; baseline 0 -9"><span class='ocrx_word' id='word_1_505' title='bbox 1371 2813 1542 2840; x_wconf 81' lang='lat' dir='ltr'>Infradictos</span> <span class='ocrx_word' id='word_1_506' title='bbox 1559 2814 1650 2845; x_wconf 80' lang='lat' dir='ltr'>viros,</span> <span class='ocrx_word' id='word_1_507' title='bbox 1666 2814 1741 2849; x_wconf 87' lang='lat' dir='ltr'>apud</span> <span class='ocrx_word' id='word_1_508' title='bbox 1757 2814 1892 2841; x_wconf 87' lang='lat' dir='ltr'>Tartaros</span> <span class='ocrx_word' id='word_1_509' title='bbox 1908 2817 2067 2848; x_wconf 81' lang='lat' dir='ltr'>morantes,</span> <span class='ocrx_word' id='word_1_510' title='bbox 2082 2813 2224 2840; x_wconf 84' lang='lat' dir='ltr'>collaudat</span> <span class='ocrx_word' id='word_1_511' title='bbox 2245 2813 2280 2840; x_wconf 88' lang='lat' dir='ltr'>de</span> <span class='ocrx_word' id='word_1_512' title='bbox 2299 2812 2342 2840; x_wconf 77' lang='lat' dir='ltr'>eis</span> 
     </span>
     <span class='ocr_line' id='line_1_78' title="bbox 1335 2861 2342 2898; baseline 0 -9"><span class='ocrx_word' id='word_1_513' title='bbox 1335 2869 1408 2897; x_wconf 81' lang='lat' dir='ltr'>quac</span> <span class='ocrx_word' id='word_1_514' title='bbox 1427 2862 1461 2888; x_wconf 89' lang='lat' dir='ltr'>ad</span> <span class='ocrx_word' id='word_1_515' title='bbox 1484 2862 1567 2889; x_wconf 84' lang='lat' dir='ltr'>fidem</span> <span class='ocrx_word' id='word_1_516' title='bbox 1594 2862 1807 2897; x_wconf 85' lang='lat' dir='ltr'>propagandam</span> <span class='ocrx_word' id='word_1_517' title='bbox 1829 2863 1968 2894; x_wconf 78' lang='lat' dir='ltr'>fecerunt,</span> <span class='ocrx_word' id='word_1_518' title='bbox 1986 2863 2086 2898; x_wconf 82' lang='lat' dir='ltr'>eisque</span> <span class='ocrx_word' id='word_1_519' title='bbox 2107 2862 2291 2889; x_wconf 85' lang='lat' dir='ltr'>Guillelmum</span> <span class='ocrx_word' id='word_1_520' title='bbox 2307 2861 2342 2888; x_wconf 89' lang='lat' dir='ltr'>de</span> 
     </span>
    </p>
   </div>
   <div class='ocr_carea' id='block_1_32' title="bbox 1366 2983 1990 3016">
    <p class='ocr_par' dir='ltr' id='par_1_46' title="bbox 1366 2983 1990 3016">
     <span class='ocr_line' id='line_1_79' title="bbox 1366 2983 1990 3016; baseline 0.005 -9"><span class='ocrx_word' id='word_1_521' title='bbox 1366 2983 1401 3015; x_wconf 86' lang='lat'>(1)</span> <span class='ocrx_word' id='word_1_522' title='bbox 1417 2983 1466 3008; x_wconf 85' lang='lat' dir='ltr'>Cet</span> <span class='ocrx_word' id='word_1_523' title='bbox 1483 2988 1513 3009; x_wconf 84' lang='lat' dir='ltr'>Iu</span> <span class='ocrx_word' id='word_1_524' title='bbox 1530 2993 1552 3010; x_wconf 87' lang='lat' dir='ltr'>e.</span> <span class='ocrx_word' id='word_1_525' title='bbox 1572 2993 1606 3009; x_wconf 77' lang='lat' dir='ltr'>ni.</span> <span class='ocrx_word' id='word_1_526' title='bbox 1625 2986 1692 3009; x_wconf 76' lang='lat' dir='ltr'>n&#39;cst</span> <span class='ocrx_word' id='word_1_527' title='bbox 1708 2993 1756 3016; x_wconf 83' lang='lat' dir='ltr'>pas</span> <span class='ocrx_word' id='word_1_528' title='bbox 1772 2986 1840 3009; x_wconf 87' lang='lat' dir='ltr'>dans</span> <span class='ocrx_word' id='word_1_529' title='bbox 1856 2986 1990 3010; x_wconf 83' lang='lat' dir='ltr'>Potthast.</span> 
     </span>
    </p>
   </div>
  </div>
 </body>
</html>
