<?xml version="1.0" encoding="UTF-8"?>
<!DOCTYPE html PUBLIC "-//W3C//DTD XHTML 1.0 Transitional//EN"
    "http://www.w3.org/TR/xhtml1/DTD/xhtml1-transitional.dtd">
<html xmlns="http://www.w3.org/1999/xhtml" xml:lang="en" lang="en">
 <head>
  <title>
</title>
<meta http-equiv="Content-Type" content="text/html;charset=utf-8" />
  <meta name='ocr-system' content='tesseract 3.04.00' />
  <meta name='ocr-capabilities' content='ocr_page ocr_carea ocr_par ocr_line ocrx_word'/>
</head>
<body>
  <div class='ocr_page' id='page_1' title='image "./lesregistresdeni02romeuoft_0279.png"; bbox 0 0 2393 3496; ppageno 0'>
   <div class='ocr_carea' id='block_1_1' title="bbox 6 107 10 607">
    <p class='ocr_par' dir='ltr' id='par_1_1' title="bbox 6 107 10 607">
     <span class='ocr_line' id='line_1_1' title="bbox 6 107 10 607; baseline 0 0"><span class='ocrx_word' id='word_1_1' title='bbox 6 107 10 607; x_wconf 95' lang='lat' dir='ltr'> </span> 
     </span>
    </p>
   </div>
   <div class='ocr_carea' id='block_1_2' title="bbox 894 308 2169 356">
    <p class='ocr_par' dir='ltr' id='par_1_2' title="bbox 894 308 2169 356">
     <span class='ocr_line' id='line_1_2' title="bbox 894 308 2169 356; baseline 0.004 -6"><span class='ocrx_word' id='word_1_2' title='bbox 894 318 1106 350; x_wconf 82' lang='lat' dir='ltr'>REGISTRE</span> <span class='ocrx_word' id='word_1_3' title='bbox 1129 308 1345 351; x_wconf 80' lang='lat' dir='ltr'>CAME&#39;RAL.</span> <span class='ocrx_word' id='word_1_4' title='bbox 2112 324 2169 356; x_wconf 86' lang='lat'>953</span> 
     </span>
    </p>
   </div>
   <div class='ocr_carea' id='block_1_3' title="bbox 107 388 609 483">
    <p class='ocr_par' dir='ltr' id='par_1_3' title="bbox 107 388 609 483">
     <span class='ocr_line' id='line_1_3' title="bbox 142 388 255 418; baseline -0.027 0"><span class='ocrx_word' id='word_1_5' title='bbox 142 388 255 418; x_wconf 66' lang='lat'><strong>‘2063</strong></span> 
     </span>
     <span class='ocr_line' id='line_1_4' title="bbox 107 447 609 483; baseline -0.006 -4"><span class='ocrx_word' id='word_1_6' title='bbox 107 452 149 479; x_wconf 91' lang='lat' dir='ltr'>De</span> <span class='ocrx_word' id='word_1_7' title='bbox 163 450 262 477; x_wconf 88' lang='lat' dir='ltr'>eodem</span> <span class='ocrx_word' id='word_1_8' title='bbox 278 448 403 483; x_wconf 79' lang='lat' dir='ltr'>negotio.</span> <span class='ocrx_word' id='word_1_9' title='bbox 422 447 493 482; x_wconf 87' lang='lat' dir='ltr'>(Fol.</span> <span class='ocrx_word' id='word_1_10' title='bbox 510 449 542 476; x_wconf 86' lang='lat'>15</span> <span class='ocrx_word' id='word_1_11' title='bbox 557 449 609 483; x_wconf 91' lang='lat' dir='ltr'>v⁰.)</span> 
     </span>
    </p>
   </div>
   <div class='ocr_carea' id='block_1_4' title="bbox 692 385 1001 421">
    <p class='ocr_par' dir='ltr' id='par_1_4' title="bbox 692 385 1001 421">
     <span class='ocr_line' id='line_1_5' title="bbox 692 385 1001 421; baseline -0.01 -6"><span class='ocrx_word' id='word_1_12' title='bbox 692 385 780 421; x_wconf 78' lang='lat' dir='ltr'>Rieti,</span> <span class='ocrx_word' id='word_1_13' title='bbox 799 386 830 413; x_wconf 67' lang='grc' dir='ltr'><strong><em>η</em></strong></span> <span class='ocrx_word' id='word_1_14' title='bbox 846 386 908 421; x_wconf 84' lang='lat' dir='ltr'>juin</span> <span class='ocrx_word' id='word_1_15' title='bbox 924 385 1001 413; x_wconf 72' lang='lat'>1238.</span> 
     </span>
    </p>
   </div>
   <div class='ocr_carea' id='block_1_5' title="bbox 70 550 1079 695">
    <p class='ocr_par' dir='ltr' id='par_1_5' title="bbox 70 550 1079 695">
     <span class='ocr_line' id='line_1_6' title="bbox 111 550 1077 588; baseline -0.004 -5"><span class='ocrx_word' id='word_1_16' title='bbox 111 552 231 583; x_wconf 79' lang='lat' dir='ltr'>Dilectis</span> <span class='ocrx_word' id='word_1_17' title='bbox 244 550 320 588; x_wconf 82' lang='lat' dir='ltr'>filiis</span> <span class='ocrx_word' id='word_1_18' title='bbox 338 572 357 579; x_wconf 95' lang='lat'>..</span> <span class='ocrx_word' id='word_1_19' title='bbox 369 552 523 588; x_wconf 77' lang='lat' dir='ltr'>potestati,</span> <span class='ocrx_word' id='word_1_20' title='bbox 539 551 665 580; x_wconf 77' lang='lat' dir='ltr'>consilio</span> <span class='ocrx_word' id='word_1_21' title='bbox 679 556 704 580; x_wconf 80' lang='lat' dir='ltr'>et</span> <span class='ocrx_word' id='word_1_22' title='bbox 717 551 875 580; x_wconf 77' lang='lat' dir='ltr'>communi</span> <span class='ocrx_word' id='word_1_23' title='bbox 887 551 980 580; x_wconf 78' lang='lat' dir='ltr'>castri</span> <span class='ocrx_word' id='word_1_24' title='bbox 992 551 1077 580; x_wconf 84' lang='lat' dir='ltr'>Nim-</span> 
     </span>
     <span class='ocr_line' id='line_1_7' title="bbox 70 603 1079 647; baseline -0.005 -10"><span class='ocrx_word' id='word_1_25' title='bbox 70 607 144 647; x_wconf 75' lang='lat' dir='ltr'>phe,</span> <span class='ocrx_word' id='word_1_26' title='bbox 170 603 355 635; x_wconf 74' lang='lat' dir='ltr'>Velletrensis</span> <span class='ocrx_word' id='word_1_27' title='bbox 377 605 509 633; x_wconf 82' lang='lat' dir='ltr'>diocesis.</span> <span class='ocrx_word' id='word_1_28' title='bbox 530 604 583 633; x_wconf 88' lang='lat' dir='ltr'>Eis</span> <span class='ocrx_word' id='word_1_29' title='bbox 601 604 734 634; x_wconf 89' lang='lat' dir='ltr'>mandat</span> <span class='ocrx_word' id='word_1_30' title='bbox 754 607 789 634; x_wconf 85' lang='lat' dir='ltr'>ut</span> <span class='ocrx_word' id='word_1_31' title='bbox 809 604 864 639; x_wconf 91' lang='lat' dir='ltr'>L.,</span> <span class='ocrx_word' id='word_1_32' title='bbox 887 603 1029 634; x_wconf 79' lang='lat' dir='ltr'>Ostiensi</span> <span class='ocrx_word' id='word_1_33' title='bbox 1048 606 1079 633; x_wconf 85' lang='lat' dir='ltr'>et</span> 
     </span>
     <span class='ocr_line' id='line_1_8' title="bbox 73 656 1077 695; baseline -0.004 -6"><span class='ocrx_word' id='word_1_34' title='bbox 73 656 262 690; x_wconf 83' lang='lat' dir='ltr'>Velletrensi</span> <span class='ocrx_word' id='word_1_35' title='bbox 283 656 445 695; x_wconf 89' lang='lat' dir='ltr'>episcopo,</span> <span class='ocrx_word' id='word_1_36' title='bbox 463 656 501 686; x_wconf 90' lang='lat' dir='ltr'>de</span> <span class='ocrx_word' id='word_1_37' title='bbox 518 656 689 695; x_wconf 87' lang='lat' dir='ltr'>praedictis</span> <span class='ocrx_word' id='word_1_38' title='bbox 705 656 800 686; x_wconf 87' lang='lat' dir='ltr'>libris</span> <span class='ocrx_word' id='word_1_39' title='bbox 820 661 849 686; x_wconf 88' lang='lat' dir='ltr'>et</span> <span class='ocrx_word' id='word_1_40' title='bbox 865 656 992 695; x_wconf 88' lang='lat' dir='ltr'>juribus</span> <span class='ocrx_word' id='word_1_41' title='bbox 1011 664 1077 685; x_wconf 88' lang='lat' dir='ltr'>res-</span> 
     </span>
    </p>
   </div>
   <div class='ocr_carea' id='block_1_6' title="bbox 72 710 817 800">
    <p class='ocr_par' dir='ltr' id='par_1_6' title="bbox 72 710 817 800">
     <span class='ocr_line' id='line_1_9' title="bbox 72 710 241 752; baseline -0.018 -11"><span class='ocrx_word' id='word_1_42' title='bbox 72 710 241 752; x_wconf 80' lang='lat' dir='ltr'><strong>pendeant.</strong></span> 
     </span>
     <span class='ocr_line' id='line_1_10' title="bbox 114 761 817 800; baseline -0.003 -9"><span class='ocrx_word' id='word_1_43' title='bbox 114 774 128 791; x_wconf 76' lang='lat'><strong>«</strong></span> <span class='ocrx_word' id='word_1_44' title='bbox 145 762 303 793; x_wconf 86' lang='lat' dir='ltr'>Convenit</span> <span class='ocrx_word' id='word_1_45' title='bbox 318 764 352 791; x_wconf 87' lang='lat' dir='ltr'>ut</span> <span class='ocrx_word' id='word_1_46' title='bbox 367 770 463 791; x_wconf 87' lang='lat' dir='ltr'>nos...</span> <span class='ocrx_word' id='word_1_47' title='bbox 479 777 518 783; x_wconf 92' lang='lat'><strong>—</strong></span> <span class='ocrx_word' id='word_1_48' title='bbox 534 761 605 791; x_wconf 87' lang='lat' dir='ltr'>Dat.</span> <span class='ocrx_word' id='word_1_49' title='bbox 626 765 661 791; x_wconf 91' lang='lat' dir='ltr'>ut</span> <span class='ocrx_word' id='word_1_50' title='bbox 678 770 784 800; x_wconf 88' lang='lat' dir='ltr'>supra.</span> <span class='ocrx_word' id='word_1_51' title='bbox 803 772 817 789; x_wconf 91' lang='lat'>»</span> 
     </span>
    </p>
   </div>
   <div class='ocr_carea' id='block_1_7' title="bbox 106 934 614 1029">
    <p class='ocr_par' dir='ltr' id='par_1_7' title="bbox 106 934 614 1029">
     <span class='ocr_line' id='line_1_11' title="bbox 142 934 260 963; baseline -0.008 0"><span class='ocrx_word' id='word_1_52' title='bbox 142 934 260 963; x_wconf 66' lang='lat'><strong>&#39;2⁰84</strong></span> 
     </span>
     <span class='ocr_line' id='line_1_12' title="bbox 106 994 614 1029; baseline -0.006 -6"><span class='ocrx_word' id='word_1_53' title='bbox 106 996 149 1024; x_wconf 91' lang='lat' dir='ltr'>De</span> <span class='ocrx_word' id='word_1_54' title='bbox 164 995 264 1023; x_wconf 87' lang='lat' dir='ltr'>eodem</span> <span class='ocrx_word' id='word_1_55' title='bbox 281 996 407 1029; x_wconf 87' lang='lat' dir='ltr'>negotio.</span> <span class='ocrx_word' id='word_1_56' title='bbox 423 994 495 1028; x_wconf 89' lang='lat' dir='ltr'>(Fol.</span> <span class='ocrx_word' id='word_1_57' title='bbox 513 995 545 1021; x_wconf 87' lang='lat'>‘15</span> <span class='ocrx_word' id='word_1_58' title='bbox 561 995 614 1027; x_wconf 72' lang='lat' dir='ltr'>vo.)</span> 
     </span>
    </p>
   </div>
   <div class='ocr_carea' id='block_1_8' title="bbox 695 931 1005 967">
    <p class='ocr_par' dir='ltr' id='par_1_8' title="bbox 695 931 1005 967">
     <span class='ocr_line' id='line_1_13' title="bbox 695 931 1005 967; baseline 0.003 -8"><span class='ocrx_word' id='word_1_59' title='bbox 695 931 786 966; x_wconf 84' lang='lat' dir='ltr'>Rieti,</span> <span class='ocrx_word' id='word_1_60' title='bbox 804 932 835 959; x_wconf 71' lang='lat'>12</span> <span class='ocrx_word' id='word_1_61' title='bbox 848 932 909 967; x_wconf 86' lang='lat' dir='ltr'>juin</span> <span class='ocrx_word' id='word_1_62' title='bbox 926 932 1005 960; x_wconf 67' lang='lat'>4288.</span> 
     </span>
    </p>
   </div>
   <div class='ocr_carea' id='block_1_9' title="bbox 73 1096 1081 1295">
    <p class='ocr_par' dir='ltr' id='par_1_9' title="bbox 73 1096 1081 1242">
     <span class='ocr_line' id='line_1_14' title="bbox 111 1096 1081 1135; baseline -0.003 -7"><span class='ocrx_word' id='word_1_63' title='bbox 111 1098 217 1128; x_wconf 83' lang='lat' dir='ltr'>Dilecto</span> <span class='ocrx_word' id='word_1_64' title='bbox 235 1098 301 1135; x_wconf 81' lang='lat' dir='ltr'>filio</span> <span class='ocrx_word' id='word_1_65' title='bbox 319 1120 340 1128; x_wconf 89' lang='lat'>..</span> <span class='ocrx_word' id='word_1_66' title='bbox 359 1097 526 1134; x_wconf 79' lang='lat' dir='ltr'>Campanie</span> <span class='ocrx_word' id='word_1_67' title='bbox 544 1097 755 1134; x_wconf 75' lang='lat' dir='ltr'>Maritimeque</span> <span class='ocrx_word' id='word_1_68' title='bbox 780 1097 901 1126; x_wconf 78' lang='lat' dir='ltr'><em>rectori.</em></span> <span class='ocrx_word' id='word_1_69' title='bbox 926 1096 964 1125; x_wconf 92' lang='lat' dir='ltr'>Ei</span> <span class='ocrx_word' id='word_1_70' title='bbox 988 1104 1081 1126; x_wconf 88' lang='lat' dir='ltr'>man-</span> 
     </span>
     <span class='ocr_line' id='line_1_15' title="bbox 73 1149 1080 1188; baseline -0.004 -6"><span class='ocrx_word' id='word_1_71' title='bbox 73 1151 124 1182; x_wconf 87' lang='lat' dir='ltr'>dat</span> <span class='ocrx_word' id='word_1_72' title='bbox 137 1154 170 1181; x_wconf 92' lang='lat' dir='ltr'>ut</span> <span class='ocrx_word' id='word_1_73' title='bbox 185 1150 234 1187; x_wconf 62' lang='lat' dir='ltr'>L„</span> <span class='ocrx_word' id='word_1_74' title='bbox 253 1149 395 1180; x_wconf 82' lang='lat' dir='ltr'><strong>Ostiensi</strong></span> <span class='ocrx_word' id='word_1_75' title='bbox 412 1154 442 1179; x_wconf 91' lang='lat' dir='ltr'>et</span> <span class='ocrx_word' id='word_1_76' title='bbox 458 1149 651 1179; x_wconf 88' lang='lat' dir='ltr'>Velletrensi</span> <span class='ocrx_word' id='word_1_77' title='bbox 670 1150 816 1188; x_wconf 88' lang='lat' dir='ltr'>episcopo</span> <span class='ocrx_word' id='word_1_78' title='bbox 831 1174 837 1187; x_wconf 92' lang='lat'>,</span> <span class='ocrx_word' id='word_1_79' title='bbox 854 1149 893 1179; x_wconf 92' lang='lat' dir='ltr'>de</span> <span class='ocrx_word' id='word_1_80' title='bbox 910 1149 1080 1188; x_wconf 86' lang='lat' dir='ltr'>praedictis</span> 
     </span>
     <span class='ocr_line' id='line_1_16' title="bbox 73 1203 667 1242; baseline -0.005 -7"><span class='ocrx_word' id='word_1_81' title='bbox 73 1204 161 1236; x_wconf 85' lang='lat' dir='ltr'>libris</span> <span class='ocrx_word' id='word_1_82' title='bbox 176 1207 206 1234; x_wconf 89' lang='lat' dir='ltr'>et</span> <span class='ocrx_word' id='word_1_83' title='bbox 218 1203 346 1242; x_wconf 84' lang='lat' dir='ltr'>juribus</span> <span class='ocrx_word' id='word_1_84' title='bbox 362 1203 547 1241; x_wconf 90' lang='lat' dir='ltr'>responderi</span> <span class='ocrx_word' id='word_1_85' title='bbox 563 1203 667 1233; x_wconf 80' lang='lat' dir='ltr'>faciat.</span> 
     </span>
    </p>

    <p class='ocr_par' dir='ltr' id='par_1_10' title="bbox 113 1256 817 1295">
     <span class='ocr_line' id='line_1_17' title="bbox 113 1256 817 1295; baseline 0 -10"><span class='ocrx_word' id='word_1_86' title='bbox 113 1269 127 1285; x_wconf 71' lang='grc' dir='ltr'><strong>α</strong></span> <span class='ocrx_word' id='word_1_87' title='bbox 143 1257 301 1288; x_wconf 86' lang='lat' dir='ltr'>Convenit</span> <span class='ocrx_word' id='word_1_88' title='bbox 316 1260 351 1286; x_wconf 90' lang='lat' dir='ltr'>ut</span> <span class='ocrx_word' id='word_1_89' title='bbox 368 1265 462 1287; x_wconf 75' lang='lat' dir='ltr'>nos.‚.</span> <span class='ocrx_word' id='word_1_90' title='bbox 481 1273 519 1277; x_wconf 92' lang='grc'>-</span> <span class='ocrx_word' id='word_1_91' title='bbox 537 1256 610 1286; x_wconf 89' lang='lat' dir='ltr'>Dat.</span> <span class='ocrx_word' id='word_1_92' title='bbox 629 1260 783 1295; x_wconf 88' lang='lat' dir='ltr'>utsupra.</span> <span class='ocrx_word' id='word_1_93' title='bbox 804 1267 817 1283; x_wconf 77' lang='lat' dir='ltr'>n</span> 
     </span>
    </p>
   </div>
   <div class='ocr_carea' id='block_1_10' title="bbox 143 1429 258 1458">
    <p class='ocr_par' dir='ltr' id='par_1_11' title="bbox 143 1429 258 1458">
     <span class='ocr_line' id='line_1_18' title="bbox 143 1429 258 1458; baseline 0 0"><span class='ocrx_word' id='word_1_94' title='bbox 143 1429 258 1458; x_wconf 67' lang='lat'><strong>’2⁰85</strong></span> 
     </span>
    </p>
   </div>
   <div class='ocr_carea' id='block_1_11' title="bbox 77 1491 1077 1576">
    <p class='ocr_par' dir='ltr' id='par_1_12' title="bbox 77 1491 1077 1576">
     <span class='ocr_line' id='line_1_19' title="bbox 108 1491 1077 1526; baseline 0 -8"><span class='ocrx_word' id='word_1_95' title='bbox 108 1491 195 1518; x_wconf 83' lang='lat' dir='ltr'>Paulo</span> <span class='ocrx_word' id='word_1_96' title='bbox 210 1491 245 1518; x_wconf 89' lang='lat' dir='ltr'>de</span> <span class='ocrx_word' id='word_1_97' title='bbox 259 1491 421 1518; x_wconf 87' lang='lat' dir='ltr'>Monticello</span> <span class='ocrx_word' id='word_1_98' title='bbox 438 1491 633 1518; x_wconf 86' lang='lat' dir='ltr'>molendinum</span> <span class='ocrx_word' id='word_1_99' title='bbox 644 1494 673 1518; x_wconf 84' lang='lat' dir='ltr'>et</span> <span class='ocrx_word' id='word_1_100' title='bbox 685 1494 776 1518; x_wconf 84' lang='lat' dir='ltr'>terras</span> <span class='ocrx_word' id='word_1_101' title='bbox 788 1491 817 1518; x_wconf 90' lang='lat' dir='ltr'>in</span> <span class='ocrx_word' id='word_1_102' title='bbox 830 1492 973 1518; x_wconf 84' lang='lat' dir='ltr'>territorio</span> <span class='ocrx_word' id='word_1_103' title='bbox 986 1491 1077 1526; x_wconf 86' lang='lat' dir='ltr'>Vissi,</span> 
     </span>
     <span class='ocr_line' id='line_1_20' title="bbox 77 1539 779 1576; baseline -0.003 -8"><span class='ocrx_word' id='word_1_104' title='bbox 77 1539 243 1576; x_wconf 82' lang='lat' dir='ltr'>Spoletanae</span> <span class='ocrx_word' id='word_1_105' title='bbox 257 1540 416 1572; x_wconf 87' lang='lat' dir='ltr'>dioecesis,</span> <span class='ocrx_word' id='word_1_106' title='bbox 433 1540 575 1567; x_wconf 86' lang='lat' dir='ltr'>concedit.</span> <span class='ocrx_word' id='word_1_107' title='bbox 593 1539 664 1573; x_wconf 91' lang='lat' dir='ltr'>(Fol.</span> <span class='ocrx_word' id='word_1_108' title='bbox 684 1540 716 1567; x_wconf 87' lang='grc'>16</span> <span class='ocrx_word' id='word_1_109' title='bbox 731 1541 779 1573; x_wconf 79' lang='lat' dir='ltr'>ro.)</span> 
     </span>
    </p>
   </div>
   <div class='ocr_carea' id='block_1_12' title="bbox 696 1428 1006 1463">
    <p class='ocr_par' dir='ltr' id='par_1_13' title="bbox 696 1428 1006 1463">
     <span class='ocr_line' id='line_1_21' title="bbox 696 1428 1006 1463; baseline 0 -8"><span class='ocrx_word' id='word_1_110' title='bbox 696 1428 783 1462; x_wconf 79' lang='lat' dir='ltr'>Rieti,</span> <span class='ocrx_word' id='word_1_111' title='bbox 802 1429 834 1455; x_wconf 86' lang='lat'>14</span> <span class='ocrx_word' id='word_1_112' title='bbox 847 1429 911 1463; x_wconf 73' lang='lat' dir='ltr'>jtlin</span> <span class='ocrx_word' id='word_1_113' title='bbox 928 1428 1006 1455; x_wconf 72' lang='lat'>1288.</span> 
     </span>
    </p>
   </div>
   <div class='ocr_carea' id='block_1_13' title="bbox 69 1641 1080 2587">
    <p class='ocr_par' dir='ltr' id='par_1_14' title="bbox 69 1641 1080 2587">
     <span class='ocr_line' id='line_1_22' title="bbox 112 1641 1076 1682; baseline 0 -11"><span class='ocrx_word' id='word_1_114' title='bbox 112 1642 231 1682; x_wconf 75' lang='lat' dir='ltr'>[Dilecto</span> <span class='ocrx_word' id='word_1_115' title='bbox 244 1643 309 1678; x_wconf 76' lang='lat' dir='ltr'>filio</span> <span class='ocrx_word' id='word_1_116' title='bbox 322 1643 417 1672; x_wconf 82' lang='lat' dir='ltr'>nobili</span> <span class='ocrx_word' id='word_1_117' title='bbox 434 1641 513 1680; x_wconf 78' lang='lat' dir='ltr'>viro]</span> <span class='ocrx_word' id='word_1_118' title='bbox 529 1641 705 1679; x_wconf 69' lang='lat' dir='ltr'>Lavzdulpho</span> <span class='ocrx_word' id='word_1_119' title='bbox 719 1643 753 1671; x_wconf 78' lang='lat' dir='ltr'>cle</span> <span class='ocrx_word' id='word_1_120' title='bbox 765 1642 933 1680; x_wconf 75' lang='lat' dir='ltr'>Colmnpna</span> <span class='ocrx_word' id='word_1_121' title='bbox 945 1642 980 1671; x_wconf 84' lang='lat' dir='ltr'>de</span> <span class='ocrx_word' id='word_1_122' title='bbox 993 1642 1076 1678; x_wconf 83' lang='lat' dir='ltr'><strong><em>Urbe,</em></strong></span> 
     </span>
     <span class='ocr_line' id='line_1_23' title="bbox 74 1694 1079 1734; baseline -0.001 -8"><span class='ocrx_word' id='word_1_123' title='bbox 74 1695 200 1726; x_wconf 81' lang='lat' dir='ltr'>ducatus</span> <span class='ocrx_word' id='word_1_124' title='bbox 214 1695 371 1733; x_wconf 79' lang='lat' dir='ltr'>Spoletani</span> <span class='ocrx_word' id='word_1_125' title='bbox 387 1695 522 1734; x_wconf 75' lang='lat' dir='ltr'>rect[0rz&#39;.</span> <span class='ocrx_word' id='word_1_126' title='bbox 539 1706 552 1721; x_wconf 75' lang='grc' dir='ltr'>α</span> <span class='ocrx_word' id='word_1_127' title='bbox 569 1694 733 1734; x_wconf 83' lang='lat' dir='ltr'>Exp0]suit</span> <span class='ocrx_word' id='word_1_128' title='bbox 744 1695 834 1725; x_wconf 87' lang='lat' dir='ltr'>nobis</span> <span class='ocrx_word' id='word_1_129' title='bbox 846 1695 979 1725; x_wconf 84' lang='lat' dir='ltr'>dilectus</span> <span class='ocrx_word' id='word_1_130' title='bbox 993 1695 1079 1725; x_wconf 90' lang='lat' dir='ltr'>filius</span> 
     </span>
     <span class='ocr_line' id='line_1_24' title="bbox 72 1747 1078 1785; baseline 0.001 -8"><span class='ocrx_word' id='word_1_131' title='bbox 72 1747 190 1778; x_wconf 89' lang='lat' dir='ltr'>Paulus</span> <span class='ocrx_word' id='word_1_132' title='bbox 219 1747 258 1777; x_wconf 88' lang='lat' dir='ltr'>de</span> <span class='ocrx_word' id='word_1_133' title='bbox 280 1747 481 1785; x_wconf 65' lang='lat' dir='ltr'>Mouficello,</span> <span class='ocrx_word' id='word_1_134' title='bbox 500 1747 668 1777; x_wconf 85' lang='lat' dir='ltr'>familiaris</span> <span class='ocrx_word' id='word_1_135' title='bbox 691 1747 800 1778; x_wconf 88' lang='lat' dir='ltr'>dilecti</span> <span class='ocrx_word' id='word_1_136' title='bbox 821 1747 882 1777; x_wconf 88' lang='lat' dir='ltr'>filii</span> <span class='ocrx_word' id='word_1_137' title='bbox 904 1748 1004 1778; x_wconf 84' lang='lat' dir='ltr'>nostri</span> <span class='ocrx_word' id='word_1_138' title='bbox 1023 1749 1078 1778; x_wconf 85' lang='lat' dir='ltr'>Ja-</span> 
     </span>
     <span class='ocr_line' id='line_1_25' title="bbox 73 1800 1079 1840; baseline -0.001 -7"><span class='ocrx_word' id='word_1_139' title='bbox 73 1801 155 1837; x_wconf 84' lang='lat' dir='ltr'>cohi,</span> <span class='ocrx_word' id='word_1_140' title='bbox 174 1800 288 1831; x_wconf 85' lang='lat' dir='ltr'>Sancte</span> <span class='ocrx_word' id='word_1_141' title='bbox 307 1802 408 1832; x_wconf 88' lang='lat' dir='ltr'>Marie</span> <span class='ocrx_word' id='word_1_142' title='bbox 430 1802 465 1830; x_wconf 91' lang='lat' dir='ltr'>in</span> <span class='ocrx_word' id='word_1_143' title='bbox 483 1802 544 1831; x_wconf 89' lang='lat' dir='ltr'>Via</span> <span class='ocrx_word' id='word_1_144' title='bbox 562 1801 624 1831; x_wconf 87' lang='lat' dir='ltr'>lata</span> <span class='ocrx_word' id='word_1_145' title='bbox 642 1801 767 1831; x_wconf 87' lang='lat' dir='ltr'>diaconi</span> <span class='ocrx_word' id='word_1_146' title='bbox 784 1801 973 1839; x_wconf 86' lang='lat' dir='ltr'>cardinalis,</span> <span class='ocrx_word' id='word_1_147' title='bbox 995 1802 1079 1840; x_wconf 86' lang='lat' dir='ltr'>quod</span> 
     </span>
     <span class='ocr_line' id='line_1_26' title="bbox 72 1854 1076 1894; baseline 0 -9"><span class='ocrx_word' id='word_1_148' title='bbox 72 1854 203 1886; x_wconf 83' lang='lat' dir='ltr'>dilectus</span> <span class='ocrx_word' id='word_1_149' title='bbox 218 1855 306 1885; x_wconf 86' lang='lat' dir='ltr'>filius</span> <span class='ocrx_word' id='word_1_150' title='bbox 322 1854 487 1886; x_wconf 84' lang='lat' dir='ltr'>Rolandus</span> <span class='ocrx_word' id='word_1_151' title='bbox 503 1855 541 1885; x_wconf 92' lang='lat' dir='ltr'>de</span> <span class='ocrx_word' id='word_1_152' title='bbox 557 1856 740 1892; x_wconf 74' lang='lat' dir='ltr'>Ferentino,</span> <span class='ocrx_word' id='word_1_153' title='bbox 759 1855 943 1894; x_wconf 79' lang='lat' dir='ltr'>capellanus</span> <span class='ocrx_word' id='word_1_154' title='bbox 959 1859 1076 1893; x_wconf 88' lang='lat' dir='ltr'>noster,</span> 
     </span>
     <span class='ocr_line' id='line_1_27' title="bbox 73 1908 1080 1948; baseline 0.001 -10"><span class='ocrx_word' id='word_1_155' title='bbox 73 1912 146 1938; x_wconf 86' lang='lat' dir='ltr'>tunc</span> <span class='ocrx_word' id='word_1_156' title='bbox 161 1913 261 1939; x_wconf 89' lang='lat' dir='ltr'>rector</span> <span class='ocrx_word' id='word_1_157' title='bbox 277 1908 411 1938; x_wconf 76' lang='lat' dir='ltr'>ducatus</span> <span class='ocrx_word' id='word_1_158' title='bbox 428 1908 612 1947; x_wconf 73' lang='lat' dir='ltr'>spoletani,</span> <span class='ocrx_word' id='word_1_159' title='bbox 630 1909 788 1948; x_wconf 83' lang='lat' dir='ltr'>quoddam</span> <span class='ocrx_word' id='word_1_160' title='bbox 807 1909 1031 1939; x_wconf 80' lang='lat' dir='ltr'>molendinum</span> <span class='ocrx_word' id='word_1_161' title='bbox 1050 1912 1080 1939; x_wconf 89' lang='lat' dir='ltr'>et</span> 
     </span>
     <span class='ocr_line' id='line_1_28' title="bbox 74 1961 1076 2000; baseline 0.001 -9"><span class='ocrx_word' id='word_1_162' title='bbox 74 1961 245 1992; x_wconf 89' lang='lat' dir='ltr'>nonnullas</span> <span class='ocrx_word' id='word_1_163' title='bbox 263 1965 361 1992; x_wconf 87' lang='lat' dir='ltr'>terras</span> <span class='ocrx_word' id='word_1_164' title='bbox 377 1971 440 2000; x_wconf 90' lang='lat' dir='ltr'>que</span> <span class='ocrx_word' id='word_1_165' title='bbox 456 1971 588 1992; x_wconf 89' lang='lat' dir='ltr'>romana</span> <span class='ocrx_word' id='word_1_166' title='bbox 605 1962 737 1992; x_wconf 90' lang='lat' dir='ltr'>ecclesia</span> <span class='ocrx_word' id='word_1_167' title='bbox 754 1962 788 1991; x_wconf 91' lang='lat' dir='ltr'>in</span> <span class='ocrx_word' id='word_1_168' title='bbox 804 1962 963 1992; x_wconf 84' lang='lat' dir='ltr'>territorio</span> <span class='ocrx_word' id='word_1_169' title='bbox 978 1962 1076 1999; x_wconf 85' lang='lat' dir='ltr'>Vissi,</span> 
     </span>
     <span class='ocr_line' id='line_1_29' title="bbox 73 2014 1077 2054; baseline -0.001 -9"><span class='ocrx_word' id='word_1_170' title='bbox 73 2014 240 2054; x_wconf 88' lang='lat' dir='ltr'>Spoletane</span> <span class='ocrx_word' id='word_1_171' title='bbox 255 2014 399 2052; x_wconf 87' lang='lat' dir='ltr'>diocesis⁷</span> <span class='ocrx_word' id='word_1_172' title='bbox 417 2015 550 2053; x_wconf 86' lang='lat' dir='ltr'>obtinet,</span> <span class='ocrx_word' id='word_1_173' title='bbox 568 2024 624 2054; x_wconf 90' lang='lat' dir='ltr'>pro</span> <span class='ocrx_word' id='word_1_174' title='bbox 638 2024 746 2045; x_wconf 88' lang='lat' dir='ltr'>annuo</span> <span class='ocrx_word' id='word_1_175' title='bbox 765 2024 863 2045; x_wconf 87' lang='lat' dir='ltr'>censu</span> <span class='ocrx_word' id='word_1_176' title='bbox 881 2020 1010 2045; x_wconf 88' lang='lat' dir='ltr'>centum</span> <span class='ocrx_word' id='word_1_177' title='bbox 1029 2024 1077 2045; x_wconf 89' lang='lat' dir='ltr'>so-</span> 
     </span>
     <span class='ocr_line' id='line_1_30' title="bbox 69 2065 1078 2107; baseline 0.001 -10"><span class='ocrx_word' id='word_1_178' title='bbox 69 2065 208 2098; x_wconf 77' lang='lat' dir='ltr'>lidorum</span> <span class='ocrx_word' id='word_1_179' title='bbox 226 2073 451 2106; x_wconf 88' lang='lat' dir='ltr'>ravennatum,</span> <span class='ocrx_word' id='word_1_180' title='bbox 470 2069 622 2098; x_wconf 76' lang='lat' dir='ltr'>duximus</span> <span class='ocrx_word' id='word_1_181' title='bbox 637 2069 757 2107; x_wconf 79' lang='lat' dir='ltr'>absque</span> <span class='ocrx_word' id='word_1_182' title='bbox 774 2068 979 2107; x_wconf 87' lang='lat' dir='ltr'>prefinitione</span> <span class='ocrx_word' id='word_1_183' title='bbox 997 2072 1078 2098; x_wconf 89' lang='lat' dir='ltr'>tem-</span> 
     </span>
     <span class='ocr_line' id='line_1_31' title="bbox 70 2120 1077 2161; baseline 0.001 -11"><span class='ocrx_word' id='word_1_184' title='bbox 70 2120 153 2160; x_wconf 88' lang='lat' dir='ltr'>poris</span> <span class='ocrx_word' id='word_1_185' title='bbox 165 2121 377 2151; x_wconf 88' lang='lat' dir='ltr'>concedenda.</span> <span class='ocrx_word' id='word_1_186' title='bbox 391 2121 474 2151; x_wconf 90' lang='lat' dir='ltr'>Cum</span> <span class='ocrx_word' id='word_1_187' title='bbox 490 2126 597 2151; x_wconf 87' lang='lat' dir='ltr'>autem</span> <span class='ocrx_word' id='word_1_188' title='bbox 614 2122 754 2161; x_wconf 85' lang='lat' dir='ltr'>prefatus</span> <span class='ocrx_word' id='word_1_189' title='bbox 770 2121 894 2151; x_wconf 86' lang='lat' dir='ltr'>Paulus</span> <span class='ocrx_word' id='word_1_190' title='bbox 908 2121 1000 2152; x_wconf 90' lang='lat' dir='ltr'>nobis</span> <span class='ocrx_word' id='word_1_191' title='bbox 1015 2122 1077 2152; x_wconf 89' lang='lat' dir='ltr'>hu-</span> 
     </span>
     <span class='ocr_line' id='line_1_32' title="bbox 69 2173 1077 2214; baseline 0.001 -10"><span class='ocrx_word' id='word_1_192' title='bbox 69 2173 187 2204; x_wconf 87' lang='lat' dir='ltr'>militer</span> <span class='ocrx_word' id='word_1_193' title='bbox 199 2174 384 2213; x_wconf 88' lang='lat' dir='ltr'>supplicarit</span> <span class='ocrx_word' id='word_1_194' title='bbox 397 2185 415 2205; x_wconf 91' lang='lat' dir='ltr'>u</span> <span class='ocrx_word' id='word_1_195' title='bbox 424 2179 443 2213; x_wconf 92' lang='lat' dir='ltr'>t,</span> <span class='ocrx_word' id='word_1_196' title='bbox 455 2175 519 2205; x_wconf 87' lang='lat' dir='ltr'>sibi</span> <span class='ocrx_word' id='word_1_197' title='bbox 531 2175 701 2214; x_wconf 82' lang='lat' dir='ltr'>specialem</span> <span class='ocrx_word' id='word_1_198' title='bbox 717 2176 852 2213; x_wconf 78' lang='lat' dir='ltr'>gratiam</span> <span class='ocrx_word' id='word_1_199' title='bbox 869 2175 1032 2212; x_wconf 82' lang='lat' dir='ltr'>facientes,</span> <span class='ocrx_word' id='word_1_200' title='bbox 1048 2176 1077 2205; x_wconf 90' lang='lat' dir='ltr'>ei</span> 
     </span>
     <span class='ocr_line' id='line_1_33' title="bbox 70 2226 1078 2267; baseline 0.002 -11"><span class='ocrx_word' id='word_1_201' title='bbox 70 2226 293 2258; x_wconf 88' lang='lat' dir='ltr'>molendinum</span> <span class='ocrx_word' id='word_1_202' title='bbox 308 2231 337 2258; x_wconf 90' lang='lat' dir='ltr'>et</span> <span class='ocrx_word' id='word_1_203' title='bbox 352 2231 451 2258; x_wconf 88' lang='lat' dir='ltr'>terras</span> <span class='ocrx_word' id='word_1_204' title='bbox 466 2229 605 2267; x_wconf 90' lang='lat' dir='ltr'>predicta</span> <span class='ocrx_word' id='word_1_205' title='bbox 621 2228 659 2258; x_wconf 88' lang='lat' dir='ltr'>de</span> <span class='ocrx_word' id='word_1_206' title='bbox 676 2237 757 2259; x_wconf 91' lang='lat' dir='ltr'>novo</span> <span class='ocrx_word' id='word_1_207' title='bbox 774 2229 947 2259; x_wconf 83' lang='lat' dir='ltr'>concedere</span> <span class='ocrx_word' id='word_1_208' title='bbox 962 2229 1078 2266; x_wconf 84' lang='lat' dir='ltr'>digna-</span> 
     </span>
     <span class='ocr_line' id='line_1_34' title="bbox 69 2280 1077 2321; baseline 0.001 -11"><span class='ocrx_word' id='word_1_209' title='bbox 69 2289 185 2315; x_wconf 84' lang='lat' dir='ltr'>remur,</span> <span class='ocrx_word' id='word_1_210' title='bbox 215 2289 290 2319; x_wconf 87' lang='lat' dir='ltr'>nos,</span> <span class='ocrx_word' id='word_1_211' title='bbox 316 2280 458 2311; x_wconf 88' lang='lat' dir='ltr'>volentes</span> <span class='ocrx_word' id='word_1_212' title='bbox 491 2282 597 2321; x_wconf 91' lang='lat' dir='ltr'>ipsum</span> <span class='ocrx_word' id='word_1_213' title='bbox 624 2282 878 2312; x_wconf 85' lang='lat' dir='ltr'>consideratione</span> <span class='ocrx_word' id='word_1_214' title='bbox 903 2281 1077 2311; x_wconf 85' lang='lat' dir='ltr'>cardinalis</span> 
     </span>
     <span class='ocr_line' id='line_1_35' title="bbox 70 2333 1077 2374; baseline 0.001 -11"><span class='ocrx_word' id='word_1_215' title='bbox 70 2333 211 2372; x_wconf 84' lang='lat' dir='ltr'>ejusdem</span> <span class='ocrx_word' id='word_1_216' title='bbox 235 2335 385 2373; x_wconf 84' lang='lat' dir='ltr'>prosequi</span> <span class='ocrx_word' id='word_1_217' title='bbox 406 2335 564 2373; x_wconf 84' lang='lat' dir='ltr'>gratiose,</span> <span class='ocrx_word' id='word_1_218' title='bbox 580 2335 739 2365; x_wconf 77' lang='lat' dir='ltr'>nobilitati</span> <span class='ocrx_word' id='word_1_219' title='bbox 763 2339 814 2365; x_wconf 87' lang='lat' dir='ltr'>tue</span> <span class='ocrx_word' id='word_1_220' title='bbox 835 2344 889 2373; x_wconf 89' lang='lat' dir='ltr'>per</span> <span class='ocrx_word' id='word_1_221' title='bbox 909 2335 1077 2374; x_wconf 88' lang='lat' dir='ltr'>apostolica</span> 
     </span>
     <span class='ocr_line' id='line_1_36' title="bbox 70 2386 1077 2426; baseline 0.002 -10"><span class='ocrx_word' id='word_1_222' title='bbox 70 2386 184 2426; x_wconf 76' lang='lat' dir='ltr'>scripta</span> <span class='ocrx_word' id='word_1_223' title='bbox 197 2387 389 2417; x_wconf 90' lang='lat' dir='ltr'>mandamus</span> <span class='ocrx_word' id='word_1_224' title='bbox 406 2388 558 2426; x_wconf 82' lang='lat' dir='ltr'>quatinus</span> <span class='ocrx_word' id='word_1_225' title='bbox 574 2388 679 2418; x_wconf 87' lang='lat' dir='ltr'>eidem</span> <span class='ocrx_word' id='word_1_226' title='bbox 695 2388 1032 2418; x_wconf 72' lang='lat' dir='ltr'>Paulomolendinum</span> <span class='ocrx_word' id='word_1_227' title='bbox 1047 2392 1077 2418; x_wconf 88' lang='lat' dir='ltr'>et</span> 
     </span>
     <span class='ocr_line' id='line_1_37' title="bbox 70 2440 1076 2482; baseline 0.003 -13"><span class='ocrx_word' id='word_1_228' title='bbox 70 2442 167 2470; x_wconf 85' lang='lat' dir='ltr'>terras</span> <span class='ocrx_word' id='word_1_229' title='bbox 185 2440 326 2479; x_wconf 87' lang='lat' dir='ltr'>predicta</span> <span class='ocrx_word' id='word_1_230' title='bbox 342 2450 397 2479; x_wconf 90' lang='lat' dir='ltr'>pro</span> <span class='ocrx_word' id='word_1_231' title='bbox 415 2441 526 2471; x_wconf 88' lang='lat' dir='ltr'>eodem</span> <span class='ocrx_word' id='word_1_232' title='bbox 543 2450 641 2472; x_wconf 90' lang='lat' dir='ltr'>censu</span> <span class='ocrx_word' id='word_1_233' title='bbox 662 2451 763 2482; x_wconf 86' lang='lat' dir='ltr'>usque</span> <span class='ocrx_word' id='word_1_234' title='bbox 783 2442 821 2472; x_wconf 89' lang='lat' dir='ltr'>ad</span> <span class='ocrx_word' id='word_1_235' title='bbox 839 2441 1008 2481; x_wconf 86' lang='lat' dir='ltr'>apostolice</span> <span class='ocrx_word' id='word_1_236' title='bbox 1027 2451 1076 2472; x_wconf 89' lang='lat' dir='ltr'>se-</span> 
     </span>
     <span class='ocr_line' id='line_1_38' title="bbox 71 2490 1076 2534; baseline 0.005 -13"><span class='ocrx_word' id='word_1_237' title='bbox 71 2490 120 2521; x_wconf 83' lang='lat' dir='ltr'>dis</span> <span class='ocrx_word' id='word_1_238' title='bbox 134 2492 370 2532; x_wconf 86' lang='lat' dir='ltr'>beneplacitum</span> <span class='ocrx_word' id='word_1_239' title='bbox 391 2503 429 2524; x_wconf 84' lang='lat' dir='ltr'>ex</span> <span class='ocrx_word' id='word_1_240' title='bbox 448 2499 536 2533; x_wconf 90' lang='lat' dir='ltr'>parte</span> <span class='ocrx_word' id='word_1_241' title='bbox 554 2499 660 2525; x_wconf 88' lang='lat' dir='ltr'>nostra</span> <span class='ocrx_word' id='word_1_242' title='bbox 676 2495 850 2525; x_wconf 86' lang='lat' dir='ltr'>concedere</span> <span class='ocrx_word' id='word_1_243' title='bbox 868 2504 933 2526; x_wconf 89' lang='lat' dir='ltr'>non</span> <span class='ocrx_word' id='word_1_244' title='bbox 950 2499 1076 2534; x_wconf 88' lang='lat' dir='ltr'>postpo-</span> 
     </span>
     <span class='ocr_line' id='line_1_39' title="bbox 70 2546 747 2587; baseline 0.004 -12"><span class='ocrx_word' id='word_1_245' title='bbox 70 2553 138 2575; x_wconf 88' lang='lat' dir='ltr'>nas.</span> <span class='ocrx_word' id='word_1_246' title='bbox 153 2546 224 2576; x_wconf 89' lang='lat' dir='ltr'>Dat.</span> <span class='ocrx_word' id='word_1_247' title='bbox 242 2546 352 2585; x_wconf 84' lang='lat' dir='ltr'>Reate,</span> <span class='ocrx_word' id='word_1_248' title='bbox 368 2557 445 2577; x_wconf 86' lang='lat' dir='ltr'>xvn1</span> <span class='ocrx_word' id='word_1_249' title='bbox 460 2547 613 2578; x_wconf 85' lang='lat' dir='ltr'>kalendas</span> <span class='ocrx_word' id='word_1_250' title='bbox 628 2548 714 2587; x_wconf 86' lang='lat' dir='ltr'>julii.</span> <span class='ocrx_word' id='word_1_251' title='bbox 733 2560 747 2575; x_wconf 73' lang='lat' dir='ltr'>n</span> 
     </span>
    </p>
   </div>
   <div class='ocr_carea' id='block_1_14' title="bbox 141 2718 1002 2756">
    <p class='ocr_par' dir='ltr' id='par_1_15' title="bbox 141 2718 1002 2756">
     <span class='ocr_line' id='line_1_40' title="bbox 141 2718 1002 2756; baseline 0.003 -10"><span class='ocrx_word' id='word_1_252' title='bbox 141 2718 255 2747; x_wconf 65' lang='lat'>‘2086</span> <span class='ocrx_word' id='word_1_253' title='bbox 689 2720 781 2755; x_wconf 80' lang='lat' dir='ltr'>Rieti,</span> <span class='ocrx_word' id='word_1_254' title='bbox 800 2722 831 2749; x_wconf 83' lang='lat'>19</span> <span class='ocrx_word' id='word_1_255' title='bbox 843 2722 908 2756; x_wconf 91' lang='lat' dir='ltr'>juin</span> <span class='ocrx_word' id='word_1_256' title='bbox 924 2721 1002 2749; x_wconf 75' lang='lat'>1288.</span> 
     </span>
    </p>
   </div>
   <div class='ocr_carea' id='block_1_15' title="bbox 68 2777 1076 2864">
    <p class='ocr_par' dir='ltr' id='par_1_16' title="bbox 68 2777 1076 2864">
     <span class='ocr_line' id='line_1_41' title="bbox 103 2777 1076 2814; baseline 0.005 -9"><span class='ocrx_word' id='word_1_257' title='bbox 103 2777 184 2806; x_wconf 90' lang='lat' dir='ltr'>Bona</span> <span class='ocrx_word' id='word_1_258' title='bbox 198 2779 340 2814; x_wconf 87' lang='lat' dir='ltr'>quondam</span> <span class='ocrx_word' id='word_1_259' title='bbox 357 2780 474 2808; x_wconf 84' lang='lat' dir='ltr'>Gallutii</span> <span class='ocrx_word' id='word_1_260' title='bbox 495 2781 524 2808; x_wconf 88' lang='lat' dir='ltr'>in</span> <span class='ocrx_word' id='word_1_261' title='bbox 547 2786 643 2809; x_wconf 84' lang='lat' dir='ltr'>castro</span> <span class='ocrx_word' id='word_1_262' title='bbox 660 2782 905 2810; x_wconf 84' lang='lat' dir='ltr'>Montisflasconis</span> <span class='ocrx_word' id='word_1_263' title='bbox 920 2783 1027 2810; x_wconf 81' lang='lat' dir='ltr'>Gentiii</span> <span class='ocrx_word' id='word_1_264' title='bbox 1040 2783 1076 2810; x_wconf 90' lang='lat' dir='ltr'>de</span> 
     </span>
     <span class='ocr_line' id='line_1_42' title="bbox 68 2825 528 2864; baseline 0.009 -10"><span class='ocrx_word' id='word_1_265' title='bbox 68 2825 172 2855; x_wconf 78' lang='lat' dir='ltr'>Esculo</span> <span class='ocrx_word' id='word_1_266' title='bbox 186 2829 326 2856; x_wconf 88' lang='lat' dir='ltr'>concedit.</span> <span class='ocrx_word' id='word_1_267' title='bbox 345 2829 415 2864; x_wconf 82' lang='lat' dir='ltr'>(Fol.</span> <span class='ocrx_word' id='word_1_268' title='bbox 433 2830 465 2858; x_wconf 83' lang='lat'>16</span> <span class='ocrx_word' id='word_1_269' title='bbox 480 2832 528 2864; x_wconf 72' lang='lat'>1¹⁰.)</span> 
     </span>
    </p>
   </div>
   <div class='ocr_carea' id='block_1_16' title="bbox 71 2929 1074 3027">
    <p class='ocr_par' dir='ltr' id='par_1_17' title="bbox 71 2929 1074 3027">
     <span class='ocr_line' id='line_1_43' title="bbox 108 2929 1074 2972; baseline 0.006 -14"><span class='ocrx_word' id='word_1_270' title='bbox 108 2929 216 2960; x_wconf 80' lang='lat' dir='ltr'>Dilecto</span> <span class='ocrx_word' id='word_1_271' title='bbox 238 2930 302 2968; x_wconf 76' lang='lat' dir='ltr'>filio</span> <span class='ocrx_word' id='word_1_272' title='bbox 330 2930 442 2961; x_wconf 80' lang='lat' dir='ltr'>Gentilz&#39;</span> <span class='ocrx_word' id='word_1_273' title='bbox 466 2932 499 2961; x_wconf 82' lang='lat' dir='ltr'>de</span> <span class='ocrx_word' id='word_1_274' title='bbox 521 2932 641 2970; x_wconf 74' lang='lat' dir='ltr'>Esculo,</span> <span class='ocrx_word' id='word_1_275' title='bbox 666 2933 757 2971; x_wconf 75' lang='lat' dir='ltr'>laico,</span> <span class='ocrx_word' id='word_1_276' title='bbox 781 2935 937 2972; x_wconf 74' lang='lat' dir='ltr'>familiari</span> <span class='ocrx_word' id='word_1_277' title='bbox 959 2939 1074 2972; x_wconf 79' lang='lat' dir='ltr'>nostro,</span> 
     </span>
     <span class='ocr_line' id='line_1_44' title="bbox 71 2981 1074 3027; baseline 0.009 -18"><span class='ocrx_word' id='word_1_278' title='bbox 71 2991 86 3009; x_wconf 73' lang='grc' dir='ltr'>ι</span> <span class='ocrx_word' id='word_1_279' title='bbox 109 2981 352 3013; x_wconf 77' lang='lat' dir='ltr'>considerantes</span> <span class='ocrx_word' id='word_1_280' title='bbox 372 2983 548 3023; x_wconf 84' lang='lat' dir='ltr'>benignius</span> <span class='ocrx_word' id='word_1_281' title='bbox 568 2989 657 3024; x_wconf 83' lang='lat' dir='ltr'>grata</span> <span class='ocrx_word' id='word_1_282' title='bbox 674 2990 705 3017; x_wconf 87' lang='lat' dir='ltr'>et</span> <span class='ocrx_word' id='word_1_283' title='bbox 722 2991 849 3027; x_wconf 86' lang='lat' dir='ltr'>accepta</span> <span class='ocrx_word' id='word_1_284' title='bbox 867 2988 996 3018; x_wconf 90' lang='lat' dir='ltr'>servitia</span> <span class='ocrx_word' id='word_1_285' title='bbox 1013 2997 1074 3027; x_wconf 84' lang='lat' dir='ltr'>que</span> 
     </span>
    </p>
   </div>
   <div class='ocr_carea' id='block_1_17' title="bbox 209 3047 498 3078">
    <p class='ocr_par' dir='ltr' id='par_1_18' title="bbox 209 3047 498 3078">
     <span class='ocr_line' id='line_1_45' title="bbox 209 3047 498 3078; baseline 0.007 -3"><span class='ocrx_word' id='word_1_286' title='bbox 209 3047 282 3078; x_wconf 58' lang='lat' dir='ltr'>Reae</span> <span class='ocrx_word' id='word_1_287' title='bbox 301 3048 425 3078; x_wconf 69' lang='lat' dir='ltr'>NiconAs</span> <span class='ocrx_word' id='word_1_288' title='bbox 445 3049 498 3077; x_wconf 83' lang='lat' dir='ltr'>IV.</span> 
     </span>
    </p>
   </div>
   <div class='ocr_carea' id='block_1_18' title="bbox 1157 384 2171 1009">
    <p class='ocr_par' dir='ltr' id='par_1_19' title="bbox 1157 384 2171 1009">
     <span class='ocr_line' id='line_1_46' title="bbox 1158 384 2167 428; baseline 0.007 -14"><span class='ocrx_word' id='word_1_289' title='bbox 1158 384 1249 415; x_wconf 90' lang='lat' dir='ltr'>nobis</span> <span class='ocrx_word' id='word_1_290' title='bbox 1264 385 1395 423; x_wconf 86' lang='lat' dir='ltr'>abolim,</span> <span class='ocrx_word' id='word_1_291' title='bbox 1413 386 1490 416; x_wconf 90' lang='lat' dir='ltr'>dum</span> <span class='ocrx_word' id='word_1_292' title='bbox 1512 395 1654 417; x_wconf 87' lang='lat' dir='ltr'>essemus</span> <span class='ocrx_word' id='word_1_293' title='bbox 1675 388 1709 417; x_wconf 88' lang='lat' dir='ltr'>in</span> <span class='ocrx_word' id='word_1_294' title='bbox 1728 387 1846 418; x_wconf 90' lang='lat' dir='ltr'>minori</span> <span class='ocrx_word' id='word_1_295' title='bbox 1861 388 1964 419; x_wconf 88' lang='lat' dir='ltr'>officio</span> <span class='ocrx_word' id='word_1_296' title='bbox 1987 391 2167 428; x_wconf 89' lang='lat' dir='ltr'>constituti,</span> 
     </span>
     <span class='ocr_line' id='line_1_47' title="bbox 1157 437 2170 480; baseline 0.008 -13"><span class='ocrx_word' id='word_1_297' title='bbox 1157 437 1361 469; x_wconf 85' lang='lat' dir='ltr'>familiariter</span> <span class='ocrx_word' id='word_1_298' title='bbox 1382 443 1412 469; x_wconf 88' lang='lat' dir='ltr'>et</span> <span class='ocrx_word' id='word_1_299' title='bbox 1434 440 1571 470; x_wconf 89' lang='lat' dir='ltr'>fideliter</span> <span class='ocrx_word' id='word_1_300' title='bbox 1597 442 1783 480; x_wconf 84' lang='lat' dir='ltr'>impendisti</span> <span class='ocrx_word' id='word_1_301' title='bbox 1812 445 1842 471; x_wconf 92' lang='lat' dir='ltr'>et</span> <span class='ocrx_word' id='word_1_302' title='bbox 1867 442 1998 473; x_wconf 88' lang='lat' dir='ltr'>devotus</span> <span class='ocrx_word' id='word_1_303' title='bbox 2022 444 2170 476; x_wconf 85' lang='lat' dir='ltr'>exhibere</span> 
     </span>
     <span class='ocr_line' id='line_1_48' title="bbox 1159 494 2170 536; baseline 0.007 -16"><span class='ocrx_word' id='word_1_304' title='bbox 1159 499 1223 521; x_wconf 90' lang='lat' dir='ltr'>non</span> <span class='ocrx_word' id='word_1_305' title='bbox 1235 500 1350 528; x_wconf 80' lang='lat' dir='ltr'>cessaS,</span> <span class='ocrx_word' id='word_1_306' title='bbox 1365 501 1401 522; x_wconf 90' lang='lat' dir='ltr'>ac</span> <span class='ocrx_word' id='word_1_307' title='bbox 1413 497 1577 532; x_wconf 83' lang='lat' dir='ltr'>propterea</span> <span class='ocrx_word' id='word_1_308' title='bbox 1594 494 1735 525; x_wconf 91' lang='lat' dir='ltr'>volentes</span> <span class='ocrx_word' id='word_1_309' title='bbox 1747 498 1776 525; x_wconf 91' lang='lat' dir='ltr'>te</span> <span class='ocrx_word' id='word_1_310' title='bbox 1788 503 1851 525; x_wconf 88' lang='lat' dir='ltr'>non</span> <span class='ocrx_word' id='word_1_311' title='bbox 1864 495 2028 526; x_wconf 90' lang='lat' dir='ltr'>immerito</span> <span class='ocrx_word' id='word_1_312' title='bbox 2041 497 2170 536; x_wconf 89' lang='lat' dir='ltr'>speciali</span> 
     </span>
     <span class='ocr_line' id='line_1_49' title="bbox 1159 545 2169 587; baseline 0.007 -14"><span class='ocrx_word' id='word_1_313' title='bbox 1159 545 1308 583; x_wconf 86' lang='lat' dir='ltr'>prosequi</span> <span class='ocrx_word' id='word_1_314' title='bbox 1319 545 1421 583; x_wconf 86' lang='lat' dir='ltr'>gratia</span> <span class='ocrx_word' id='word_1_315' title='bbox 1433 550 1462 576; x_wconf 89' lang='lat' dir='ltr'>et</span> <span class='ocrx_word' id='word_1_316' title='bbox 1474 546 1592 583; x_wconf 74' lang='lat' dir='ltr'>favore,</span> <span class='ocrx_word' id='word_1_317' title='bbox 1610 547 1668 577; x_wconf 89' lang='lat' dir='ltr'>tibi</span> <span class='ocrx_word' id='word_1_318' title='bbox 1680 547 1802 584; x_wconf 89' lang='lat' dir='ltr'>domos,</span> <span class='ocrx_word' id='word_1_319' title='bbox 1817 548 2043 587; x_wconf 82' lang='lat' dir='ltr'>possessiones,</span> <span class='ocrx_word' id='word_1_320' title='bbox 2058 549 2169 580; x_wconf 84' lang='lat' dir='ltr'>vineas</span> 
     </span>
     <span class='ocr_line' id='line_1_50' title="bbox 1160 597 2170 640; baseline 0.007 -13"><span class='ocrx_word' id='word_1_321' title='bbox 1160 602 1189 628; x_wconf 90' lang='lat' dir='ltr'>et</span> <span class='ocrx_word' id='word_1_322' title='bbox 1213 597 1276 628; x_wconf 86' lang='lat' dir='ltr'>alia</span> <span class='ocrx_word' id='word_1_323' title='bbox 1302 598 1384 628; x_wconf 89' lang='lat' dir='ltr'>bona</span> <span class='ocrx_word' id='word_1_324' title='bbox 1410 600 1519 629; x_wconf 86' lang='lat' dir='ltr'>omnia</span> <span class='ocrx_word' id='word_1_325' title='bbox 1546 610 1608 639; x_wconf 86' lang='lat' dir='ltr'>que</span> <span class='ocrx_word' id='word_1_326' title='bbox 1633 601 1794 640; x_wconf 86' lang='lat' dir='ltr'>quondam</span> <span class='ocrx_word' id='word_1_327' title='bbox 1819 601 1981 632; x_wconf 86' lang='lat' dir='ltr'>Gallutius</span> <span class='ocrx_word' id='word_1_328' title='bbox 2005 602 2040 632; x_wconf 88' lang='lat' dir='ltr'>in</span> <span class='ocrx_word' id='word_1_329' title='bbox 2069 608 2170 635; x_wconf 89' lang='lat' dir='ltr'>castro</span> 
     </span>
     <span class='ocr_line' id='line_1_51' title="bbox 1161 651 2171 692; baseline 0.007 -12"><span class='ocrx_word' id='word_1_330' title='bbox 1161 651 1429 682; x_wconf 88' lang='lat' dir='ltr'>Montisssasconis</span> <span class='ocrx_word' id='word_1_331' title='bbox 1456 657 1485 682; x_wconf 92' lang='lat' dir='ltr'>et</span> <span class='ocrx_word' id='word_1_332' title='bbox 1515 655 1584 692; x_wconf 88' lang='lat' dir='ltr'>ejus</span> <span class='ocrx_word' id='word_1_333' title='bbox 1612 655 1771 685; x_wconf 88' lang='lat' dir='ltr'>territorio</span> <span class='ocrx_word' id='word_1_334' title='bbox 1803 664 1858 685; x_wconf 90' lang='lat' dir='ltr'>seu</span> <span class='ocrx_word' id='word_1_335' title='bbox 1883 655 2030 686; x_wconf 86' lang='lat' dir='ltr'>districtu</span> <span class='ocrx_word' id='word_1_336' title='bbox 2059 656 2171 688; x_wconf 88' lang='lat' dir='ltr'>habuit</span> 
     </span>
     <span class='ocr_line' id='line_1_52' title="bbox 1160 703 2168 747; baseline 0.008 -15"><span class='ocrx_word' id='word_1_337' title='bbox 1160 703 1236 733; x_wconf 89' lang='lat' dir='ltr'>dum</span> <span class='ocrx_word' id='word_1_338' title='bbox 1264 704 1405 742; x_wconf 86' lang='lat' dir='ltr'>vivebat,</span> <span class='ocrx_word' id='word_1_339' title='bbox 1429 708 1458 734; x_wconf 90' lang='lat' dir='ltr'>et</span> <span class='ocrx_word' id='word_1_340' title='bbox 1480 714 1543 744; x_wconf 89' lang='lat' dir='ltr'>que</span> <span class='ocrx_word' id='word_1_341' title='bbox 1567 705 1606 735; x_wconf 89' lang='lat' dir='ltr'>ad</span> <span class='ocrx_word' id='word_1_342' title='bbox 1630 714 1796 737; x_wconf 88' lang='lat' dir='ltr'>romanam</span> <span class='ocrx_word' id='word_1_343' title='bbox 1820 712 1962 746; x_wconf 88' lang='lat' dir='ltr'>spectant</span> <span class='ocrx_word' id='word_1_344' title='bbox 1984 709 2168 747; x_wconf 86' lang='lat' dir='ltr'>ecclesiam,</span> 
     </span>
     <span class='ocr_line' id='line_1_53' title="bbox 1161 757 2168 798; baseline 0.009 -14"><span class='ocrx_word' id='word_1_345' title='bbox 1161 764 1233 785; x_wconf 90' lang='lat' dir='ltr'>cum</span> <span class='ocrx_word' id='word_1_346' title='bbox 1253 757 1404 786; x_wconf 87' lang='lat' dir='ltr'>omnibus</span> <span class='ocrx_word' id='word_1_347' title='bbox 1421 758 1549 796; x_wconf 80' lang='lat' dir='ltr'>juribus</span> <span class='ocrx_word' id='word_1_348' title='bbox 1572 762 1602 788; x_wconf 91' lang='lat' dir='ltr'>et</span> <span class='ocrx_word' id='word_1_349' title='bbox 1624 759 1838 798; x_wconf 81' lang='lat' dir='ltr'>pertinentiis,</span> <span class='ocrx_word' id='word_1_350' title='bbox 1860 761 1919 790; x_wconf 91' lang='lat' dir='ltr'>sub</span> <span class='ocrx_word' id='word_1_351' title='bbox 1941 770 2050 792; x_wconf 91' lang='lat' dir='ltr'>annuo</span> <span class='ocrx_word' id='word_1_352' title='bbox 2071 771 2168 794; x_wconf 87' lang='lat' dir='ltr'>censu</span> 
     </span>
     <span class='ocr_line' id='line_1_54' title="bbox 1162 809 2170 847; baseline 0.008 -9"><span class='ocrx_word' id='word_1_353' title='bbox 1162 813 1298 847; x_wconf 84' lang='lat' dir='ltr'>quatuor</span> <span class='ocrx_word' id='word_1_354' title='bbox 1316 809 1471 840; x_wconf 88' lang='lat' dir='ltr'>librarum</span> <span class='ocrx_word' id='word_1_355' title='bbox 1489 811 1611 841; x_wconf 88' lang='lat' dir='ltr'>usualis</span> <span class='ocrx_word' id='word_1_356' title='bbox 1627 816 1754 842; x_wconf 88' lang='lat' dir='ltr'>monete</span> <span class='ocrx_word' id='word_1_357' title='bbox 1774 817 1881 843; x_wconf 89' lang='lat' dir='ltr'>nostre</span> <span class='ocrx_word' id='word_1_358' title='bbox 1899 823 2024 845; x_wconf 87' lang='lat' dir='ltr'>camere</span> <span class='ocrx_word' id='word_1_359' title='bbox 2042 815 2170 846; x_wconf 90' lang='lat' dir='ltr'>solven-</span> 
     </span>
     <span class='ocr_line' id='line_1_55' title="bbox 1162 861 2167 907; baseline 0.009 -17"><span class='ocrx_word' id='word_1_360' title='bbox 1162 861 1295 898; x_wconf 88' lang='lat' dir='ltr'>darum,</span> <span class='ocrx_word' id='word_1_361' title='bbox 1327 863 1512 892; x_wconf 85' lang='lat' dir='ltr'>auctoritate</span> <span class='ocrx_word' id='word_1_362' title='bbox 1536 863 1707 902; x_wconf 86' lang='lat' dir='ltr'>apostolica</span> <span class='ocrx_word' id='word_1_363' title='bbox 1736 874 1836 904; x_wconf 89' lang='lat' dir='ltr'>usque</span> <span class='ocrx_word' id='word_1_364' title='bbox 1866 867 1906 896; x_wconf 86' lang='lat' dir='ltr'>ad</span> <span class='ocrx_word' id='word_1_365' title='bbox 1934 867 2167 907; x_wconf 88' lang='lat' dir='ltr'>beneplacitum</span> 
     </span>
     <span class='ocr_line' id='line_1_56' title="bbox 1162 915 2168 958; baseline 0.009 -15"><span class='ocrx_word' id='word_1_366' title='bbox 1162 915 1332 953; x_wconf 84' lang='lat' dir='ltr'>apostolice</span> <span class='ocrx_word' id='word_1_367' title='bbox 1361 915 1446 945; x_wconf 88' lang='lat' dir='ltr'>sedis</span> <span class='ocrx_word' id='word_1_368' title='bbox 1475 916 1514 946; x_wconf 91' lang='lat' dir='ltr'>de</span> <span class='ocrx_word' id='word_1_369' title='bbox 1540 917 1641 955; x_wconf 85' lang='lat' dir='ltr'>gratia</span> <span class='ocrx_word' id='word_1_370' title='bbox 1666 918 1870 948; x_wconf 86' lang='lat' dir='ltr'>concedimus</span> <span class='ocrx_word' id='word_1_371' title='bbox 1900 920 2066 958; x_wconf 85' lang='lat' dir='ltr'>speciali...</span> <span class='ocrx_word' id='word_1_372' title='bbox 2096 922 2168 952; x_wconf 85' lang='lat' dir='ltr'>Dat.</span> 
     </span>
     <span class='ocr_line' id='line_1_57' title="bbox 1164 968 1661 1009; baseline 0.002 -12"><span class='ocrx_word' id='word_1_373' title='bbox 1164 968 1273 1005; x_wconf 79' lang='lat' dir='ltr'>Reate,</span> <span class='ocrx_word' id='word_1_374' title='bbox 1291 978 1347 997; x_wconf 76' lang='lat' dir='ltr'>xm</span> <span class='ocrx_word' id='word_1_375' title='bbox 1366 968 1520 999; x_wconf 86' lang='lat' dir='ltr'>kalendas</span> <span class='ocrx_word' id='word_1_376' title='bbox 1537 970 1621 1009; x_wconf 90' lang='lat' dir='ltr'>julii.</span> <span class='ocrx_word' id='word_1_377' title='bbox 1648 983 1661 998; x_wconf 74' lang='lat' dir='ltr'>n</span> 
     </span>
    </p>
   </div>
   <div class='ocr_carea' id='block_1_19' title="bbox 1236 1167 2096 1206">
    <p class='ocr_par' dir='ltr' id='par_1_20' title="bbox 1236 1167 2096 1206">
     <span class='ocr_line' id='line_1_58' title="bbox 1236 1167 2096 1206; baseline 0.005 -11"><span class='ocrx_word' id='word_1_378' title='bbox 1236 1167 1350 1196; x_wconf 54' lang='grc' dir='ltr'>νοεὶν</span> <span class='ocrx_word' id='word_1_379' title='bbox 1788 1170 1875 1205; x_wconf 59' lang='lat' dir='ltr'>Paeti,</span> <span class='ocrx_word' id='word_1_380' title='bbox 1894 1171 1924 1197; x_wconf 82' lang='lat'>16</span> <span class='ocrx_word' id='word_1_381' title='bbox 1937 1172 2001 1206; x_wconf 72' lang='lat' dir='ltr'>Juin</span> <span class='ocrx_word' id='word_1_382' title='bbox 2020 1172 2096 1199; x_wconf 76' lang='lat'>1288.</span> 
     </span>
    </p>
   </div>
   <div class='ocr_carea' id='block_1_20' title="bbox 1163 1229 2169 1312">
    <p class='ocr_par' dir='ltr' id='par_1_21' title="bbox 1163 1229 2169 1312">
     <span class='ocr_line' id='line_1_59' title="bbox 1198 1229 2169 1263; baseline 0.008 -8"><span class='ocrx_word' id='word_1_383' title='bbox 1198 1229 1315 1256; x_wconf 85' lang='lat' dir='ltr'>Mandat</span> <span class='ocrx_word' id='word_1_384' title='bbox 1332 1234 1361 1256; x_wconf 86' lang='lat' dir='ltr'>ut</span> <span class='ocrx_word' id='word_1_385' title='bbox 1376 1230 1410 1256; x_wconf 85' lang='lat' dir='ltr'>de</span> <span class='ocrx_word' id='word_1_386' title='bbox 1425 1231 1595 1258; x_wconf 80' lang='lat' dir='ltr'>excessibus</span> <span class='ocrx_word' id='word_1_387' title='bbox 1611 1231 1637 1258; x_wconf 88' lang='lat' dir='ltr'>in</span> <span class='ocrx_word' id='word_1_388' title='bbox 1654 1232 1768 1259; x_wconf 85' lang='lat' dir='ltr'>civitate</span> <span class='ocrx_word' id='word_1_389' title='bbox 1786 1232 1987 1261; x_wconf 83' lang='lat' dir='ltr'>Beneventana</span> <span class='ocrx_word' id='word_1_390' title='bbox 2004 1235 2169 1263; x_wconf 84' lang='lat' dir='ltr'>commissis</span> 
     </span>
     <span class='ocr_line' id='line_1_60' title="bbox 1163 1277 1537 1312; baseline 0.005 -8"><span class='ocrx_word' id='word_1_391' title='bbox 1163 1277 1333 1312; x_wconf 80' lang='lat' dir='ltr'>inquiratur.</span> <span class='ocrx_word' id='word_1_392' title='bbox 1353 1278 1422 1311; x_wconf 83' lang='lat' dir='ltr'>(Fol.</span> <span class='ocrx_word' id='word_1_393' title='bbox 1441 1280 1473 1306; x_wconf 87' lang='grc'>16</span> <span class='ocrx_word' id='word_1_394' title='bbox 1489 1281 1537 1312; x_wconf 81' lang='lat' dir='ltr'>r0.)</span> 
     </span>
    </p>
   </div>
   <div class='ocr_carea' id='block_1_21' title="bbox 1158 1388 2170 3022">
    <p class='ocr_par' dir='ltr' id='par_1_22' title="bbox 1158 1388 2170 3022">
     <span class='ocr_line' id='line_1_61' title="bbox 1203 1388 2169 1429; baseline 0.006 -12"><span class='ocrx_word' id='word_1_395' title='bbox 1203 1388 1311 1417; x_wconf 76' lang='lat' dir='ltr'>Dilecto</span> <span class='ocrx_word' id='word_1_396' title='bbox 1322 1388 1387 1425; x_wconf 72' lang='lat' dir='ltr'>filio</span> <span class='ocrx_word' id='word_1_397' title='bbox 1400 1390 1547 1426; x_wconf 29' lang='lat' dir='ltr'>maqristro</span> <span class='ocrx_word' id='word_1_398' title='bbox 1560 1390 1700 1426; x_wconf 71' lang='lat' dir='ltr'>Hem-ico,</span> <span class='ocrx_word' id='word_1_399' title='bbox 1714 1391 1971 1429; x_wconf 73' lang='lat' dir='ltr'>archipresbytero</span> <span class='ocrx_word' id='word_1_400' title='bbox 1983 1393 2098 1422; x_wconf 72' lang='lat' dir='ltr'>ecclesie</span> <span class='ocrx_word' id='word_1_401' title='bbox 2108 1394 2169 1423; x_wconf 81' lang='lat' dir='ltr'>An—</span> 
     </span>
     <span class='ocr_line' id='line_1_62' title="bbox 1162 1441 2168 1484; baseline 0.006 -14"><span class='ocrx_word' id='word_1_402' title='bbox 1162 1442 1333 1470; x_wconf 77' lang='lat' dir='ltr'>chont‘canc.</span> <span class='ocrx_word' id='word_1_403' title='bbox 1360 1453 1373 1467; x_wconf 82' lang='lat'>«</span> <span class='ocrx_word' id='word_1_404' title='bbox 1399 1441 1448 1470; x_wconf 91' lang='lat' dir='ltr'>Ad</span> <span class='ocrx_word' id='word_1_405' title='bbox 1472 1441 1595 1479; x_wconf 85' lang='lat' dir='ltr'>apicem</span> <span class='ocrx_word' id='word_1_406' title='bbox 1621 1442 1789 1480; x_wconf 86' lang='lat' dir='ltr'>apostolice</span> <span class='ocrx_word' id='word_1_407' title='bbox 1812 1443 1978 1481; x_wconf 85' lang='lat' dir='ltr'>dignitatis</span> <span class='ocrx_word' id='word_1_408' title='bbox 2000 1446 2168 1484; x_wconf 88' lang='lat' dir='ltr'>assumpti,</span> 
     </span>
     <span class='ocr_line' id='line_1_63' title="bbox 1160 1493 2169 1538; baseline 0.006 -15"><span class='ocrx_word' id='word_1_409' title='bbox 1160 1495 1226 1533; x_wconf 91' lang='lat' dir='ltr'>jam</span> <span class='ocrx_word' id='word_1_410' title='bbox 1241 1493 1360 1532; x_wconf 90' lang='lat' dir='ltr'>pluries</span> <span class='ocrx_word' id='word_1_411' title='bbox 1371 1494 1501 1532; x_wconf 88' lang='lat' dir='ltr'>querela</span> <span class='ocrx_word' id='word_1_412' title='bbox 1514 1494 1598 1524; x_wconf 83' lang='lat' dir='ltr'>circa</span> <span class='ocrx_word' id='word_1_413' title='bbox 1609 1503 1665 1525; x_wconf 89' lang='lat' dir='ltr'>nos</span> <span class='ocrx_word' id='word_1_414' title='bbox 1675 1499 1891 1535; x_wconf 88' lang='lat' dir='ltr'>prestrepente</span> <span class='ocrx_word' id='word_1_415' title='bbox 1900 1497 2071 1528; x_wconf 87' lang='lat' dir='ltr'>didicimus</span> <span class='ocrx_word' id='word_1_416' title='bbox 2084 1499 2169 1538; x_wconf 84' lang='lat' dir='ltr'>quod</span> 
     </span>
     <span class='ocr_line' id='line_1_64' title="bbox 1162 1547 2169 1592; baseline 0.007 -16"><span class='ocrx_word' id='word_1_417' title='bbox 1162 1547 1309 1577; x_wconf 88' lang='lat' dir='ltr'>homines</span> <span class='ocrx_word' id='word_1_418' title='bbox 1328 1548 1503 1578; x_wconf 87' lang='lat' dir='ltr'>Beneventi</span> <span class='ocrx_word' id='word_1_419' title='bbox 1519 1548 1712 1586; x_wconf 81' lang='lat' dir='ltr'>generaliter</span> <span class='ocrx_word' id='word_1_420' title='bbox 1727 1553 1757 1579; x_wconf 90' lang='lat' dir='ltr'>et</span> <span class='ocrx_word' id='word_1_421' title='bbox 1771 1550 1866 1579; x_wconf 89' lang='lat' dir='ltr'>etiam</span> <span class='ocrx_word' id='word_1_422' title='bbox 1885 1551 2081 1590; x_wconf 85' lang='lat' dir='ltr'>specialiter,</span> <span class='ocrx_word' id='word_1_423' title='bbox 2100 1557 2169 1592; x_wconf 90' lang='lat' dir='ltr'>post</span> 
     </span>
     <span class='ocr_line' id='line_1_65' title="bbox 1162 1601 2169 1640; baseline 0.005 -9"><span class='ocrx_word' id='word_1_424' title='bbox 1162 1605 1327 1640; x_wconf 84' lang='lat' dir='ltr'>conceptos</span> <span class='ocrx_word' id='word_1_425' title='bbox 1354 1610 1463 1631; x_wconf 88' lang='lat' dir='ltr'>eorum</span> <span class='ocrx_word' id='word_1_426' title='bbox 1488 1606 1593 1631; x_wconf 87' lang='lat' dir='ltr'>motus</span> <span class='ocrx_word' id='word_1_427' title='bbox 1617 1601 1744 1632; x_wconf 87' lang='lat' dir='ltr'>illicitos</span> <span class='ocrx_word' id='word_1_428' title='bbox 1767 1603 1920 1633; x_wconf 85' lang='lat' dir='ltr'>abeuntes</span> <span class='ocrx_word' id='word_1_429' title='bbox 1945 1609 1975 1635; x_wconf 90' lang='lat' dir='ltr'>et</span> <span class='ocrx_word' id='word_1_430' title='bbox 1998 1605 2169 1636; x_wconf 89' lang='lat' dir='ltr'>voluntatis</span> 
     </span>
     <span class='ocr_line' id='line_1_66' title="bbox 1163 1654 2169 1696; baseline 0.006 -13"><span class='ocrx_word' id='word_1_431' title='bbox 1163 1659 1332 1693; x_wconf 80' lang='lat' dir='ltr'>sequentes</span> <span class='ocrx_word' id='word_1_432' title='bbox 1357 1654 1540 1692; x_wconf 85' lang='lat' dir='ltr'>arbitrium,</span> <span class='ocrx_word' id='word_1_433' title='bbox 1569 1664 1586 1684; x_wconf 90' lang='lat' dir='ltr'>a</span> <span class='ocrx_word' id='word_1_434' title='bbox 1612 1656 1784 1694; x_wconf 77' lang='lat' dir='ltr'>sejudicio</span> <span class='ocrx_word' id='word_1_435' title='bbox 1811 1657 1944 1687; x_wconf 86' lang='lat' dir='ltr'>rationis</span> <span class='ocrx_word' id='word_1_436' title='bbox 1969 1659 2107 1696; x_wconf 86' lang='lat' dir='ltr'>excluso,</span> <span class='ocrx_word' id='word_1_437' title='bbox 2133 1660 2169 1689; x_wconf 90' lang='lat' dir='ltr'>in</span> 
     </span>
     <span class='ocr_line' id='line_1_67' title="bbox 1162 1708 2170 1749; baseline 0.005 -13"><span class='ocrx_word' id='word_1_438' title='bbox 1162 1710 1283 1737; x_wconf 86' lang='lat' dir='ltr'>tautam</span> <span class='ocrx_word' id='word_1_439' title='bbox 1299 1716 1471 1746; x_wconf 88' lang='lat' dir='ltr'>prerupere</span> <span class='ocrx_word' id='word_1_440' title='bbox 1488 1708 1675 1738; x_wconf 89' lang='lat' dir='ltr'>temeritatis</span> <span class='ocrx_word' id='word_1_441' title='bbox 1699 1709 1866 1739; x_wconf 81' lang='lat' dir='ltr'>audaciam</span> <span class='ocrx_word' id='word_1_442' title='bbox 1889 1711 1973 1749; x_wconf 83' lang='lat' dir='ltr'>quod</span> <span class='ocrx_word' id='word_1_443' title='bbox 1992 1715 2100 1741; x_wconf 85' lang='lat' dir='ltr'>contra</span> <span class='ocrx_word' id='word_1_444' title='bbox 2118 1712 2170 1742; x_wconf 92' lang='lat' dir='ltr'>di-</span> 
     </span>
     <span class='ocr_line' id='line_1_68' title="bbox 1161 1760 2169 1801; baseline 0.005 -11"><span class='ocrx_word' id='word_1_445' title='bbox 1161 1760 1277 1791; x_wconf 87' lang='lat' dir='ltr'>lectum</span> <span class='ocrx_word' id='word_1_446' title='bbox 1296 1760 1401 1790; x_wconf 87' lang='lat' dir='ltr'>filium</span> <span class='ocrx_word' id='word_1_447' title='bbox 1418 1760 1587 1790; x_wconf 86' lang='lat' dir='ltr'>Nicolaum</span> <span class='ocrx_word' id='word_1_448' title='bbox 1604 1761 1768 1799; x_wconf 86' lang='lat' dir='ltr'>Jacobini,</span> <span class='ocrx_word' id='word_1_449' title='bbox 1787 1763 1890 1792; x_wconf 83' lang='lat' dir='ltr'>civem</span> <span class='ocrx_word' id='word_1_450' title='bbox 1906 1771 2092 1801; x_wconf 83' lang='lat' dir='ltr'>romanum,</span> <span class='ocrx_word' id='word_1_451' title='bbox 2109 1764 2169 1795; x_wconf 88' lang='lat' dir='ltr'>du-</span> 
     </span>
     <span class='ocr_line' id='line_1_69' title="bbox 1162 1813 2168 1855; baseline 0.003 -11"><span class='ocrx_word' id='word_1_452' title='bbox 1162 1815 1239 1844; x_wconf 90' lang='lat' dir='ltr'>dum</span> <span class='ocrx_word' id='word_1_453' title='bbox 1259 1813 1397 1843; x_wconf 83' lang='lat' dir='ltr'>civitatis</span> <span class='ocrx_word' id='word_1_454' title='bbox 1421 1814 1648 1844; x_wconf 85' lang='lat' dir='ltr'>Beneventane</span> <span class='ocrx_word' id='word_1_455' title='bbox 1671 1818 1824 1844; x_wconf 89' lang='lat' dir='ltr'>rectorem</span> <span class='ocrx_word' id='word_1_456' title='bbox 1843 1825 1898 1853; x_wconf 90' lang='lat' dir='ltr'>per</span> <span class='ocrx_word' id='word_1_457' title='bbox 1914 1816 2021 1846; x_wconf 89' lang='lat' dir='ltr'>sedem</span> <span class='ocrx_word' id='word_1_458' title='bbox 2043 1821 2168 1855; x_wconf 86' lang='lat' dir='ltr'>aposto-</span> 
     </span>
     <span class='ocr_line' id='line_1_70' title="bbox 1162 1867 2168 1907; baseline 0.003 -9"><span class='ocrx_word' id='word_1_459' title='bbox 1162 1868 1258 1898; x_wconf 85' lang='lat' dir='ltr'>licam</span> <span class='ocrx_word' id='word_1_460' title='bbox 1283 1867 1506 1904; x_wconf 81' lang='lat' dir='ltr'>constitutum,</span> <span class='ocrx_word' id='word_1_461' title='bbox 1527 1871 1557 1897; x_wconf 87' lang='lat' dir='ltr'>et</span> <span class='ocrx_word' id='word_1_462' title='bbox 1577 1867 1750 1897; x_wconf 83' lang='lat' dir='ltr'>familiares</span> <span class='ocrx_word' id='word_1_463' title='bbox 1769 1868 1881 1907; x_wconf 88' lang='lat' dir='ltr'>ipsius,</span> <span class='ocrx_word' id='word_1_464' title='bbox 1902 1873 1976 1899; x_wconf 89' lang='lat' dir='ltr'>tunc</span> <span class='ocrx_word' id='word_1_465' title='bbox 1992 1879 2115 1900; x_wconf 89' lang='lat' dir='ltr'>moram</span> <span class='ocrx_word' id='word_1_466' title='bbox 2134 1871 2168 1901; x_wconf 91' lang='lat' dir='ltr'>in</span> 
     </span>
     <span class='ocr_line' id='line_1_71' title="bbox 1162 1920 2169 1958; baseline 0.003 -7"><span class='ocrx_word' id='word_1_467' title='bbox 1162 1922 1289 1952; x_wconf 88' lang='lat' dir='ltr'>civitate</span> <span class='ocrx_word' id='word_1_468' title='bbox 1306 1920 1529 1951; x_wconf 82' lang='lat' dir='ltr'>contrahentes</span> <span class='ocrx_word' id='word_1_469' title='bbox 1551 1922 1680 1958; x_wconf 83' lang='lat' dir='ltr'>eadem⁷</span> <span class='ocrx_word' id='word_1_470' title='bbox 1705 1921 1808 1951; x_wconf 85' lang='lat' dir='ltr'>subito</span> <span class='ocrx_word' id='word_1_471' title='bbox 1830 1922 2022 1953; x_wconf 88' lang='lat' dir='ltr'>clamoribus</span> <span class='ocrx_word' id='word_1_472' title='bbox 2042 1925 2169 1955; x_wconf 85' lang='lat' dir='ltr'>emissis</span> 
     </span>
     <span class='ocr_line' id='line_1_72' title="bbox 1161 1973 2169 2015; baseline 0.003 -12"><span class='ocrx_word' id='word_1_473' title='bbox 1161 1974 1328 2011; x_wconf 83' lang='lat' dir='ltr'>insurgere</span> <span class='ocrx_word' id='word_1_474' title='bbox 1341 1982 1376 2002; x_wconf 80' lang='lat' dir='ltr'>ac</span> <span class='ocrx_word' id='word_1_475' title='bbox 1388 1976 1507 2002; x_wconf 85' lang='lat' dir='ltr'>atroces</span> <span class='ocrx_word' id='word_1_476' title='bbox 1522 1973 1660 2011; x_wconf 86' lang='lat' dir='ltr'>injurias</span> <span class='ocrx_word' id='word_1_477' title='bbox 1673 1976 1701 2001; x_wconf 85' lang='lat' dir='ltr'>et</span> <span class='ocrx_word' id='word_1_478' title='bbox 1717 1973 1856 2012; x_wconf 86' lang='lat' dir='ltr'>dampna</span> <span class='ocrx_word' id='word_1_479' title='bbox 1874 1975 1983 2004; x_wconf 88' lang='lat' dir='ltr'>tamin</span> <span class='ocrx_word' id='word_1_480' title='bbox 1994 1976 2060 2005; x_wconf 88' lang='lat' dir='ltr'>suis</span> <span class='ocrx_word' id='word_1_481' title='bbox 2072 1985 2169 2015; x_wconf 86' lang='lat' dir='ltr'>quam</span> 
     </span>
     <span class='ocr_line' id='line_1_73' title="bbox 1161 2026 2168 2067; baseline 0.003 -11"><span class='ocrx_word' id='word_1_482' title='bbox 1161 2027 1371 2057; x_wconf 80' lang='lat' dir='ltr'>familiarium</span> <span class='ocrx_word' id='word_1_483' title='bbox 1387 2035 1517 2056; x_wconf 89' lang='lat' dir='ltr'>suorum</span> <span class='ocrx_word' id='word_1_484' title='bbox 1535 2026 1627 2055; x_wconf 82' lang='lat' dir='ltr'>bonis</span> <span class='ocrx_word' id='word_1_485' title='bbox 1643 2026 1761 2056; x_wconf 84' lang='lat' dir='ltr'>inferre</span> <span class='ocrx_word' id='word_1_486' title='bbox 1772 2027 1881 2064; x_wconf 84' lang='lat' dir='ltr'>gravia</span> <span class='ocrx_word' id='word_1_487' title='bbox 1894 2033 2168 2067; x_wconf 87' lang='lat' dir='ltr'>presumpserunt.</span> 
     </span>
     <span class='ocr_line' id='line_1_74' title="bbox 1162 2079 2166 2119; baseline 0.001 -9"><span class='ocrx_word' id='word_1_488' title='bbox 1162 2080 1317 2119; x_wconf 84' lang='lat' dir='ltr'>Quodque</span> <span class='ocrx_word' id='word_1_489' title='bbox 1345 2079 1485 2118; x_wconf 86' lang='lat' dir='ltr'>prefatus</span> <span class='ocrx_word' id='word_1_490' title='bbox 1516 2079 1681 2116; x_wconf 81' lang='lat' dir='ltr'>Nicolaus,</span> <span class='ocrx_word' id='word_1_491' title='bbox 1713 2083 1805 2117; x_wconf 82' lang='lat' dir='ltr'>prout</span> <span class='ocrx_word' id='word_1_492' title='bbox 1833 2080 1967 2118; x_wconf 86' lang='lat' dir='ltr'>querula</span> <span class='ocrx_word' id='word_1_493' title='bbox 1996 2081 2166 2111; x_wconf 87' lang='lat' dir='ltr'>hominum</span> 
     </span>
     <span class='ocr_line' id='line_1_75' title="bbox 1160 2132 2167 2173; baseline 0.001 -9"><span class='ocrx_word' id='word_1_494' title='bbox 1160 2134 1375 2173; x_wconf 88' lang='lat' dir='ltr'>predictorum</span> <span class='ocrx_word' id='word_1_495' title='bbox 1388 2133 1483 2162; x_wconf 87' lang='lat' dir='ltr'>habet</span> <span class='ocrx_word' id='word_1_496' title='bbox 1495 2132 1640 2169; x_wconf 89' lang='lat' dir='ltr'>assertio,</span> <span class='ocrx_word' id='word_1_497' title='bbox 1654 2137 1753 2161; x_wconf 86' lang='lat' dir='ltr'>metas</span> <span class='ocrx_word' id='word_1_498' title='bbox 1764 2133 2065 2172; x_wconf 88' lang='lat' dir='ltr'>suejurisdictionis</span> <span class='ocrx_word' id='word_1_499' title='bbox 2079 2144 2167 2165; x_wconf 81' lang='lat' dir='ltr'>exce-</span> 
     </span>
     <span class='ocr_line' id='line_1_76' title="bbox 1161 2185 2167 2227; baseline 0.002 -11"><span class='ocrx_word' id='word_1_500' title='bbox 1161 2188 1239 2216; x_wconf 82' lang='lat' dir='ltr'>dens</span> <span class='ocrx_word' id='word_1_501' title='bbox 1251 2191 1280 2216; x_wconf 88' lang='lat' dir='ltr'>et</span> <span class='ocrx_word' id='word_1_502' title='bbox 1290 2185 1500 2215; x_wconf 83' lang='lat' dir='ltr'>familiarium</span> <span class='ocrx_word' id='word_1_503' title='bbox 1513 2185 1729 2223; x_wconf 82' lang='lat' dir='ltr'>predictorum</span> <span class='ocrx_word' id='word_1_504' title='bbox 1741 2185 1931 2216; x_wconf 86' lang='lat' dir='ltr'>insolentias</span> <span class='ocrx_word' id='word_1_505' title='bbox 1947 2195 2011 2217; x_wconf 92' lang='lat' dir='ltr'>non</span> <span class='ocrx_word' id='word_1_506' title='bbox 2028 2196 2167 2227; x_wconf 87' lang='lat' dir='ltr'>compes-</span> 
     </span>
     <span class='ocr_line' id='line_1_77' title="bbox 1160 2237 2168 2278; baseline 0.002 -9"><span class='ocrx_word' id='word_1_507' title='bbox 1160 2249 1250 2276; x_wconf 79' lang='lat' dir='ltr'>cens,</span> <span class='ocrx_word' id='word_1_508' title='bbox 1269 2238 1454 2268; x_wconf 84' lang='lat' dir='ltr'>memoratis</span> <span class='ocrx_word' id='word_1_509' title='bbox 1470 2237 1659 2267; x_wconf 88' lang='lat' dir='ltr'>hominibus</span> <span class='ocrx_word' id='word_1_510' title='bbox 1676 2239 1891 2268; x_wconf 89' lang='lat' dir='ltr'>communiter</span> <span class='ocrx_word' id='word_1_511' title='bbox 1911 2242 1940 2268; x_wconf 88' lang='lat' dir='ltr'>et</span> <span class='ocrx_word' id='word_1_512' title='bbox 1959 2239 2168 2278; x_wconf 83' lang='lat' dir='ltr'>singulariter</span> 
     </span>
     <span class='ocr_line' id='line_1_78' title="bbox 1160 2291 2167 2333; baseline 0 -10"><span class='ocrx_word' id='word_1_513' title='bbox 1160 2294 1253 2324; x_wconf 88' lang='lat' dir='ltr'>etiam</span> <span class='ocrx_word' id='word_1_514' title='bbox 1269 2303 1301 2323; x_wconf 88' lang='lat' dir='ltr'>se</span> <span class='ocrx_word' id='word_1_515' title='bbox 1313 2292 1532 2330; x_wconf 88' lang='lat' dir='ltr'>multipliciter</span> <span class='ocrx_word' id='word_1_516' title='bbox 1543 2291 1739 2331; x_wconf 86' lang='lat' dir='ltr'>injuriosum</span> <span class='ocrx_word' id='word_1_517' title='bbox 1749 2292 1894 2322; x_wconf 79' lang='lat' dir='ltr'>exhibuit</span> <span class='ocrx_word' id='word_1_518' title='bbox 1905 2293 2016 2331; x_wconf 90' lang='lat' dir='ltr'>eisque</span> <span class='ocrx_word' id='word_1_519' title='bbox 2027 2293 2167 2333; x_wconf 87' lang='lat' dir='ltr'>dampna</span> 
     </span>
     <span class='ocr_line' id='line_1_79' title="bbox 1160 2344 2168 2385; baseline 0 -8"><span class='ocrx_word' id='word_1_520' title='bbox 1160 2356 1225 2377; x_wconf 83' lang='lat' dir='ltr'>nou</span> <span class='ocrx_word' id='word_1_521' title='bbox 1248 2346 1371 2376; x_wconf 87' lang='lat' dir='ltr'>modica</span> <span class='ocrx_word' id='word_1_522' title='bbox 1389 2346 1556 2383; x_wconf 83' lang='lat' dir='ltr'>irrogavit,</span> <span class='ocrx_word' id='word_1_523' title='bbox 1581 2344 1644 2374; x_wconf 85' lang='lat' dir='ltr'>alia</span> <span class='ocrx_word' id='word_1_524' title='bbox 1664 2345 1821 2375; x_wconf 86' lang='lat' dir='ltr'>nonnulla</span> <span class='ocrx_word' id='word_1_525' title='bbox 1844 2345 1877 2374; x_wconf 91' lang='lat' dir='ltr'>iu</span> <span class='ocrx_word' id='word_1_526' title='bbox 1900 2346 2115 2385; x_wconf 87' lang='lat' dir='ltr'>prejudicium</span> <span class='ocrx_word' id='word_1_527' title='bbox 2136 2351 2168 2377; x_wconf 90' lang='lat' dir='ltr'>et</span> 
     </span>
     <span class='ocr_line' id='line_1_80' title="bbox 1160 2397 2166 2438; baseline 0 -8"><span class='ocrx_word' id='word_1_528' title='bbox 1160 2399 1400 2438; x_wconf 82' lang='lat' dir='ltr'>derogationem</span> <span class='ocrx_word' id='word_1_529' title='bbox 1419 2407 1482 2428; x_wconf 92' lang='lat' dir='ltr'>non</span> <span class='ocrx_word' id='word_1_530' title='bbox 1498 2397 1602 2428; x_wconf 84' lang='lat' dir='ltr'>levem</span> <span class='ocrx_word' id='word_1_531' title='bbox 1614 2398 1739 2437; x_wconf 90' lang='lat' dir='ltr'>jurium</span> <span class='ocrx_word' id='word_1_532' title='bbox 1756 2407 1817 2437; x_wconf 88' lang='lat' dir='ltr'>que</span> <span class='ocrx_word' id='word_1_533' title='bbox 1833 2407 1966 2429; x_wconf 84' lang='lat' dir='ltr'>romana</span> <span class='ocrx_word' id='word_1_534' title='bbox 1981 2399 2114 2430; x_wconf 89' lang='lat' dir='ltr'>ecclesia</span> <span class='ocrx_word' id='word_1_535' title='bbox 2131 2399 2166 2429; x_wconf 89' lang='lat' dir='ltr'>in</span> 
     </span>
     <span class='ocr_line' id='line_1_81' title="bbox 1160 2451 2167 2491; baseline -0.002 -7"><span class='ocrx_word' id='word_1_536' title='bbox 1160 2454 1286 2484; x_wconf 82' lang='lat' dir='ltr'>civitate</span> <span class='ocrx_word' id='word_1_537' title='bbox 1301 2452 1440 2491; x_wconf 84' lang='lat' dir='ltr'>predicta</span> <span class='ocrx_word' id='word_1_538' title='bbox 1458 2451 1580 2481; x_wconf 87' lang='lat' dir='ltr'>obtinet</span> <span class='ocrx_word' id='word_1_539' title='bbox 1602 2451 1843 2482; x_wconf 88' lang='lat' dir='ltr'>committendo.</span> <span class='ocrx_word' id='word_1_540' title='bbox 1863 2452 2054 2491; x_wconf 85' lang='lat' dir='ltr'>Accepimus</span> <span class='ocrx_word' id='word_1_541' title='bbox 2072 2453 2167 2483; x_wconf 88' lang='lat' dir='ltr'>insu-</span> 
     </span>
     <span class='ocr_line' id='line_1_82' title="bbox 1160 2504 2166 2547; baseline -0.002 -10"><span class='ocrx_word' id='word_1_542' title='bbox 1160 2517 1214 2547; x_wconf 87' lang='lat' dir='ltr'>per</span> <span class='ocrx_word' id='word_1_543' title='bbox 1227 2506 1310 2546; x_wconf 91' lang='lat' dir='ltr'>quod</span> <span class='ocrx_word' id='word_1_544' title='bbox 1322 2514 1419 2545; x_wconf 87' lang='lat' dir='ltr'>quam</span> <span class='ocrx_word' id='word_1_545' title='bbox 1432 2504 1539 2544; x_wconf 88' lang='lat' dir='ltr'>plures</span> <span class='ocrx_word' id='word_1_546' title='bbox 1550 2504 1657 2534; x_wconf 80' lang='lat' dir='ltr'>clerici</span> <span class='ocrx_word' id='word_1_547' title='bbox 1671 2504 1902 2542; x_wconf 76' lang='lat' dir='ltr'>Beneventani,</span> <span class='ocrx_word' id='word_1_548' title='bbox 1915 2514 1971 2545; x_wconf 91' lang='lat' dir='ltr'>per</span> <span class='ocrx_word' id='word_1_549' title='bbox 1982 2505 2166 2544; x_wconf 87' lang='lat' dir='ltr'>iniquitatis</span> 
     </span>
     <span class='ocr_line' id='line_1_83' title="bbox 1160 2558 2167 2598; baseline -0.003 -7"><span class='ocrx_word' id='word_1_550' title='bbox 1160 2561 1307 2591; x_wconf 86' lang='lat' dir='ltr'>semitam</span> <span class='ocrx_word' id='word_1_551' title='bbox 1328 2558 1512 2589; x_wconf 88' lang='lat' dir='ltr'>incedentes</span> <span class='ocrx_word' id='word_1_552' title='bbox 1537 2562 1567 2588; x_wconf 89' lang='lat' dir='ltr'>et</span> <span class='ocrx_word' id='word_1_553' title='bbox 1588 2558 1693 2596; x_wconf 88' lang='lat' dir='ltr'>pravis</span> <span class='ocrx_word' id='word_1_554' title='bbox 1716 2558 1929 2588; x_wconf 86' lang='lat' dir='ltr'>inservientes</span> <span class='ocrx_word' id='word_1_555' title='bbox 1952 2559 2113 2598; x_wconf 89' lang='lat' dir='ltr'>operibus,</span> <span class='ocrx_word' id='word_1_556' title='bbox 2134 2567 2167 2588; x_wconf 90' lang='lat' dir='ltr'>se</span> 
     </span>
     <span class='ocr_line' id='line_1_84' title="bbox 1159 2610 2167 2653; baseline -0.002 -10"><span class='ocrx_word' id='word_1_557' title='bbox 1159 2612 1344 2653; x_wconf 89' lang='lat' dir='ltr'>hujusmodi</span> <span class='ocrx_word' id='word_1_558' title='bbox 1371 2611 1560 2641; x_wconf 87' lang='lat' dir='ltr'>turbationis</span> <span class='ocrx_word' id='word_1_559' title='bbox 1585 2614 1614 2640; x_wconf 91' lang='lat' dir='ltr'>et</span> <span class='ocrx_word' id='word_1_560' title='bbox 1637 2610 1843 2641; x_wconf 86' lang='lat' dir='ltr'>dissentionis</span> <span class='ocrx_word' id='word_1_561' title='bbox 1868 2616 1990 2642; x_wconf 81' lang='lat' dir='ltr'>actores</span> <span class='ocrx_word' id='word_1_562' title='bbox 2015 2611 2167 2642; x_wconf 85' lang='lat' dir='ltr'>exhibere</span> 
     </span>
     <span class='ocr_line' id='line_1_85' title="bbox 1159 2663 2165 2703; baseline -0.002 -7"><span class='ocrx_word' id='word_1_563' title='bbox 1159 2676 1223 2697; x_wconf 90' lang='lat' dir='ltr'>non</span> <span class='ocrx_word' id='word_1_564' title='bbox 1242 2669 1390 2696; x_wconf 88' lang='lat' dir='ltr'>metuunt</span> <span class='ocrx_word' id='word_1_565' title='bbox 1405 2663 1607 2703; x_wconf 87' lang='lat' dir='ltr'>principales.</span> <span class='ocrx_word' id='word_1_566' title='bbox 1626 2663 1779 2694; x_wconf 87' lang='lat' dir='ltr'>Nolentes</span> <span class='ocrx_word' id='word_1_567' title='bbox 1794 2665 1903 2703; x_wconf 85' lang='lat' dir='ltr'>igitur,</span> <span class='ocrx_word' id='word_1_568' title='bbox 1921 2664 1948 2694; x_wconf 92' lang='lat' dir='ltr'>si</span> <span class='ocrx_word' id='word_1_569' title='bbox 1964 2665 2097 2695; x_wconf 88' lang='lat' dir='ltr'>veritate</span> <span class='ocrx_word' id='word_1_570' title='bbox 2112 2665 2165 2694; x_wconf 91' lang='lat' dir='ltr'>ni-</span> 
     </span>
     <span class='ocr_line' id='line_1_86' title="bbox 1160 2717 2166 2757; baseline -0.002 -7"><span class='ocrx_word' id='word_1_571' title='bbox 1160 2723 1278 2756; x_wconf 88' lang='lat' dir='ltr'>tantur,</span> <span class='ocrx_word' id='word_1_572' title='bbox 1311 2719 1491 2757; x_wconf 87' lang='lat' dir='ltr'>incorrepta</span> <span class='ocrx_word' id='word_1_573' title='bbox 1519 2717 1676 2756; x_wconf 88' lang='lat' dir='ltr'>relinqui,</span> <span class='ocrx_word' id='word_1_574' title='bbox 1711 2726 1785 2748; x_wconf 90' lang='lat' dir='ltr'>cum</span> <span class='ocrx_word' id='word_1_575' title='bbox 1817 2717 1977 2757; x_wconf 89' lang='lat' dir='ltr'>impunita</span> <span class='ocrx_word' id='word_1_576' title='bbox 2007 2718 2166 2748; x_wconf 82' lang='lat' dir='ltr'>temeritas</span> 
     </span>
     <span class='ocr_line' id='line_1_87' title="bbox 1158 2771 2167 2812; baseline -0.003 -8"><span class='ocrx_word' id='word_1_577' title='bbox 1158 2782 1271 2804; x_wconf 88' lang='lat' dir='ltr'>ausum</span> <span class='ocrx_word' id='word_1_578' title='bbox 1287 2781 1415 2812; x_wconf 87' lang='lat' dir='ltr'>parcere</span> <span class='ocrx_word' id='word_1_579' title='bbox 1429 2771 1527 2801; x_wconf 83' lang='lat' dir='ltr'>soleat</span> <span class='ocrx_word' id='word_1_580' title='bbox 1544 2771 1767 2810; x_wconf 88' lang='lat' dir='ltr'>delinquendi,</span> <span class='ocrx_word' id='word_1_581' title='bbox 1786 2776 1816 2801; x_wconf 87' lang='lat' dir='ltr'>et</span> <span class='ocrx_word' id='word_1_582' title='bbox 1828 2775 1974 2810; x_wconf 86' lang='lat' dir='ltr'>gerentes</span> <span class='ocrx_word' id='word_1_583' title='bbox 1990 2772 2027 2802; x_wconf 91' lang='lat' dir='ltr'>de</span> <span class='ocrx_word' id='word_1_584' title='bbox 2044 2775 2095 2801; x_wconf 88' lang='lat' dir='ltr'>tue</span> <span class='ocrx_word' id='word_1_585' title='bbox 2107 2771 2167 2801; x_wconf 88' lang='lat' dir='ltr'>cir-</span> 
     </span>
     <span class='ocr_line' id='line_1_88' title="bbox 1158 2824 2164 2866; baseline -0.004 -9"><span class='ocrx_word' id='word_1_586' title='bbox 1158 2825 1404 2866; x_wconf 86' lang='lat' dir='ltr'>cumspectionis</span> <span class='ocrx_word' id='word_1_587' title='bbox 1420 2824 1581 2854; x_wconf 88' lang='lat' dir='ltr'>industria</span> <span class='ocrx_word' id='word_1_588' title='bbox 1604 2824 1758 2854; x_wconf 86' lang='lat' dir='ltr'>fiduciam</span> <span class='ocrx_word' id='word_1_589' title='bbox 1775 2825 1808 2854; x_wconf 88' lang='lat' dir='ltr'>in</span> <span class='ocrx_word' id='word_1_590' title='bbox 1826 2825 1966 2855; x_wconf 90' lang='lat' dir='ltr'>Domino</span> <span class='ocrx_word' id='word_1_591' title='bbox 1983 2824 2164 2864; x_wconf 86' lang='lat' dir='ltr'>specialem,</span> 
     </span>
     <span class='ocr_line' id='line_1_89' title="bbox 1158 2877 2165 2917; baseline -0.003 -7"><span class='ocrx_word' id='word_1_592' title='bbox 1158 2878 1344 2910; x_wconf 88' lang='lat' dir='ltr'>discretioni</span> <span class='ocrx_word' id='word_1_593' title='bbox 1359 2882 1410 2908; x_wconf 88' lang='lat' dir='ltr'>tue</span> <span class='ocrx_word' id='word_1_594' title='bbox 1423 2887 1478 2916; x_wconf 88' lang='lat' dir='ltr'>per</span> <span class='ocrx_word' id='word_1_595' title='bbox 1491 2877 1660 2917; x_wconf 86' lang='lat' dir='ltr'>apostolica</span> <span class='ocrx_word' id='word_1_596' title='bbox 1678 2878 1793 2916; x_wconf 87' lang='lat' dir='ltr'>scripta</span> <span class='ocrx_word' id='word_1_597' title='bbox 1810 2877 2001 2908; x_wconf 88' lang='lat' dir='ltr'>mandamus</span> <span class='ocrx_word' id='word_1_598' title='bbox 2013 2878 2165 2916; x_wconf 87' lang='lat' dir='ltr'>quatinus</span> 
     </span>
     <span class='ocr_line' id='line_1_90' title="bbox 1159 2929 2163 2971; baseline -0.004 -8"><span class='ocrx_word' id='word_1_599' title='bbox 1159 2941 1292 2971; x_wconf 86' lang='lat' dir='ltr'>...super</span> <span class='ocrx_word' id='word_1_600' title='bbox 1307 2931 1470 2971; x_wconf 87' lang='lat' dir='ltr'>premissis</span> <span class='ocrx_word' id='word_1_601' title='bbox 1482 2934 1545 2961; x_wconf 89' lang='lat' dir='ltr'>tam</span> <span class='ocrx_word' id='word_1_602' title='bbox 1560 2935 1670 2961; x_wconf 89' lang='lat' dir='ltr'>contra</span> <span class='ocrx_word' id='word_1_603' title='bbox 1680 2930 1825 2970; x_wconf 88' lang='lat' dir='ltr'>cleri[cos</span> <span class='ocrx_word' id='word_1_604' title='bbox 1838 2939 1873 2960; x_wconf 92' lang='lat' dir='ltr'>ac</span> <span class='ocrx_word' id='word_1_605' title='bbox 1884 2934 2003 2961; x_wconf 89' lang='lat' dir='ltr'>ceteros</span> <span class='ocrx_word' id='word_1_606' title='bbox 2014 2929 2163 2960; x_wconf 88' lang='lat' dir='ltr'>homines</span> 
     </span>
     <span class='ocr_line' id='line_1_91' title="bbox 1160 2980 2163 3022; baseline -0.004 -7"><span class='ocrx_word' id='word_1_607' title='bbox 1160 2986 1402 3016; x_wconf 85' lang='lat' dir='ltr'>Beneventauos</span> <span class='ocrx_word' id='word_1_608' title='bbox 1419 2992 1514 3022; x_wconf 87' lang='lat' dir='ltr'>quam</span> <span class='ocrx_word' id='word_1_609' title='bbox 1525 2982 1708 3022; x_wconf 87' lang='lat' dir='ltr'>Ni]colaum</span> <span class='ocrx_word' id='word_1_610' title='bbox 1719 2983 1874 3022; x_wconf 87' lang='lat' dir='ltr'>predictos</span> <span class='ocrx_word' id='word_1_611' title='bbox 1883 2983 1973 3022; x_wconf 86' lang='lat' dir='ltr'>juxta</span> <span class='ocrx_word' id='word_1_612' title='bbox 1984 2982 2088 3012; x_wconf 89' lang='lat' dir='ltr'>datam</span> <span class='ocrx_word' id='word_1_613' title='bbox 2107 2980 2163 3011; x_wconf 88' lang='lat' dir='ltr'>tibi</span> 
     </span>
    </p>
   </div>
   <div class='ocr_carea' id='block_1_22' title="bbox 1973 3047 2024 3075">
    <p class='ocr_par' dir='ltr' id='par_1_23' title="bbox 1973 3047 2024 3075">
     <span class='ocr_line' id='line_1_92' title="bbox 1973 3047 2024 3075; baseline 0 0"><span class='ocrx_word' id='word_1_614' title='bbox 1973 3047 2024 3075; x_wconf 71' lang='lat'>120</span> 
     </span>
    </p>
   </div>
  </div>
 </body>
</html>
