<?xml version="1.0" encoding="UTF-8"?>
<!DOCTYPE html PUBLIC "-//W3C//DTD XHTML 1.0 Transitional//EN"
    "http://www.w3.org/TR/xhtml1/DTD/xhtml1-transitional.dtd">
<html xmlns="http://www.w3.org/1999/xhtml" xml:lang="en" lang="en">
 <head>
  <title>
</title>
<meta http-equiv="Content-Type" content="text/html;charset=utf-8" />
  <meta name='ocr-system' content='tesseract 3.04.00' />
  <meta name='ocr-capabilities' content='ocr_page ocr_carea ocr_par ocr_line ocrx_word'/>
</head>
<body>
  <div class='ocr_page' id='page_1' title='image "./lesregistresdeni02romeuoft_0303.png"; bbox 0 0 2393 3496; ppageno 0'>
   <div class='ocr_carea' id='block_1_1' title="bbox 838 351 2111 390">
    <p class='ocr_par' dir='ltr' id='par_1_1' title="bbox 838 351 2111 390">
     <span class='ocr_line' id='line_1_1' title="bbox 838 351 2111 390; baseline -0.008 0"><span class='ocrx_word' id='word_1_1' title='bbox 838 359 1050 390; x_wconf 78' lang='lat' dir='ltr'>REGISTRE</span> <span class='ocrx_word' id='word_1_2' title='bbox 1073 351 1290 388; x_wconf 72' lang='lat' dir='ltr'><strong>CAMERAL.</strong></span> <span class='ocrx_word' id='word_1_3' title='bbox 2055 352 2111 381; x_wconf 78' lang='lat'>977</span> 
     </span>
    </p>
   </div>
   <div class='ocr_carea' id='block_1_2' title="bbox 25 425 1020 523">
    <p class='ocr_par' dir='ltr' id='par_1_2' title="bbox 25 425 1020 523">
     <span class='ocr_line' id='line_1_2' title="bbox 25 425 1020 471; baseline -0.015 -2"><span class='ocrx_word' id='word_1_4' title='bbox 25 443 56 471; x_wconf 81' lang='lat' dir='ltr'>et</span> <span class='ocrx_word' id='word_1_5' title='bbox 69 444 181 468; x_wconf 87' lang='lat' dir='ltr'>novem</span> <span class='ocrx_word' id='word_1_6' title='bbox 196 432 326 463; x_wconf 86' lang='lat' dir='ltr'>milibus</span> <span class='ocrx_word' id='word_1_7' title='bbox 341 431 513 469; x_wconf 77' lang='lat' dir='ltr'>nongentis</span> <span class='ocrx_word' id='word_1_8' title='bbox 529 434 559 460; x_wconf 92' lang='lat' dir='ltr'>et</span> <span class='ocrx_word' id='word_1_9' title='bbox 573 430 770 467; x_wconf 85' lang='lat' dir='ltr'>octoginta...</span> <span class='ocrx_word' id='word_1_10' title='bbox 791 426 922 457; x_wconf 84' lang='lat' dir='ltr'>florenis</span> <span class='ocrx_word' id='word_1_11' title='bbox 937 425 1020 455; x_wconf 85' lang='lat' dir='ltr'>auri.</span> 
     </span>
     <span class='ocr_line' id='line_1_3' title="bbox 25 485 463 523; baseline -0.023 0"><span class='ocrx_word' id='word_1_12' title='bbox 25 493 94 523; x_wconf 88' lang='lat' dir='ltr'>Dat.</span> <span class='ocrx_word' id='word_1_13' title='bbox 114 488 220 520; x_wconf 87' lang='lat' dir='ltr'>idibus</span> <span class='ocrx_word' id='word_1_14' title='bbox 238 485 427 516; x_wconf 85' lang='lat' dir='ltr'>decembris.</span> <span class='ocrx_word' id='word_1_15' title='bbox 449 496 463 512; x_wconf 68' lang='lat' dir='ltr'>n</span> 
     </span>
    </p>
   </div>
   <div class='ocr_carea' id='block_1_3' title="bbox 60 686 988 724">
    <p class='ocr_par' dir='ltr' id='par_1_3' title="bbox 60 686 988 724">
     <span class='ocr_line' id='line_1_4' title="bbox 60 686 988 724; baseline -0.012 -1"><span class='ocrx_word' id='word_1_16' title='bbox 60 691 309 724; x_wconf 58' lang='lat' dir='ltr'>&#39;not-&#39;7203</span> <span class='ocrx_word' id='word_1_17' title='bbox 350 688 709 722; x_wconf 72' lang='lat' dir='ltr'>sainte-Marte-Majeure,</span> <span class='ocrx_word' id='word_1_18' title='bbox 726 687 759 714; x_wconf 71' lang='lat'>‘25</span> <span class='ocrx_word' id='word_1_19' title='bbox 777 687 892 713; x_wconf 81' lang='lat' dir='ltr'>octobre</span> <span class='ocrx_word' id='word_1_20' title='bbox 912 686 988 712; x_wconf 69' lang='lat'>1288.</span> 
     </span>
    </p>
   </div>
   <div class='ocr_carea' id='block_1_4' title="bbox 26 755 1025 892">
    <p class='ocr_par' dir='ltr' id='par_1_4' title="bbox 26 755 1025 892">
     <span class='ocr_line' id='line_1_5' title="bbox 59 755 1025 791; baseline -0.009 -1"><span class='ocrx_word' id='word_1_21' title='bbox 59 763 160 791; x_wconf 79' lang='lat' dir='ltr'>Forma</span> <span class='ocrx_word' id='word_1_22' title='bbox 173 761 330 788; x_wconf 86' lang='lat' dir='ltr'>litterarum</span> <span class='ocrx_word' id='word_1_23' title='bbox 347 760 576 785; x_wconf 74' lang='lat' dir='ltr'>executor-iarum</span> <span class='ocrx_word' id='word_1_24' title='bbox 592 757 626 784; x_wconf 90' lang='lat' dir='ltr'>ad</span> <span class='ocrx_word' id='word_1_25' title='bbox 643 757 783 783; x_wconf 84' lang='lat' dir='ltr'>cautelam</span> <span class='ocrx_word' id='word_1_26' title='bbox 804 756 978 783; x_wconf 86' lang='lat' dir='ltr'>creditorum</span> <span class='ocrx_word' id='word_1_27' title='bbox 996 755 1025 781; x_wconf 89' lang='lat' dir='ltr'>in</span> 
     </span>
     <span class='ocr_line' id='line_1_6' title="bbox 26 807 1024 844; baseline -0.01 -4"><span class='ocrx_word' id='word_1_28' title='bbox 26 812 131 841; x_wconf 76' lang='lat' dir='ltr'>mutuis</span> <span class='ocrx_word' id='word_1_29' title='bbox 145 811 219 837; x_wconf 80' lang='lat' dir='ltr'>inter</span> <span class='ocrx_word' id='word_1_30' title='bbox 234 809 376 844; x_wconf 88' lang='lat' dir='ltr'>praelatos</span> <span class='ocrx_word' id='word_1_31' title='bbox 391 811 420 834; x_wconf 84' lang='lat' dir='ltr'>et</span> <span class='ocrx_word' id='word_1_32' title='bbox 440 811 614 834; x_wconf 82' lang='lat' dir='ltr'>mercatores</span> <span class='ocrx_word' id='word_1_33' title='bbox 638 807 733 832; x_wconf 89' lang='lat' dir='ltr'>curiae</span> <span class='ocrx_word' id='word_1_34' title='bbox 755 813 887 832; x_wconf 86' lang='lat' dir='ltr'>romanae</span> <span class='ocrx_word' id='word_1_35' title='bbox 909 808 1024 831; x_wconf 84' lang='lat' dir='ltr'>contra-</span> 
     </span>
     <span class='ocr_line' id='line_1_7' title="bbox 26 853 888 892; baseline -0.012 -3"><span class='ocrx_word' id='word_1_36' title='bbox 26 860 125 890; x_wconf 80' lang='lat' dir='ltr'>hendis</span> <span class='ocrx_word' id='word_1_37' title='bbox 139 867 154 885; x_wconf 90' lang='lat' dir='ltr'>a</span> <span class='ocrx_word' id='word_1_38' title='bbox 169 858 237 885; x_wconf 87' lang='lat' dir='ltr'>sede</span> <span class='ocrx_word' id='word_1_39' title='bbox 252 857 409 892; x_wconf 86' lang='lat' dir='ltr'>apostolica</span> <span class='ocrx_word' id='word_1_40' title='bbox 424 855 682 883; x_wconf 86' lang='lat' dir='ltr'>concedendarum.</span> <span class='ocrx_word' id='word_1_41' title='bbox 703 853 774 888; x_wconf 86' lang='lat' dir='ltr'>(Fol.</span> <span class='ocrx_word' id='word_1_42' title='bbox 791 853 823 880; x_wconf 81' lang='lat'>34</span> <span class='ocrx_word' id='word_1_43' title='bbox 840 855 888 885; x_wconf 75' lang='lat' dir='ltr'>ro.)</span> 
     </span>
    </p>
   </div>
   <div class='ocr_carea' id='block_1_5' title="bbox 0 961 1034 2544">
    <p class='ocr_par' dir='ltr' id='par_1_5' title="bbox 0 961 1034 2544">
     <span class='ocr_line' id='line_1_8' title="bbox 63 961 1027 1008; baseline -0.009 -10"><span class='ocrx_word' id='word_1_44' title='bbox 63 968 177 1008; x_wconf 74' lang='lat' dir='ltr'>[Dilecto</span> <span class='ocrx_word' id='word_1_45' title='bbox 187 965 250 1004; x_wconf 80' lang='lat' dir='ltr'>filio</span> <span class='ocrx_word' id='word_1_46' title='bbox 266 964 412 1002; x_wconf 81' lang='lat' dir='ltr'>Berarclo,</span> <span class='ocrx_word' id='word_1_47' title='bbox 424 963 608 1003; x_wconf 81' lang='lat' dir='ltr'>ca]merario</span> <span class='ocrx_word' id='word_1_48' title='bbox 624 968 737 997; x_wconf 79' lang='lat' dir='ltr'>nostro,</span> <span class='ocrx_word' id='word_1_49' title='bbox 747 968 798 992; x_wconf 78' lang='lat' dir='ltr'>etc.</span> <span class='ocrx_word' id='word_1_50' title='bbox 812 974 825 988; x_wconf 75' lang='grc' dir='ltr'>α</span> <span class='ocrx_word' id='word_1_51' title='bbox 839 961 920 991; x_wconf 90' lang='lat' dir='ltr'>Cum</span> <span class='ocrx_word' id='word_1_52' title='bbox 932 969 1027 999; x_wconf 90' lang='lat' dir='ltr'>super</span> 
     </span>
     <span class='ocr_line' id='line_1_9' title="bbox 24 1014 1027 1057; baseline -0.01 -5"><span class='ocrx_word' id='word_1_53' title='bbox 24 1020 140 1053; x_wconf 84' lang='lat' dir='ltr'>mutuis</span> <span class='ocrx_word' id='word_1_54' title='bbox 154 1019 238 1048; x_wconf 89' lang='lat' dir='ltr'>inter</span> <span class='ocrx_word' id='word_1_55' title='bbox 254 1016 450 1057; x_wconf 80' lang='lat' dir='ltr'>patriarchas</span> <span class='ocrx_word' id='word_1_56' title='bbox 462 1039 470 1053; x_wconf 90' lang='lat'>‚</span> <span class='ocrx_word' id='word_1_57' title='bbox 492 1015 747 1054; x_wconf 66' lang='lat' dir='ltr'>archiepiscopos</span> <span class='ocrx_word' id='word_1_58' title='bbox 766 1019 796 1044; x_wconf 92' lang='lat' dir='ltr'>et</span> <span class='ocrx_word' id='word_1_59' title='bbox 812 1014 972 1053; x_wconf 85' lang='lat' dir='ltr'>episcopos</span> <span class='ocrx_word' id='word_1_60' title='bbox 991 1022 1027 1042; x_wconf 90' lang='lat' dir='ltr'>ac</span> 
     </span>
     <span class='ocr_line' id='line_1_10' title="bbox 0 1067 1027 1115; baseline -0.008 -12"><span class='ocrx_word' id='word_1_61' title='bbox 0 1111 1 1114; x_wconf 13' lang='grc' dir='ltr'><strong>Ἰ</strong></span> <span class='ocrx_word' id='word_1_62' title='bbox 26 1072 124 1115; x_wconf 78' lang='lat' dir='ltr'>[alios]</span> <span class='ocrx_word' id='word_1_63' title='bbox 139 1071 307 1101; x_wconf 80' lang='lat' dir='ltr'>inferiores</span> <span class='ocrx_word' id='word_1_64' title='bbox 323 1069 460 1108; x_wconf 88' lang='lat' dir='ltr'>prelatos</span> <span class='ocrx_word' id='word_1_65' title='bbox 476 1078 531 1098; x_wconf 91' lang='lat' dir='ltr'>seu</span> <span class='ocrx_word' id='word_1_66' title='bbox 546 1076 764 1107; x_wconf 84' lang='lat' dir='ltr'>quascumque</span> <span class='ocrx_word' id='word_1_67' title='bbox 780 1067 858 1096; x_wconf 84' lang='lat' dir='ltr'>alias</span> <span class='ocrx_word' id='word_1_68' title='bbox 877 1075 1027 1106; x_wconf 84' lang='lat' dir='ltr'>personas</span> 
     </span>
     <span class='ocr_line' id='line_1_11' title="bbox 25 1119 1027 1158; baseline -0.009 -2"><span class='ocrx_word' id='word_1_69' title='bbox 25 1124 247 1158; x_wconf 76' lang='lat' dir='ltr'>ecclesiasticas</span> <span class='ocrx_word' id='word_1_70' title='bbox 275 1127 306 1153; x_wconf 91' lang='lat' dir='ltr'>et</span> <span class='ocrx_word' id='word_1_71' title='bbox 337 1127 529 1152; x_wconf 85' lang='lat' dir='ltr'>mercatores</span> <span class='ocrx_word' id='word_1_72' title='bbox 559 1129 691 1151; x_wconf 89' lang='lat' dir='ltr'>romane</span> <span class='ocrx_word' id='word_1_73' title='bbox 720 1120 809 1149; x_wconf 88' lang='lat' dir='ltr'>curie</span> <span class='ocrx_word' id='word_1_74' title='bbox 842 1119 1027 1149; x_wconf 86' lang='lat' dir='ltr'>auctoritate</span> 
     </span>
     <span class='ocr_line' id='line_1_12' title="bbox 24 1173 1026 1220; baseline -0.009 -11"><span class='ocrx_word' id='word_1_75' title='bbox 24 1178 187 1220; x_wconf 79' lang='lat' dir='ltr'>apostolica</span> <span class='ocrx_word' id='word_1_76' title='bbox 211 1175 461 1211; x_wconf 84' lang='lat' dir='ltr'>contrahendis,</span> <span class='ocrx_word' id='word_1_77' title='bbox 486 1174 590 1214; x_wconf 89' lang='lat' dir='ltr'>quoad</span> <span class='ocrx_word' id='word_1_78' title='bbox 611 1173 805 1204; x_wconf 81' lang='lat' dir='ltr'>executorias</span> <span class='ocrx_word' id='word_1_79' title='bbox 827 1173 948 1202; x_wconf 79' lang='lat' dir='ltr'>litteras</span> <span class='ocrx_word' id='word_1_80' title='bbox 971 1180 1026 1210; x_wconf 88' lang='lat' dir='ltr'>pro</span> 
     </span>
     <span class='ocr_line' id='line_1_13' title="bbox 25 1225 1026 1266; baseline -0.01 -3"><span class='ocrx_word' id='word_1_81' title='bbox 25 1231 144 1265; x_wconf 73' lang='lat' dir='ltr'>cautela</span> <span class='ocrx_word' id='word_1_82' title='bbox 158 1230 351 1261; x_wconf 83' lang='lat' dir='ltr'>creditorum</span> <span class='ocrx_word' id='word_1_83' title='bbox 370 1238 388 1258; x_wconf 85' lang='lat' dir='ltr'>a</span> <span class='ocrx_word' id='word_1_84' title='bbox 404 1228 477 1258; x_wconf 88' lang='lat' dir='ltr'>sede</span> <span class='ocrx_word' id='word_1_85' title='bbox 494 1227 662 1266; x_wconf 87' lang='lat' dir='ltr'>apostolica</span> <span class='ocrx_word' id='word_1_86' title='bbox 678 1225 907 1261; x_wconf 83' lang='lat' dir='ltr'>concedendas,</span> <span class='ocrx_word' id='word_1_87' title='bbox 926 1225 1026 1254; x_wconf 83' lang='lat' dir='ltr'>infra-</span> 
     </span>
     <span class='ocr_line' id='line_1_14' title="bbox 25 1279 1027 1324; baseline -0.009 -9"><span class='ocrx_word' id='word_1_88' title='bbox 25 1285 168 1324; x_wconf 72' lang='lat' dir='ltr'>scriptam</span> <span class='ocrx_word' id='word_1_89' title='bbox 180 1283 315 1313; x_wconf 79' lang='lat' dir='ltr'>formam</span> <span class='ocrx_word' id='word_1_90' title='bbox 333 1281 453 1311; x_wconf 88' lang='lat' dir='ltr'>servari</span> <span class='ocrx_word' id='word_1_91' title='bbox 466 1280 615 1317; x_wconf 82' lang='lat' dir='ltr'>velimus,</span> <span class='ocrx_word' id='word_1_92' title='bbox 629 1280 743 1317; x_wconf 81' lang='lat' dir='ltr'>ipsam,</span> <span class='ocrx_word' id='word_1_93' title='bbox 761 1288 800 1308; x_wconf 92' lang='lat' dir='ltr'>ne</span> <span class='ocrx_word' id='word_1_94' title='bbox 816 1279 848 1307; x_wconf 90' lang='lat' dir='ltr'>in</span> <span class='ocrx_word' id='word_1_95' title='bbox 868 1283 1027 1317; x_wconf 85' lang='lat' dir='ltr'>posterum</span> 
     </span>
     <span class='ocr_line' id='line_1_15' title="bbox 24 1331 1027 1373; baseline -0.009 -5"><span class='ocrx_word' id='word_1_96' title='bbox 24 1337 138 1370; x_wconf 73' lang='lat' dir='ltr'>variari</span> <span class='ocrx_word' id='word_1_97' title='bbox 155 1336 337 1373; x_wconf 87' lang='lat' dir='ltr'>contingat,</span> <span class='ocrx_word' id='word_1_98' title='bbox 356 1334 395 1364; x_wconf 88' lang='lat' dir='ltr'>de</span> <span class='ocrx_word' id='word_1_99' title='bbox 411 1334 507 1364; x_wconf 85' lang='lat' dir='ltr'>verbo</span> <span class='ocrx_word' id='word_1_100' title='bbox 526 1333 565 1363; x_wconf 88' lang='lat' dir='ltr'>ad</span> <span class='ocrx_word' id='word_1_101' title='bbox 583 1333 716 1363; x_wconf 89' lang='lat' dir='ltr'>verbum</span> <span class='ocrx_word' id='word_1_102' title='bbox 733 1331 932 1370; x_wconf 85' lang='lat' dir='ltr'>presentibus</span> <span class='ocrx_word' id='word_1_103' title='bbox 948 1331 1027 1360; x_wconf 83' lang='lat' dir='ltr'>feci-</span> 
     </span>
     <span class='ocr_line' id='line_1_16' title="bbox 25 1387 530 1427; baseline -0.014 -4"><span class='ocrx_word' id='word_1_104' title='bbox 25 1400 94 1423; x_wconf 87' lang='lat' dir='ltr'>mus</span> <span class='ocrx_word' id='word_1_105' title='bbox 107 1389 266 1427; x_wconf 82' lang='lat' dir='ltr'>annotari,</span> <span class='ocrx_word' id='word_1_106' title='bbox 287 1397 349 1427; x_wconf 90' lang='lat' dir='ltr'>que</span> <span class='ocrx_word' id='word_1_107' title='bbox 368 1387 440 1417; x_wconf 89' lang='lat' dir='ltr'>talis</span> <span class='ocrx_word' id='word_1_108' title='bbox 457 1391 504 1418; x_wconf 87' lang='lat' dir='ltr'>est</span> <span class='ocrx_word' id='word_1_109' title='bbox 524 1399 530 1416; x_wconf 89' lang='lat'><strong>:</strong></span> 
     </span>
     <span class='ocr_line' id='line_1_17' title="bbox 20 1437 1029 1480; baseline -0.009 -5"><span class='ocrx_word' id='word_1_110' title='bbox 20 1472 22 1475; x_wconf 82' lang='grc'>,</span> <span class='ocrx_word' id='word_1_111' title='bbox 64 1455 80 1473; x_wconf 88' lang='lat'>«</span> <span class='ocrx_word' id='word_1_112' title='bbox 103 1442 264 1479; x_wconf 86' lang='lat' dir='ltr'>Nicolaus,</span> <span class='ocrx_word' id='word_1_113' title='bbox 287 1442 453 1480; x_wconf 89' lang='lat' dir='ltr'>episeopus</span> <span class='ocrx_word' id='word_1_114' title='bbox 477 1449 588 1470; x_wconf 89' lang='lat' dir='ltr'>servus</span> <span class='ocrx_word' id='word_1_115' title='bbox 609 1447 773 1469; x_wconf 88' lang='lat' dir='ltr'>servorum</span> <span class='ocrx_word' id='word_1_116' title='bbox 799 1438 870 1467; x_wconf 89' lang='lat' dir='ltr'>Dei.</span> <span class='ocrx_word' id='word_1_117' title='bbox 897 1437 1029 1467; x_wconf 87' lang='lat' dir='ltr'>Dilectis</span> 
     </span>
     <span class='ocr_line' id='line_1_18' title="bbox 27 1491 1028 1532; baseline -0.007 -5"><span class='ocrx_word' id='word_1_118' title='bbox 27 1508 43 1526; x_wconf 70' lang='lat' dir='ltr'>n</span> <span class='ocrx_word' id='word_1_119' title='bbox 62 1496 137 1527; x_wconf 83' lang='lat' dir='ltr'>filiis</span> <span class='ocrx_word' id='word_1_120' title='bbox 162 1519 183 1527; x_wconf 89' lang='lat'>..</span> <span class='ocrx_word' id='word_1_121' title='bbox 209 1499 240 1526; x_wconf 92' lang='lat' dir='ltr'>et</span> <span class='ocrx_word' id='word_1_122' title='bbox 266 1518 287 1525; x_wconf 87' lang='lat'>..</span> <span class='ocrx_word' id='word_1_123' title='bbox 313 1494 449 1525; x_wconf 90' lang='lat' dir='ltr'>salutem</span> <span class='ocrx_word' id='word_1_124' title='bbox 477 1498 507 1524; x_wconf 94' lang='lat' dir='ltr'>et</span> <span class='ocrx_word' id='word_1_125' title='bbox 532 1492 736 1532; x_wconf 87' lang='lat' dir='ltr'>apostolicam</span> <span class='ocrx_word' id='word_1_126' title='bbox 761 1491 1028 1521; x_wconf 85' lang='lat' dir='ltr'>benedictionem.</span> 
     </span>
     <span class='ocr_line' id='line_1_19' title="bbox 28 1545 1014 1585; baseline -0.006 -5"><span class='ocrx_word' id='word_1_127' title='bbox 28 1562 42 1580; x_wconf 76' lang='grc' dir='ltr'>ι</span> <span class='ocrx_word' id='word_1_128' title='bbox 61 1550 190 1582; x_wconf 90' lang='lat' dir='ltr'>Pridem</span> <span class='ocrx_word' id='word_1_129' title='bbox 207 1549 301 1579; x_wconf 88' lang='lat' dir='ltr'>nobis</span> <span class='ocrx_word' id='word_1_130' title='bbox 323 1547 501 1578; x_wconf 86' lang='lat' dir='ltr'>venerabili</span> <span class='ocrx_word' id='word_1_131' title='bbox 519 1547 615 1577; x_wconf 76' lang='lat' dir='ltr'>fratre</span> <span class='ocrx_word' id='word_1_132' title='bbox 632 1551 739 1576; x_wconf 90' lang='lat' dir='ltr'>nostro</span> <span class='ocrx_word' id='word_1_133' title='bbox 761 1568 780 1575; x_wconf 93' lang='lat'>..</span> <span class='ocrx_word' id='word_1_134' title='bbox 801 1545 920 1585; x_wconf 88' lang='lat' dir='ltr'>prelato</span> <span class='ocrx_word' id='word_1_135' title='bbox 936 1553 1014 1583; x_wconf 79' lang='lat' dir='ltr'>expo</span> 
     </span>
     <span class='ocr_line' id='line_1_20' title="bbox 29 1598 1029 1642; baseline -0.005 -10"><span class='ocrx_word' id='word_1_136' title='bbox 29 1615 43 1632; x_wconf 72' lang='grc' dir='ltr'><strong>ι</strong></span> <span class='ocrx_word' id='word_1_137' title='bbox 63 1607 158 1634; x_wconf 84' lang='lat' dir='ltr'>nente</span> <span class='ocrx_word' id='word_1_138' title='bbox 172 1602 268 1642; x_wconf 87' lang='lat' dir='ltr'>quod,</span> <span class='ocrx_word' id='word_1_139' title='bbox 285 1605 348 1631; x_wconf 89' lang='lat' dir='ltr'>tam</span> <span class='ocrx_word' id='word_1_140' title='bbox 363 1610 418 1641; x_wconf 91' lang='lat' dir='ltr'>pro</span> <span class='ocrx_word' id='word_1_141' title='bbox 432 1601 499 1631; x_wconf 88' lang='lat' dir='ltr'>suis</span> <span class='ocrx_word' id='word_1_142' title='bbox 516 1599 706 1630; x_wconf 86' lang='lat' dir='ltr'>necessariis</span> <span class='ocrx_word' id='word_1_143' title='bbox 719 1608 813 1638; x_wconf 87' lang='lat' dir='ltr'>quam</span> <span class='ocrx_word' id='word_1_144' title='bbox 828 1607 883 1637; x_wconf 88' lang='lat' dir='ltr'>pro</span> <span class='ocrx_word' id='word_1_145' title='bbox 898 1598 1029 1629; x_wconf 85' lang='lat' dir='ltr'>ecclesie</span> 
     </span>
     <span class='ocr_line' id='line_1_21' title="bbox 27 1651 1029 1694; baseline -0.005 -9"><span class='ocrx_word' id='word_1_146' title='bbox 27 1667 43 1685; x_wconf 68' lang='lat'>³,</span> <span class='ocrx_word' id='word_1_147' title='bbox 63 1665 118 1687; x_wconf 83' lang='lat' dir='ltr'>sue</span> <span class='ocrx_word' id='word_1_148' title='bbox 133 1655 270 1694; x_wconf 84' lang='lat' dir='ltr'>negotiis</span> <span class='ocrx_word' id='word_1_149' title='bbox 287 1654 372 1693; x_wconf 90' lang='lat' dir='ltr'>apud</span> <span class='ocrx_word' id='word_1_150' title='bbox 396 1654 504 1684; x_wconf 89' lang='lat' dir='ltr'>sedem</span> <span class='ocrx_word' id='word_1_151' title='bbox 521 1652 727 1693; x_wconf 88' lang='lat' dir='ltr'>apostolicam</span> <span class='ocrx_word' id='word_1_152' title='bbox 745 1652 950 1690; x_wconf 84' lang='lat' dir='ltr'>expediendis</span> <span class='ocrx_word' id='word_1_153' title='bbox 967 1651 1029 1681; x_wconf 84' lang='lat' dir='ltr'>uti-</span> 
     </span>
     <span class='ocr_line' id='line_1_22' title="bbox 27 1705 1026 1748; baseline -0.004 -10"><span class='ocrx_word' id='word_1_154' title='bbox 27 1721 42 1738; x_wconf 73' lang='grc' dir='ltr'><strong><em>ι</em></strong></span> <span class='ocrx_word' id='word_1_155' title='bbox 62 1709 144 1746; x_wconf 87' lang='lat' dir='ltr'>liter,</span> <span class='ocrx_word' id='word_1_156' title='bbox 156 1709 261 1748; x_wconf 88' lang='lat' dir='ltr'>ipsum</span> <span class='ocrx_word' id='word_1_157' title='bbox 273 1708 380 1738; x_wconf 90' lang='lat' dir='ltr'>subire</span> <span class='ocrx_word' id='word_1_158' title='bbox 392 1716 509 1745; x_wconf 84' lang='lat' dir='ltr'>magna</span> <span class='ocrx_word' id='word_1_159' title='bbox 520 1715 619 1737; x_wconf 89' lang='lat' dir='ltr'>onera</span> <span class='ocrx_word' id='word_1_160' title='bbox 630 1714 841 1744; x_wconf 80' lang='lat' dir='ltr'>expensarum</span> <span class='ocrx_word' id='word_1_161' title='bbox 854 1705 1026 1744; x_wconf 85' lang='lat' dir='ltr'>oportebat,</span> 
     </span>
     <span class='ocr_line' id='line_1_23' title="bbox 28 1758 1028 1801; baseline -0.006 -8"><span class='ocrx_word' id='word_1_162' title='bbox 28 1774 42 1792; x_wconf 72' lang='lat' dir='ltr'>n</span> <span class='ocrx_word' id='word_1_163' title='bbox 63 1765 94 1793; x_wconf 84' lang='lat' dir='ltr'>et</span> <span class='ocrx_word' id='word_1_164' title='bbox 107 1761 304 1801; x_wconf 88' lang='lat' dir='ltr'>supplicante</span> <span class='ocrx_word' id='word_1_165' title='bbox 319 1765 353 1791; x_wconf 94' lang='lat' dir='ltr'>ut</span> <span class='ocrx_word' id='word_1_166' title='bbox 371 1770 472 1799; x_wconf 86' lang='lat' dir='ltr'>usque</span> <span class='ocrx_word' id='word_1_167' title='bbox 493 1760 533 1790; x_wconf 88' lang='lat' dir='ltr'>ad</span> <span class='ocrx_word' id='word_1_168' title='bbox 549 1768 710 1789; x_wconf 90' lang='lat' dir='ltr'>summam</span> <span class='ocrx_word' id='word_1_169' title='bbox 725 1758 882 1788; x_wconf 88' lang='lat' dir='ltr'>librarum</span> <span class='ocrx_word' id='word_1_170' title='bbox 902 1781 922 1788; x_wconf 88' lang='lat'>..</span> <span class='ocrx_word' id='word_1_171' title='bbox 943 1763 1028 1788; x_wconf 90' lang='lat' dir='ltr'>turo-</span> 
     </span>
     <span class='ocr_line' id='line_1_24' title="bbox 27 1812 1028 1854; baseline -0.003 -10"><span class='ocrx_word' id='word_1_172' title='bbox 27 1826 43 1844; x_wconf 78' lang='grc'>»</span> <span class='ocrx_word' id='word_1_173' title='bbox 63 1818 212 1846; x_wconf 88' lang='lat' dir='ltr'>nensium</span> <span class='ocrx_word' id='word_1_174' title='bbox 236 1823 408 1854; x_wconf 90' lang='lat' dir='ltr'>parvorum</span> <span class='ocrx_word' id='word_1_175' title='bbox 434 1818 584 1844; x_wconf 85' lang='lat' dir='ltr'>mutuum</span> <span class='ocrx_word' id='word_1_176' title='bbox 610 1812 823 1843; x_wconf 86' lang='lat' dir='ltr'>contrahendi</span> <span class='ocrx_word' id='word_1_177' title='bbox 848 1812 906 1842; x_wconf 90' lang='lat' dir='ltr'>sub</span> <span class='ocrx_word' id='word_1_178' title='bbox 927 1812 1028 1841; x_wconf 80' lang='lat' dir='ltr'>infra-</span> 
     </span>
     <span class='ocr_line' id='line_1_25' title="bbox 28 1865 1030 1908; baseline -0.004 -10"><span class='ocrx_word' id='word_1_179' title='bbox 28 1881 43 1898; x_wconf 72' lang='lat' dir='ltr'>n</span> <span class='ocrx_word' id='word_1_180' title='bbox 63 1869 186 1908; x_wconf 85' lang='lat' dir='ltr'>scriptis</span> <span class='ocrx_word' id='word_1_181' title='bbox 201 1868 305 1898; x_wconf 91' lang='lat' dir='ltr'>modis</span> <span class='ocrx_word' id='word_1_182' title='bbox 321 1872 351 1898; x_wconf 85' lang='lat' dir='ltr'>et</span> <span class='ocrx_word' id='word_1_183' title='bbox 366 1867 489 1904; x_wconf 82' lang='lat' dir='ltr'>formis,</span> <span class='ocrx_word' id='word_1_184' title='bbox 509 1867 578 1896; x_wconf 90' lang='lat' dir='ltr'>sine</span> <span class='ocrx_word' id='word_1_185' title='bbox 594 1866 711 1905; x_wconf 88' lang='lat' dir='ltr'>quibus</span> <span class='ocrx_word' id='word_1_186' title='bbox 731 1865 903 1895; x_wconf 87' lang='lat' dir='ltr'>creditores</span> <span class='ocrx_word' id='word_1_187' title='bbox 921 1874 953 1895; x_wconf 91' lang='lat' dir='ltr'>se</span> <span class='ocrx_word' id='word_1_188' title='bbox 970 1875 1030 1904; x_wconf 90' lang='lat' dir='ltr'>pu-</span> 
     </span>
     <span class='ocr_line' id='line_1_26' title="bbox 29 1918 1028 1959; baseline -0.005 -7"><span class='ocrx_word' id='word_1_189' title='bbox 29 1933 44 1951; x_wconf 73' lang='lat' dir='ltr'>n</span> <span class='ocrx_word' id='word_1_190' title='bbox 65 1922 148 1952; x_wconf 76' lang='lat' dir='ltr'>tabat</span> <span class='ocrx_word' id='word_1_191' title='bbox 169 1922 317 1951; x_wconf 90' lang='lat' dir='ltr'>invenire</span> <span class='ocrx_word' id='word_1_192' title='bbox 339 1929 405 1951; x_wconf 91' lang='lat' dir='ltr'>non</span> <span class='ocrx_word' id='word_1_193' title='bbox 428 1929 535 1959; x_wconf 87' lang='lat' dir='ltr'>posse,</span> <span class='ocrx_word' id='word_1_194' title='bbox 558 1920 620 1949; x_wconf 85' lang='lat' dir='ltr'>sibi</span> <span class='ocrx_word' id='word_1_195' title='bbox 639 1919 803 1949; x_wconf 80' lang='lat' dir='ltr'>licentiam</span> <span class='ocrx_word' id='word_1_196' title='bbox 823 1918 1028 1956; x_wconf 81' lang='lat' dir='ltr'>largiremur,</span> 
     </span>
     <span class='ocr_line' id='line_1_27' title="bbox 0 1971 1032 2014; baseline -0.003 -11"><span class='ocrx_word' id='word_1_197' title='bbox 0 1971 1 2012; x_wconf 75' lang='lat' dir='ltr'>j</span> <span class='ocrx_word' id='word_1_198' title='bbox 28 1985 44 2003; x_wconf 72' lang='lat' dir='ltr'>n</span> <span class='ocrx_word' id='word_1_199' title='bbox 65 1984 136 2011; x_wconf 82' lang='lat' dir='ltr'>nos,</span> <span class='ocrx_word' id='word_1_200' title='bbox 155 1975 193 2005; x_wconf 87' lang='lat' dir='ltr'>de</span> <span class='ocrx_word' id='word_1_201' title='bbox 209 1975 310 2014; x_wconf 85' lang='lat' dir='ltr'>ipsius</span> <span class='ocrx_word' id='word_1_202' title='bbox 328 1974 442 2013; x_wconf 87' lang='lat' dir='ltr'>prelati</span> <span class='ocrx_word' id='word_1_203' title='bbox 467 1978 530 2003; x_wconf 90' lang='lat' dir='ltr'>tam</span> <span class='ocrx_word' id='word_1_204' title='bbox 554 1973 588 2002; x_wconf 91' lang='lat' dir='ltr'>in</span> <span class='ocrx_word' id='word_1_205' title='bbox 611 1973 673 2002; x_wconf 88' lang='lat' dir='ltr'>hiis</span> <span class='ocrx_word' id='word_1_206' title='bbox 690 1982 787 2011; x_wconf 88' lang='lat' dir='ltr'>quam</span> <span class='ocrx_word' id='word_1_207' title='bbox 808 1973 843 2001; x_wconf 87' lang='lat' dir='ltr'>in</span> <span class='ocrx_word' id='word_1_208' title='bbox 861 1971 933 2001; x_wconf 91' lang='lat' dir='ltr'>aliis</span> <span class='ocrx_word' id='word_1_209' title='bbox 949 1972 1032 2001; x_wconf 89' lang='lat' dir='ltr'>circa</span> 
     </span>
     <span class='ocr_line' id='line_1_28' title="bbox 0 2024 1032 2074; baseline -0.003 -17"><span class='ocrx_word' id='word_1_210' title='bbox 0 2024 1 2074; x_wconf 25' lang='lat' dir='ltr'><strong>j</strong></span> <span class='ocrx_word' id='word_1_211' title='bbox 28 2040 44 2057; x_wconf 72' lang='lat' dir='ltr'>n</span> <span class='ocrx_word' id='word_1_212' title='bbox 65 2038 120 2059; x_wconf 85' lang='lat' dir='ltr'>sua</span> <span class='ocrx_word' id='word_1_213' title='bbox 132 2029 274 2069; x_wconf 86' lang='lat' dir='ltr'>etipsius</span> <span class='ocrx_word' id='word_1_214' title='bbox 284 2027 549 2058; x_wconf 85' lang='lat' dir='ltr'>ecclesieutiliter</span> <span class='ocrx_word' id='word_1_215' title='bbox 565 2027 779 2066; x_wconf 86' lang='lat' dir='ltr'>promovenda</span> <span class='ocrx_word' id='word_1_216' title='bbox 792 2031 820 2056; x_wconf 91' lang='lat' dir='ltr'>et</span> <span class='ocrx_word' id='word_1_217' title='bbox 837 2025 1032 2064; x_wconf 76' lang='lat' dir='ltr'>expedienda</span> 
     </span>
     <span class='ocr_line' id='line_1_29' title="bbox 0 2076 1033 2121; baseline -0.006 -7"><span class='ocrx_word' id='word_1_218' title='bbox 0 2076 3 2114; x_wconf 56' lang='grc' dir='ltr'>ζ</span> <span class='ocrx_word' id='word_1_219' title='bbox 28 2094 43 2111; x_wconf 72' lang='grc' dir='ltr'><strong>ι</strong></span> <span class='ocrx_word' id='word_1_220' title='bbox 63 2083 188 2121; x_wconf 86' lang='lat' dir='ltr'>negotia</span> <span class='ocrx_word' id='word_1_221' title='bbox 214 2082 501 2121; x_wconf 86' lang='lat' dir='ltr'>circumspectione</span> <span class='ocrx_word' id='word_1_222' title='bbox 522 2090 558 2111; x_wconf 87' lang='lat' dir='ltr'>ac</span> <span class='ocrx_word' id='word_1_223' title='bbox 581 2080 748 2118; x_wconf 81' lang='lat' dir='ltr'>diligentia</span> <span class='ocrx_word' id='word_1_224' title='bbox 768 2080 976 2116; x_wconf 47' lang='lat' dir='ltr'>confidentes</span> <span class='ocrx_word' id='word_1_225' title='bbox 1003 2084 1033 2109; x_wconf 90' lang='lat' dir='ltr'>et</span> 
     </span>
     <span class='ocr_line' id='line_1_30' title="bbox 28 2133 1032 2174; baseline -0.003 -10"><span class='ocrx_word' id='word_1_226' title='bbox 28 2146 43 2164; x_wconf 77' lang='lat'><strong>»</strong></span> <span class='ocrx_word' id='word_1_227' title='bbox 64 2135 206 2166; x_wconf 89' lang='lat' dir='ltr'>nolentes</span> <span class='ocrx_word' id='word_1_228' title='bbox 221 2135 305 2174; x_wconf 86' lang='lat' dir='ltr'>quod</span> <span class='ocrx_word' id='word_1_229' title='bbox 325 2139 452 2174; x_wconf 88' lang='lat' dir='ltr'>propter</span> <span class='ocrx_word' id='word_1_230' title='bbox 473 2134 614 2173; x_wconf 88' lang='lat' dir='ltr'>ipsarum</span> <span class='ocrx_word' id='word_1_231' title='bbox 639 2142 851 2172; x_wconf 83' lang='lat' dir='ltr'>expensarum</span> <span class='ocrx_word' id='word_1_232' title='bbox 874 2133 1032 2162; x_wconf 78' lang='lat' dir='ltr'>defectum</span> 
     </span>
     <span class='ocr_line' id='line_1_31' title="bbox 1 2186 1032 2230; baseline -0.001 -14"><span class='ocrx_word' id='word_1_233' title='bbox 1 2203 7 2230; x_wconf 45' lang='grc' dir='ltr'><strong><em>ι</em></strong></span> <span class='ocrx_word' id='word_1_234' title='bbox 28 2199 44 2216; x_wconf 84' lang='grc'>»</span> <span class='ocrx_word' id='word_1_235' title='bbox 65 2188 167 2219; x_wconf 85' lang='lat' dir='ltr'>dictus</span> <span class='ocrx_word' id='word_1_236' title='bbox 183 2187 322 2227; x_wconf 89' lang='lat' dir='ltr'>prelatus</span> <span class='ocrx_word' id='word_1_237' title='bbox 341 2188 555 2225; x_wconf 84' lang='lat' dir='ltr'>indigentiam</span> <span class='ocrx_word' id='word_1_238' title='bbox 575 2187 711 2226; x_wconf 84' lang='lat' dir='ltr'>patiatur</span> <span class='ocrx_word' id='word_1_239' title='bbox 734 2186 782 2216; x_wconf 88' lang='lat' dir='ltr'>vel</span> <span class='ocrx_word' id='word_1_240' title='bbox 804 2186 888 2224; x_wconf 84' lang='lat' dir='ltr'>quod</span> <span class='ocrx_word' id='word_1_241' title='bbox 906 2186 1032 2223; x_wconf 81' lang='lat' dir='ltr'>negotia</span> 
     </span>
     <span class='ocr_line' id='line_1_32' title="bbox 27 2239 1033 2279; baseline -0.003 -8"><span class='ocrx_word' id='word_1_242' title='bbox 27 2252 42 2268; x_wconf 70' lang='lat' dir='ltr'>n</span> <span class='ocrx_word' id='word_1_243' title='bbox 64 2241 173 2272; x_wconf 85' lang='lat' dir='ltr'>eadem</span> <span class='ocrx_word' id='word_1_244' title='bbox 188 2241 371 2279; x_wconf 80' lang='lat' dir='ltr'>inexpedita</span> <span class='ocrx_word' id='word_1_245' title='bbox 389 2249 555 2270; x_wconf 89' lang='lat' dir='ltr'>remanere</span> <span class='ocrx_word' id='word_1_246' title='bbox 569 2240 778 2277; x_wconf 84' lang='lat' dir='ltr'>contingeret,</span> <span class='ocrx_word' id='word_1_247' title='bbox 798 2240 867 2277; x_wconf 86' lang='lat' dir='ltr'>ejus</span> <span class='ocrx_word' id='word_1_248' title='bbox 887 2239 1033 2277; x_wconf 82' lang='lat' dir='ltr'>precibus</span> 
     </span>
     <span class='ocr_line' id='line_1_33' title="bbox 28 2292 1034 2332; baseline 0 -11"><span class='ocrx_word' id='word_1_249' title='bbox 28 2304 44 2322; x_wconf 85' lang='lat'>»</span> <span class='ocrx_word' id='word_1_250' title='bbox 64 2293 232 2331; x_wconf 84' lang='lat' dir='ltr'>inclinati,</span> <span class='ocrx_word' id='word_1_251' title='bbox 253 2293 337 2323; x_wconf 91' lang='lat' dir='ltr'>dicto</span> <span class='ocrx_word' id='word_1_252' title='bbox 361 2292 480 2332; x_wconf 85' lang='lat' dir='ltr'>prelato</span> <span class='ocrx_word' id='word_1_253' title='bbox 503 2292 713 2323; x_wconf 86' lang='lat' dir='ltr'>contrahendi</span> <span class='ocrx_word' id='word_1_254' title='bbox 735 2297 883 2322; x_wconf 86' lang='lat' dir='ltr'>mutuum</span> <span class='ocrx_word' id='word_1_255' title='bbox 909 2296 1034 2331; x_wconf 87' lang='lat' dir='ltr'>propter</span> 
     </span>
     <span class='ocr_line' id='line_1_34' title="bbox 29 2345 1034 2386; baseline -0.002 -10"><span class='ocrx_word' id='word_1_256' title='bbox 29 2358 44 2374; x_wconf 67' lang='grc' dir='ltr'><strong>ι</strong></span> <span class='ocrx_word' id='word_1_257' title='bbox 65 2346 124 2378; x_wconf 87' lang='lat' dir='ltr'>hoc</span> <span class='ocrx_word' id='word_1_258' title='bbox 146 2356 246 2386; x_wconf 89' lang='lat' dir='ltr'>usque</span> <span class='ocrx_word' id='word_1_259' title='bbox 271 2347 310 2376; x_wconf 88' lang='lat' dir='ltr'>ad</span> <span class='ocrx_word' id='word_1_260' title='bbox 333 2346 506 2385; x_wconf 85' lang='lat' dir='ltr'>predictam</span> <span class='ocrx_word' id='word_1_261' title='bbox 529 2355 690 2376; x_wconf 85' lang='lat' dir='ltr'>summam</span> <span class='ocrx_word' id='word_1_262' title='bbox 712 2345 868 2375; x_wconf 86' lang='lat' dir='ltr'>librarum</span> <span class='ocrx_word' id='word_1_263' title='bbox 894 2369 913 2375; x_wconf 88' lang='lat'>..</span> <span class='ocrx_word' id='word_1_264' title='bbox 932 2354 988 2374; x_wconf 88' lang='lat' dir='ltr'>suo</span> <span class='ocrx_word' id='word_1_265' title='bbox 1004 2349 1034 2374; x_wconf 86' lang='lat' dir='ltr'>et</span> 
     </span>
     <span class='ocr_line' id='line_1_35' title="bbox 3 2399 1033 2439; baseline -0.002 -10"><span class='ocrx_word' id='word_1_266' title='bbox 3 2415 9 2435; x_wconf 78' lang='grc'>,-</span> <span class='ocrx_word' id='word_1_267' title='bbox 30 2411 45 2428; x_wconf 77' lang='grc' dir='ltr'><strong>ι</strong></span> <span class='ocrx_word' id='word_1_268' title='bbox 67 2400 208 2439; x_wconf 88' lang='lat' dir='ltr'>ejusdem</span> <span class='ocrx_word' id='word_1_269' title='bbox 224 2399 357 2430; x_wconf 88' lang='lat' dir='ltr'>ecclesie</span> <span class='ocrx_word' id='word_1_270' title='bbox 373 2399 521 2435; x_wconf 88' lang='lat' dir='ltr'>nomine,</span> <span class='ocrx_word' id='word_1_271' title='bbox 547 2407 582 2428; x_wconf 87' lang='lat' dir='ltr'>ac</span> <span class='ocrx_word' id='word_1_272' title='bbox 605 2408 638 2428; x_wconf 91' lang='lat' dir='ltr'>se</span> <span class='ocrx_word' id='word_1_273' title='bbox 656 2399 760 2437; x_wconf 86' lang='lat' dir='ltr'>ipsum</span> <span class='ocrx_word' id='word_1_274' title='bbox 782 2403 811 2428; x_wconf 90' lang='lat' dir='ltr'>et</span> <span class='ocrx_word' id='word_1_275' title='bbox 836 2407 1033 2428; x_wconf 84' lang='lat' dir='ltr'>successores</span> 
     </span>
     <span class='ocr_line' id='line_1_36' title="bbox 6 2451 1034 2492; baseline -0.001 -11"><span class='ocrx_word' id='word_1_276' title='bbox 6 2457 9 2479; x_wconf 67' lang='grc' dir='ltr'><em>ἓ</em></span> <span class='ocrx_word' id='word_1_277' title='bbox 31 2464 46 2481; x_wconf 74' lang='grc' dir='ltr'>ι</span> <span class='ocrx_word' id='word_1_278' title='bbox 67 2461 138 2483; x_wconf 86' lang='lat' dir='ltr'>suos</span> <span class='ocrx_word' id='word_1_279' title='bbox 154 2457 184 2483; x_wconf 90' lang='lat' dir='ltr'>et</span> <span class='ocrx_word' id='word_1_280' title='bbox 199 2453 376 2492; x_wconf 80' lang='lat' dir='ltr'>predictam</span> <span class='ocrx_word' id='word_1_281' title='bbox 393 2452 561 2482; x_wconf 90' lang='lat' dir='ltr'>ecclesiam</span> <span class='ocrx_word' id='word_1_282' title='bbox 577 2461 612 2481; x_wconf 88' lang='lat' dir='ltr'>ac</span> <span class='ocrx_word' id='word_1_283' title='bbox 630 2461 687 2481; x_wconf 89' lang='lat' dir='ltr'>sua</span> <span class='ocrx_word' id='word_1_284' title='bbox 702 2456 732 2481; x_wconf 92' lang='lat' dir='ltr'>et</span> <span class='ocrx_word' id='word_1_285' title='bbox 747 2452 933 2482; x_wconf 85' lang='lat' dir='ltr'>eorumdem</span> <span class='ocrx_word' id='word_1_286' title='bbox 950 2451 1034 2481; x_wconf 88' lang='lat' dir='ltr'>bona</span> 
     </span>
     <span class='ocr_line' id='line_1_37' title="bbox 7 2504 1034 2544; baseline 0.001 -11"><span class='ocrx_word' id='word_1_287' title='bbox 7 2519 9 2523; x_wconf 44' lang='lat'><strong>¹</strong></span> <span class='ocrx_word' id='word_1_288' title='bbox 31 2517 45 2533; x_wconf 73' lang='lat' dir='ltr'>n</span> <span class='ocrx_word' id='word_1_289' title='bbox 66 2505 197 2536; x_wconf 88' lang='lat' dir='ltr'>mobilia</span> <span class='ocrx_word' id='word_1_290' title='bbox 217 2510 248 2535; x_wconf 89' lang='lat' dir='ltr'>et</span> <span class='ocrx_word' id='word_1_291' title='bbox 267 2505 461 2542; x_wconf 88' lang='lat' dir='ltr'>immobilia,</span> <span class='ocrx_word' id='word_1_292' title='bbox 484 2505 644 2544; x_wconf 80' lang='lat' dir='ltr'>presentia</span> <span class='ocrx_word' id='word_1_293' title='bbox 671 2509 701 2534; x_wconf 91' lang='lat' dir='ltr'>et</span> <span class='ocrx_word' id='word_1_294' title='bbox 720 2505 843 2541; x_wconf 77' lang='lat' dir='ltr'>futura,</span> <span class='ocrx_word' id='word_1_295' title='bbox 872 2514 972 2543; x_wconf 87' lang='lat' dir='ltr'>usque</span> <span class='ocrx_word' id='word_1_296' title='bbox 994 2504 1034 2533; x_wconf 87' lang='lat' dir='ltr'>ad</span> 
     </span>
    </p>
   </div>
   <div class='ocr_carea' id='block_1_6' title="bbox 0 1127 33 3496">
    <p class='ocr_par' dir='ltr' id='par_1_6' title="bbox 0 1127 33 3496">
     <span class='ocr_line' id='line_1_38' title="bbox 0 1127 7 1286; baseline 0 -43"><span class='ocrx_word' id='word_1_297' title='bbox 0 1127 7 1286; x_wconf 95' lang='lat' dir='ltr'>   </span> 
     </span>
     <span class='ocr_line' id='line_1_39' title="bbox 0 1286 7 1346; baseline 0 2150"><span class='ocrx_word' id='word_1_298' title='bbox 0 1286 7 1346; x_wconf 95' lang='lat' dir='ltr'> </span> 
     </span>
     <span class='ocr_line' id='line_1_40' title="bbox 0 1346 14 1542; baseline 0 -95"><span class='ocrx_word' id='word_1_299' title='bbox 0 1346 14 1542; x_wconf 95' lang='lat' dir='ltr'>    </span> 
     </span>
     <span class='ocr_line' id='line_1_41' title="bbox 0 1542 14 1605; baseline 0 1891"><span class='ocrx_word' id='word_1_300' title='bbox 0 1542 14 1605; x_wconf 95' lang='lat' dir='ltr'> </span> 
     </span>
     <span class='ocr_line' id='line_1_42' title="bbox 0 1605 11 1664; baseline 0 1832"><span class='ocrx_word' id='word_1_301' title='bbox 0 1605 11 1664; x_wconf 95' lang='lat' dir='ltr'> </span> 
     </span>
     <span class='ocr_line' id='line_1_43' title="bbox 0 1664 11 1715; baseline 0 1781"><span class='ocrx_word' id='word_1_302' title='bbox 0 1664 11 1715; x_wconf 95' lang='lat' dir='ltr'> </span> 
     </span>
     <span class='ocr_line' id='line_1_44' title="bbox 0 1715 12 1769; baseline 0 1727"><span class='ocrx_word' id='word_1_303' title='bbox 0 1715 12 1769; x_wconf 95' lang='lat' dir='ltr'> </span> 
     </span>
     <span class='ocr_line' id='line_1_45' title="bbox 0 1769 12 1822; baseline 0 1674"><span class='ocrx_word' id='word_1_304' title='bbox 0 1769 12 1822; x_wconf 95' lang='lat' dir='ltr'> </span> 
     </span>
     <span class='ocr_line' id='line_1_46' title="bbox 0 1822 12 1875; baseline 0 1621"><span class='ocrx_word' id='word_1_305' title='bbox 0 1822 12 1875; x_wconf 95' lang='lat' dir='ltr'> </span> 
     </span>
     <span class='ocr_line' id='line_1_47' title="bbox 0 1875 15 1929; baseline 0 1567"><span class='ocrx_word' id='word_1_306' title='bbox 0 1875 15 1929; x_wconf 95' lang='lat' dir='ltr'> </span> 
     </span>
     <span class='ocr_line' id='line_1_48' title="bbox 0 1929 15 1979; baseline 0 1517"><span class='ocrx_word' id='word_1_307' title='bbox 0 1929 15 1979; x_wconf 95' lang='lat' dir='ltr'> </span> 
     </span>
     <span class='ocr_line' id='line_1_49' title="bbox 0 1979 15 2035; baseline 0 1461"><span class='ocrx_word' id='word_1_308' title='bbox 0 1979 15 2035; x_wconf 95' lang='lat' dir='ltr'> </span> 
     </span>
     <span class='ocr_line' id='line_1_50' title="bbox 0 2035 15 2194; baseline 0 -53"><span class='ocrx_word' id='word_1_309' title='bbox 0 2035 15 2194; x_wconf 95' lang='lat' dir='ltr'>    </span> 
     </span>
     <span class='ocr_line' id='line_1_51' title="bbox 0 2194 1 2252; baseline 0 1244"><span class='ocrx_word' id='word_1_310' title='bbox 0 2194 1 2252; x_wconf 95' lang='lat' dir='ltr'> </span> 
     </span>
     <span class='ocr_line' id='line_1_52' title="bbox 0 2252 29 2406; baseline 0 -54"><span class='ocrx_word' id='word_1_311' title='bbox 0 2252 29 2406; x_wconf 95' lang='lat' dir='ltr'>   </span> 
     </span>
     <span class='ocr_line' id='line_1_53' title="bbox 0 2406 29 2459; baseline 0 1037"><span class='ocrx_word' id='word_1_312' title='bbox 0 2406 29 2459; x_wconf 95' lang='lat' dir='ltr'> </span> 
     </span>
     <span class='ocr_line' id='line_1_54' title="bbox 0 2459 29 2644; baseline 0 0"><span class='ocrx_word' id='word_1_313' title='bbox 0 2459 29 2644; x_wconf 95' lang='lat' dir='ltr'>   </span> 
     </span>
     <span class='ocr_line' id='line_1_55' title="bbox 0 2644 29 2857; baseline 0 -25"><span class='ocrx_word' id='word_1_314' title='bbox 0 2644 29 2857; x_wconf 95' lang='lat' dir='ltr'>    </span> 
     </span>
     <span class='ocr_line' id='line_1_56' title="bbox 0 2883 25 3043; baseline 0 -54"><span class='ocrx_word' id='word_1_315' title='bbox 0 2883 25 3043; x_wconf 95' lang='lat' dir='ltr'>   </span> 
     </span>
     <span class='ocr_line' id='line_1_57' title="bbox 0 3043 33 3496; baseline 0 0"><span class='ocrx_word' id='word_1_316' title='bbox 0 3043 33 3496; x_wconf 95' lang='lat' dir='ltr'>  </span> 
     </span>
    </p>
   </div>
   <div class='ocr_carea' id='block_1_7' title="bbox 8 2663 1037 3076">
    <p class='ocr_par' dir='ltr' id='par_1_7' title="bbox 8 2663 1037 3076">
     <span class='ocr_line' id='line_1_58' title="bbox 31 2663 1034 2702; baseline 0.001 -10"><span class='ocrx_word' id='word_1_317' title='bbox 31 2675 46 2692; x_wconf 69' lang='grc' dir='ltr'><strong><em>ι</em></strong></span> <span class='ocrx_word' id='word_1_318' title='bbox 68 2664 106 2695; x_wconf 89' lang='lat' dir='ltr'>de</span> <span class='ocrx_word' id='word_1_319' title='bbox 120 2664 243 2694; x_wconf 88' lang='lat' dir='ltr'>duabus</span> <span class='ocrx_word' id='word_1_320' title='bbox 263 2664 358 2694; x_wconf 87' lang='lat' dir='ltr'>dietis</span> <span class='ocrx_word' id='word_1_321' title='bbox 384 2664 467 2694; x_wconf 88' lang='lat' dir='ltr'>edite</span> <span class='ocrx_word' id='word_1_322' title='bbox 487 2664 522 2693; x_wconf 90' lang='lat' dir='ltr'>iu</span> <span class='ocrx_word' id='word_1_323' title='bbox 543 2664 678 2694; x_wconf 91' lang='lat' dir='ltr'>concilio</span> <span class='ocrx_word' id='word_1_324' title='bbox 697 2664 857 2702; x_wconf 84' lang='lat' dir='ltr'>generali,</span> <span class='ocrx_word' id='word_1_325' title='bbox 879 2663 1034 2693; x_wconf 83' lang='lat' dir='ltr'>beneficio</span> 
     </span>
     <span class='ocr_line' id='line_1_59' title="bbox 33 2716 1034 2755; baseline -0.001 -8.024"><span class='ocrx_word' id='word_1_326' title='bbox 33 2729 48 2746; x_wconf 65' lang='grc' dir='ltr'><strong><em>ι</em></strong></span> <span class='ocrx_word' id='word_1_327' title='bbox 69 2718 281 2748; x_wconf 84' lang='lat' dir='ltr'>restitutionis</span> <span class='ocrx_word' id='word_1_328' title='bbox 300 2718 335 2747; x_wconf 89' lang='lat' dir='ltr'>in</span> <span class='ocrx_word' id='word_1_329' title='bbox 357 2718 532 2755; x_wconf 83' lang='lat' dir='ltr'>integrum,</span> <span class='ocrx_word' id='word_1_330' title='bbox 558 2717 708 2748; x_wconf 88' lang='lat' dir='ltr'>omnibus</span> <span class='ocrx_word' id='word_1_331' title='bbox 732 2717 847 2747; x_wconf 86' lang='lat' dir='ltr'>litteris</span> <span class='ocrx_word' id='word_1_332' title='bbox 873 2722 902 2747; x_wconf 88' lang='lat' dir='ltr'>et</span> <span class='ocrx_word' id='word_1_333' title='bbox 923 2716 1034 2746; x_wconf 89' lang='lat' dir='ltr'>indul-</span> 
     </span>
     <span class='ocr_line' id='line_1_60' title="bbox 8 2771 1036 2812; baseline 0.001 -12"><span class='ocrx_word' id='word_1_334' title='bbox 8 2771 13 2798; x_wconf 73' lang='lat'>&#39;.</span> <span class='ocrx_word' id='word_1_335' title='bbox 31 2783 46 2800; x_wconf 64' lang='grc' dir='ltr'><strong><em>ι</em></strong></span> <span class='ocrx_word' id='word_1_336' title='bbox 67 2773 184 2812; x_wconf 84' lang='lat' dir='ltr'>gentiis</span> <span class='ocrx_word' id='word_1_337' title='bbox 203 2772 382 2812; x_wconf 87' lang='lat' dir='ltr'>apostolicis</span> <span class='ocrx_word' id='word_1_338' title='bbox 403 2773 580 2811; x_wconf 82' lang='lat' dir='ltr'>impetratis</span> <span class='ocrx_word' id='word_1_339' title='bbox 601 2777 632 2803; x_wconf 92' lang='lat' dir='ltr'>et</span> <span class='ocrx_word' id='word_1_340' title='bbox 654 2773 749 2802; x_wconf 89' lang='lat' dir='ltr'>etiam</span> <span class='ocrx_word' id='word_1_341' title='bbox 770 2772 981 2811; x_wconf 87' lang='lat' dir='ltr'>impetrandis</span> <span class='ocrx_word' id='word_1_342' title='bbox 999 2780 1036 2801; x_wconf 86' lang='lat' dir='ltr'>ac</span> 
     </span>
     <span class='ocr_line' id='line_1_61' title="bbox 67 2825 1036 2864; baseline -0.002 -8.109"><span class='ocrx_word' id='word_1_343' title='bbox 67 2826 156 2856; x_wconf 88' lang='lat' dir='ltr'>omni</span> <span class='ocrx_word' id='word_1_344' title='bbox 177 2826 258 2864; x_wconf 85' lang='lat' dir='ltr'>juris</span> <span class='ocrx_word' id='word_1_345' title='bbox 281 2826 426 2855; x_wconf 86' lang='lat' dir='ltr'>canonici</span> <span class='ocrx_word' id='word_1_346' title='bbox 450 2829 481 2856; x_wconf 85' lang='lat' dir='ltr'>et</span> <span class='ocrx_word' id='word_1_347' title='bbox 510 2825 614 2855; x_wconf 87' lang='lat' dir='ltr'>civilis</span> <span class='ocrx_word' id='word_1_348' title='bbox 634 2826 753 2856; x_wconf 81' lang='lat' dir='ltr'>auxilio</span> <span class='ocrx_word' id='word_1_349' title='bbox 777 2830 807 2855; x_wconf 88' lang='lat' dir='ltr'>et</span> <span class='ocrx_word' id='word_1_350' title='bbox 829 2825 1036 2856; x_wconf 86' lang='lat' dir='ltr'>conventioni</span> 
     </span>
     <span class='ocr_line' id='line_1_62' title="bbox 13 2877 1036 2917; baseline -0.002 -9"><span class='ocrx_word' id='word_1_351' title='bbox 13 2887 45 2904; x_wconf 81' lang='lat'>»</span> <span class='ocrx_word' id='word_1_352' title='bbox 63 2877 209 2917; x_wconf 82' lang='lat' dir='ltr'>judicum</span> <span class='ocrx_word' id='word_1_353' title='bbox 225 2882 254 2908; x_wconf 93' lang='lat' dir='ltr'>et</span> <span class='ocrx_word' id='word_1_354' title='bbox 268 2877 423 2914; x_wconf 90' lang='lat' dir='ltr'>locorum,</span> <span class='ocrx_word' id='word_1_355' title='bbox 444 2878 471 2907; x_wconf 91' lang='lat' dir='ltr'>si</span> <span class='ocrx_word' id='word_1_356' title='bbox 495 2877 678 2908; x_wconf 86' lang='lat' dir='ltr'>eorumdem</span> <span class='ocrx_word' id='word_1_357' title='bbox 695 2879 888 2908; x_wconf 86' lang='lat' dir='ltr'>creditorum</span> <span class='ocrx_word' id='word_1_358' title='bbox 905 2878 1036 2908; x_wconf 88' lang='lat' dir='ltr'>nomine</span> 
     </span>
     <span class='ocr_line' id='line_1_63' title="bbox 13 2931 1035 2970; baseline -0.002 -9"><span class='ocrx_word' id='word_1_359' title='bbox 13 2941 44 2958; x_wconf 77' lang='lat'>1·</span> <span class='ocrx_word' id='word_1_360' title='bbox 67 2939 160 2970; x_wconf 81' lang='lat' dir='ltr'>super</span> <span class='ocrx_word' id='word_1_361' title='bbox 188 2931 254 2961; x_wconf 91' lang='lat' dir='ltr'>hiis</span> <span class='ocrx_word' id='word_1_362' title='bbox 282 2931 455 2969; x_wconf 85' lang='lat' dir='ltr'>contigerit</span> <span class='ocrx_word' id='word_1_363' title='bbox 482 2931 670 2969; x_wconf 85' lang='lat' dir='ltr'>apostolicas</span> <span class='ocrx_word' id='word_1_364' title='bbox 699 2931 822 2962; x_wconf 86' lang='lat' dir='ltr'>litteras</span> <span class='ocrx_word' id='word_1_365' title='bbox 850 2931 1035 2970; x_wconf 81' lang='lat' dir='ltr'>impetrari,</span> 
     </span>
     <span class='ocr_line' id='line_1_64' title="bbox 15 2983 1036 3023; baseline 0.001 -11"><span class='ocrx_word' id='word_1_366' title='bbox 15 2993 46 3010; x_wconf 75' lang='lat' dir='ltr'>n</span> <span class='ocrx_word' id='word_1_367' title='bbox 68 2991 193 3013; x_wconf 90' lang='lat' dir='ltr'>necnon</span> <span class='ocrx_word' id='word_1_368' title='bbox 215 2984 366 3014; x_wconf 89' lang='lat' dir='ltr'>omnibus</span> <span class='ocrx_word' id='word_1_369' title='bbox 389 2983 464 3014; x_wconf 89' lang='lat' dir='ltr'>aliis</span> <span class='ocrx_word' id='word_1_370' title='bbox 489 2984 728 3022; x_wconf 82' lang='lat' dir='ltr'>exceptionibus</span> <span class='ocrx_word' id='word_1_371' title='bbox 749 2993 804 3023; x_wconf 88' lang='lat' dir='ltr'>per</span> <span class='ocrx_word' id='word_1_372' title='bbox 829 2993 906 3023; x_wconf 86' lang='lat' dir='ltr'>quas</span> <span class='ocrx_word' id='word_1_373' title='bbox 927 2987 1036 3013; x_wconf 88' lang='lat' dir='ltr'>contra</span> 
     </span>
     <span class='ocr_line' id='line_1_65' title="bbox 29 3035 1037 3076; baseline 0.002 -13"><span class='ocrx_word' id='word_1_374' title='bbox 29 3045 46 3063; x_wconf 84' lang='lat'><strong><em>»</em></strong></span> <span class='ocrx_word' id='word_1_375' title='bbox 67 3035 236 3066; x_wconf 83' lang='lat' dir='ltr'>creditores</span> <span class='ocrx_word' id='word_1_376' title='bbox 265 3036 393 3067; x_wconf 85' lang='lat' dir='ltr'>eosdem</span> <span class='ocrx_word' id='word_1_377' title='bbox 410 3036 515 3066; x_wconf 90' lang='lat' dir='ltr'>dictus</span> <span class='ocrx_word' id='word_1_378' title='bbox 536 3036 675 3075; x_wconf 83' lang='lat' dir='ltr'>prelatus</span> <span class='ocrx_word' id='word_1_379' title='bbox 702 3038 816 3076; x_wconf 84' lang='lat' dir='ltr'>suique</span> <span class='ocrx_word' id='word_1_380' title='bbox 841 3045 1037 3067; x_wconf 83' lang='lat' dir='ltr'>successores</span> 
     </span>
    </p>
   </div>
   <div class='ocr_carea' id='block_1_8' title="bbox 167 3102 459 3131">
    <p class='ocr_par' dir='ltr' id='par_1_8' title="bbox 167 3102 459 3131">
     <span class='ocr_line' id='line_1_66' title="bbox 167 3102 459 3131; baseline 0 -2"><span class='ocrx_word' id='word_1_381' title='bbox 167 3102 242 3130; x_wconf 67' lang='lat' dir='ltr'>Rae.</span> <span class='ocrx_word' id='word_1_382' title='bbox 262 3102 386 3131; x_wconf 65' lang='lat' dir='ltr'>Nicoms</span> <span class='ocrx_word' id='word_1_383' title='bbox 405 3102 459 3130; x_wconf 87' lang='lat' dir='ltr'>IV.</span> 
     </span>
    </p>
   </div>
   <div class='ocr_carea' id='block_1_9' title="bbox 1069 1633 1074 2486">
    <p class='ocr_par' dir='ltr' id='par_1_9' title="bbox 1069 1633 1074 2486">
     <span class='ocr_line' id='line_1_67' title="bbox 1069 1633 1074 2486; baseline 0 0"><span class='ocrx_word' id='word_1_384' title='bbox 1069 1633 1074 2486; x_wconf 95' lang='lat' dir='ltr'> </span> 
     </span>
    </p>
   </div>
   <div class='ocr_carea' id='block_1_10' title="bbox 1088 417 2111 468">
    <p class='ocr_par' dir='ltr' id='par_1_10' title="bbox 1088 417 2111 468">
     <span class='ocr_line' id='line_1_68' title="bbox 1088 417 2111 468; baseline -0.004 -18"><span class='ocrx_word' id='word_1_385' title='bbox 1088 461 1095 468; x_wconf 43' lang='lat'><strong>·</strong></span> <span class='ocrx_word' id='word_1_386' title='bbox 1107 435 1120 450; x_wconf 71' lang='lat' dir='ltr'>n</span> <span class='ocrx_word' id='word_1_387' title='bbox 1143 426 1271 462; x_wconf 82' lang='lat' dir='ltr'>possent</span> <span class='ocrx_word' id='word_1_388' title='bbox 1285 422 1320 452; x_wconf 90' lang='lat' dir='ltr'>in</span> <span class='ocrx_word' id='word_1_389' title='bbox 1336 426 1497 460; x_wconf 87' lang='lat' dir='ltr'>posterum</span> <span class='ocrx_word' id='word_1_390' title='bbox 1514 429 1546 450; x_wconf 88' lang='lat' dir='ltr'>se</span> <span class='ocrx_word' id='word_1_391' title='bbox 1563 419 1657 456; x_wconf 87' lang='lat' dir='ltr'>tueri,</span> <span class='ocrx_word' id='word_1_392' title='bbox 1677 419 1804 458; x_wconf 88' lang='lat' dir='ltr'>plenam</span> <span class='ocrx_word' id='word_1_393' title='bbox 1822 427 1876 456; x_wconf 90' lang='lat' dir='ltr'>per</span> <span class='ocrx_word' id='word_1_394' title='bbox 1891 417 1970 447; x_wconf 87' lang='lat' dir='ltr'>alias</span> <span class='ocrx_word' id='word_1_395' title='bbox 1987 422 2111 447; x_wconf 88' lang='lat' dir='ltr'>nostras</span> 
     </span>
    </p>
   </div>
   <div class='ocr_carea' id='block_1_11' title="bbox 1105 469 2117 991">
    <p class='ocr_par' dir='ltr' id='par_1_11' title="bbox 1105 469 2117 991">
     <span class='ocr_line' id='line_1_69' title="bbox 1106 469 2114 505; baseline -0.007 0"><span class='ocrx_word' id='word_1_396' title='bbox 1106 487 1120 502; x_wconf 86' lang='lat'>»</span> <span class='ocrx_word' id='word_1_397' title='bbox 1146 475 1204 505; x_wconf 87' lang='lat' dir='ltr'>suh</span> <span class='ocrx_word' id='word_1_398' title='bbox 1229 479 1314 505; x_wconf 86' lang='lat' dir='ltr'>certa</span> <span class='ocrx_word' id='word_1_399' title='bbox 1340 474 1442 504; x_wconf 86' lang='lat' dir='ltr'>forma</span> <span class='ocrx_word' id='word_1_400' title='bbox 1464 473 1584 502; x_wconf 88' lang='lat' dir='ltr'>litteras</span> <span class='ocrx_word' id='word_1_401' title='bbox 1611 471 1826 502; x_wconf 89' lang='lat' dir='ltr'>concessimus</span> <span class='ocrx_word' id='word_1_402' title='bbox 1852 469 2044 500; x_wconf 78' lang='lat' dir='ltr'>facultatem.</span> <span class='ocrx_word' id='word_1_403' title='bbox 2077 471 2114 499; x_wconf 86' lang='lat' dir='ltr'>Et</span> 
     </span>
     <span class='ocr_line' id='line_1_70' title="bbox 1105 523 2111 567; baseline -0.003 -12"><span class='ocrx_word' id='word_1_404' title='bbox 1105 540 1118 555; x_wconf 70' lang='grc' dir='ltr'>ι</span> <span class='ocrx_word' id='word_1_405' title='bbox 1146 528 1320 565; x_wconf 89' lang='lat' dir='ltr'>voluimus,</span> <span class='ocrx_word' id='word_1_406' title='bbox 1333 528 1423 567; x_wconf 84' lang='lat' dir='ltr'>juxta</span> <span class='ocrx_word' id='word_1_407' title='bbox 1440 526 1522 566; x_wconf 88' lang='lat' dir='ltr'>quod</span> <span class='ocrx_word' id='word_1_408' title='bbox 1534 526 1617 556; x_wconf 91' lang='lat' dir='ltr'>idem</span> <span class='ocrx_word' id='word_1_409' title='bbox 1633 525 1771 564; x_wconf 88' lang='lat' dir='ltr'>prelatus</span> <span class='ocrx_word' id='word_1_410' title='bbox 1788 523 1958 563; x_wconf 81' lang='lat' dir='ltr'>postulavit</span> <span class='ocrx_word' id='word_1_411' title='bbox 1973 532 1990 552; x_wconf 88' lang='lat' dir='ltr'>a</span> <span class='ocrx_word' id='word_1_412' title='bbox 2010 523 2111 557; x_wconf 84' lang='lat' dir='ltr'>nobis,</span> 
     </span>
     <span class='ocr_line' id='line_1_71' title="bbox 1108 577 2115 621; baseline -0.007 -9"><span class='ocrx_word' id='word_1_413' title='bbox 1108 593 1121 608; x_wconf 72' lang='lat' dir='ltr'>n</span> <span class='ocrx_word' id='word_1_414' title='bbox 1146 582 1229 621; x_wconf 89' lang='lat' dir='ltr'>quod</span> <span class='ocrx_word' id='word_1_415' title='bbox 1252 581 1392 620; x_wconf 89' lang='lat' dir='ltr'>prelatus</span> <span class='ocrx_word' id='word_1_416' title='bbox 1409 585 1438 610; x_wconf 88' lang='lat' dir='ltr'>et</span> <span class='ocrx_word' id='word_1_417' title='bbox 1459 588 1655 610; x_wconf 85' lang='lat' dir='ltr'>successores</span> <span class='ocrx_word' id='word_1_418' title='bbox 1675 578 1791 618; x_wconf 76' lang='lat' dir='ltr'>prefati</span> <span class='ocrx_word' id='word_1_419' title='bbox 1806 577 2017 608; x_wconf 89' lang='lat' dir='ltr'>creditoribus</span> <span class='ocrx_word' id='word_1_420' title='bbox 2038 577 2115 615; x_wconf 91' lang='lat' dir='ltr'>ipsis</span> 
     </span>
     <span class='ocr_line' id='line_1_72' title="bbox 1108 629 2114 673; baseline -0.005 -9"><span class='ocrx_word' id='word_1_421' title='bbox 1108 647 1122 661; x_wconf 68' lang='grc' dir='ltr'>υ</span> <span class='ocrx_word' id='word_1_422' title='bbox 1146 634 1330 673; x_wconf 88' lang='lat' dir='ltr'>hujusmodi</span> <span class='ocrx_word' id='word_1_423' title='bbox 1353 634 1522 672; x_wconf 85' lang='lat' dir='ltr'>pecuniam</span> <span class='ocrx_word' id='word_1_424' title='bbox 1541 633 1578 662; x_wconf 91' lang='lat' dir='ltr'>de</span> <span class='ocrx_word' id='word_1_425' title='bbox 1594 632 1685 662; x_wconf 91' lang='lat' dir='ltr'>bonis</span> <span class='ocrx_word' id='word_1_426' title='bbox 1703 631 1834 661; x_wconf 83' lang='lat' dir='ltr'>ecclesie</span> <span class='ocrx_word' id='word_1_427' title='bbox 1854 630 2032 669; x_wconf 85' lang='lat' dir='ltr'>supradicte</span> <span class='ocrx_word' id='word_1_428' title='bbox 2051 629 2114 659; x_wconf 90' lang='lat' dir='ltr'>sol-</span> 
     </span>
     <span class='ocr_line' id='line_1_73' title="bbox 1110 684 2114 725; baseline -0.003 -10"><span class='ocrx_word' id='word_1_429' title='bbox 1110 699 1123 714; x_wconf 74' lang='lat'><strong>»</strong></span> <span class='ocrx_word' id='word_1_430' title='bbox 1147 697 1220 717; x_wconf 81' lang='lat' dir='ltr'>vere</span> <span class='ocrx_word' id='word_1_431' title='bbox 1237 696 1272 717; x_wconf 90' lang='lat' dir='ltr'>ac</span> <span class='ocrx_word' id='word_1_432' title='bbox 1288 687 1437 725; x_wconf 86' lang='lat' dir='ltr'>dampna,</span> <span class='ocrx_word' id='word_1_433' title='bbox 1455 694 1608 724; x_wconf 82' lang='lat' dir='ltr'>expensas</span> <span class='ocrx_word' id='word_1_434' title='bbox 1624 689 1654 714; x_wconf 87' lang='lat' dir='ltr'>et</span> <span class='ocrx_word' id='word_1_435' title='bbox 1671 685 1824 714; x_wconf 90' lang='lat' dir='ltr'>interesse</span> <span class='ocrx_word' id='word_1_436' title='bbox 1841 684 1970 713; x_wconf 88' lang='lat' dir='ltr'>reficere</span> <span class='ocrx_word' id='word_1_437' title='bbox 1989 688 2114 712; x_wconf 83' lang='lat' dir='ltr'>tenean-</span> 
     </span>
     <span class='ocr_line' id='line_1_74' title="bbox 1109 736 2115 776; baseline -0.003 -8"><span class='ocrx_word' id='word_1_438' title='bbox 1109 753 1123 768; x_wconf 77' lang='grc'>»</span> <span class='ocrx_word' id='word_1_439' title='bbox 1149 745 1209 775; x_wconf 88' lang='lat' dir='ltr'>tur,</span> <span class='ocrx_word' id='word_1_440' title='bbox 1232 741 1259 769; x_wconf 91' lang='lat' dir='ltr'>si</span> <span class='ocrx_word' id='word_1_441' title='bbox 1280 741 1313 769; x_wconf 89' lang='lat' dir='ltr'>in</span> <span class='ocrx_word' id='word_1_442' title='bbox 1339 740 1475 769; x_wconf 89' lang='lat' dir='ltr'>termino</span> <span class='ocrx_word' id='word_1_443' title='bbox 1495 748 1512 768; x_wconf 88' lang='lat' dir='ltr'>a</span> <span class='ocrx_word' id='word_1_444' title='bbox 1535 738 1617 768; x_wconf 90' lang='lat' dir='ltr'>dicto</span> <span class='ocrx_word' id='word_1_445' title='bbox 1644 737 1763 776; x_wconf 84' lang='lat' dir='ltr'>prelato</span> <span class='ocrx_word' id='word_1_446' title='bbox 1789 737 1955 766; x_wconf 85' lang='lat' dir='ltr'>statuendo</span> <span class='ocrx_word' id='word_1_447' title='bbox 1980 736 2115 775; x_wconf 90' lang='lat' dir='ltr'>pecunia</span> 
     </span>
     <span class='ocr_line' id='line_1_75' title="bbox 1111 790 2114 832; baseline -0.002 -12"><span class='ocrx_word' id='word_1_448' title='bbox 1111 806 1123 820; x_wconf 75' lang='lat'>5&gt;</span> <span class='ocrx_word' id='word_1_449' title='bbox 1148 795 1215 832; x_wconf 89' lang='lat' dir='ltr'>ipsa</span> <span class='ocrx_word' id='word_1_450' title='bbox 1227 802 1291 823; x_wconf 88' lang='lat' dir='ltr'>non</span> <span class='ocrx_word' id='word_1_451' title='bbox 1307 793 1403 822; x_wconf 81' lang='lat' dir='ltr'>fuerit</span> <span class='ocrx_word' id='word_1_452' title='bbox 1414 791 1572 830; x_wconf 91' lang='lat' dir='ltr'>persoluta</span> <span class='ocrx_word' id='word_1_453' title='bbox 1586 801 1592 827; x_wconf 87' lang='grc'>;</span> <span class='ocrx_word' id='word_1_454' title='bbox 1608 790 1724 829; x_wconf 84' lang='lat' dir='ltr'>quibus</span> <span class='ocrx_word' id='word_1_455' title='bbox 1738 790 1958 826; x_wconf 87' lang='lat' dir='ltr'>creditoribus,</span> <span class='ocrx_word' id='word_1_456' title='bbox 1973 793 2114 828; x_wconf 84' lang='lat' dir='ltr'>pretextu</span> 
     </span>
     <span class='ocr_line' id='line_1_76' title="bbox 1109 842 2115 885; baseline -0.006 -9"><span class='ocrx_word' id='word_1_457' title='bbox 1109 856 1124 875; x_wconf 89' lang='lat'><strong>›</strong></span> <span class='ocrx_word' id='word_1_458' title='bbox 1149 847 1287 885; x_wconf 77' lang='lat' dir='ltr'>aliquus</span> <span class='ocrx_word' id='word_1_459' title='bbox 1312 844 1548 874; x_wconf 89' lang='lat' dir='ltr'>constitutionis</span> <span class='ocrx_word' id='word_1_460' title='bbox 1570 843 1722 873; x_wconf 88' lang='lat' dir='ltr'>canonice</span> <span class='ocrx_word' id='word_1_461' title='bbox 1742 842 1792 872; x_wconf 89' lang='lat' dir='ltr'>vel</span> <span class='ocrx_word' id='word_1_462' title='bbox 1810 843 1916 872; x_wconf 86' lang='lat' dir='ltr'>civilis</span> <span class='ocrx_word' id='word_1_463' title='bbox 1936 847 1991 871; x_wconf 81' lang='lat' dir='ltr'>aut</span> <span class='ocrx_word' id='word_1_464' title='bbox 2008 843 2115 880; x_wconf 85' lang='lat' dir='ltr'>cujus-</span> 
     </span>
     <span class='ocr_line' id='line_1_77' title="bbox 1111 894 2115 937; baseline -0.003 -11"><span class='ocrx_word' id='word_1_465' title='bbox 1111 912 1125 926; x_wconf 85' lang='lat'>»</span> <span class='ocrx_word' id='word_1_466' title='bbox 1150 907 1286 937; x_wconf 84' lang='lat' dir='ltr'>cumque</span> <span class='ocrx_word' id='word_1_467' title='bbox 1305 897 1467 937; x_wconf 80' lang='lat' dir='ltr'>privilegii</span> <span class='ocrx_word' id='word_1_468' title='bbox 1488 896 1537 925; x_wconf 78' lang='lat' dir='ltr'>vel</span> <span class='ocrx_word' id='word_1_469' title='bbox 1556 895 1757 933; x_wconf 81' lang='lat' dir='ltr'>indulgentie</span> <span class='ocrx_word' id='word_1_470' title='bbox 1774 896 1857 924; x_wconf 89' lang='lat' dir='ltr'>sedis</span> <span class='ocrx_word' id='word_1_471' title='bbox 1872 894 2059 933; x_wconf 82' lang='lat' dir='ltr'>apostolice,</span> <span class='ocrx_word' id='word_1_472' title='bbox 2078 895 2115 923; x_wconf 90' lang='lat' dir='ltr'>de</span> 
     </span>
     <span class='ocr_line' id='line_1_78' title="bbox 1111 949 2117 991; baseline -0.004 -12"><span class='ocrx_word' id='word_1_473' title='bbox 1111 965 1125 979; x_wconf 64' lang='grc' dir='ltr'>ι»</span> <span class='ocrx_word' id='word_1_474' title='bbox 1149 952 1265 991; x_wconf 90' lang='lat' dir='ltr'>quibus</span> <span class='ocrx_word' id='word_1_475' title='bbox 1278 952 1312 980; x_wconf 91' lang='lat' dir='ltr'>in</span> <span class='ocrx_word' id='word_1_476' title='bbox 1329 950 1444 980; x_wconf 89' lang='lat' dir='ltr'>nostris</span> <span class='ocrx_word' id='word_1_477' title='bbox 1455 949 1569 979; x_wconf 90' lang='lat' dir='ltr'>litteris</span> <span class='ocrx_word' id='word_1_478' title='bbox 1583 949 1709 987; x_wconf 90' lang='lat' dir='ltr'>plenam</span> <span class='ocrx_word' id='word_1_479' title='bbox 1722 952 1751 977; x_wconf 88' lang='lat' dir='ltr'>et</span> <span class='ocrx_word' id='word_1_480' title='bbox 1767 957 1947 986; x_wconf 81' lang='lat' dir='ltr'>expressam</span> <span class='ocrx_word' id='word_1_481' title='bbox 1962 952 2117 985; x_wconf 82' lang='lat' dir='ltr'>oporteret</span> 
     </span>
    </p>
   </div>
   <div class='ocr_carea' id='block_1_12' title="bbox 1078 1000 2116 1041">
    <p class='ocr_par' dir='ltr' id='par_1_12' title="bbox 1078 1000 2116 1041">
     <span class='ocr_line' id='line_1_79' title="bbox 1078 1000 2116 1041; baseline -0.005 -8"><span class='ocrx_word' id='word_1_482' title='bbox 1078 1001 1081 1003; x_wconf 10' lang='grc' dir='ltr'>μ</span> <span class='ocrx_word' id='word_1_483' title='bbox 1111 1018 1125 1033; x_wconf 69' lang='lat' dir='ltr'>x&gt;</span> <span class='ocrx_word' id='word_1_484' title='bbox 1147 1006 1217 1035; x_wconf 88' lang='lat' dir='ltr'>fieri</span> <span class='ocrx_word' id='word_1_485' title='bbox 1235 1004 1450 1037; x_wconf 87' lang='lat' dir='ltr'>mentionem,</span> <span class='ocrx_word' id='word_1_486' title='bbox 1470 1006 1498 1032; x_wconf 85' lang='lat' dir='ltr'>et</span> <span class='ocrx_word' id='word_1_487' title='bbox 1516 1012 1569 1041; x_wconf 87' lang='lat' dir='ltr'>per</span> <span class='ocrx_word' id='word_1_488' title='bbox 1584 1011 1644 1040; x_wconf 88' lang='lat' dir='ltr'>que</span> <span class='ocrx_word' id='word_1_489' title='bbox 1660 1001 1773 1040; x_wconf 79' lang='lat' dir='ltr'>prefati</span> <span class='ocrx_word' id='word_1_490' title='bbox 1793 1000 1929 1039; x_wconf 86' lang='lat' dir='ltr'>prelatus</span> <span class='ocrx_word' id='word_1_491' title='bbox 1946 1004 1973 1029; x_wconf 79' lang='lat' dir='ltr'>et</span> <span class='ocrx_word' id='word_1_492' title='bbox 1991 1009 2116 1029; x_wconf 86' lang='lat' dir='ltr'>succes-</span> 
     </span>
    </p>
   </div>
   <div class='ocr_carea' id='block_1_13' title="bbox 1110 1053 2125 3070">
    <p class='ocr_par' dir='ltr' id='par_1_13' title="bbox 1110 1053 2125 3070">
     <span class='ocr_line' id='line_1_80' title="bbox 1110 1053 2117 1091; baseline -0.006 -5"><span class='ocrx_word' id='word_1_493' title='bbox 1110 1069 1126 1086; x_wconf 67' lang='lat' dir='ltr'>s</span> <span class='ocrx_word' id='word_1_494' title='bbox 1150 1067 1235 1088; x_wconf 87' lang='lat' dir='ltr'>sores</span> <span class='ocrx_word' id='word_1_495' title='bbox 1253 1057 1385 1087; x_wconf 89' lang='lat' dir='ltr'>ulterius</span> <span class='ocrx_word' id='word_1_496' title='bbox 1410 1065 1442 1085; x_wconf 89' lang='lat' dir='ltr'>se</span> <span class='ocrx_word' id='word_1_497' title='bbox 1464 1056 1545 1085; x_wconf 90' lang='lat' dir='ltr'>tueri</span> <span class='ocrx_word' id='word_1_498' title='bbox 1566 1054 1728 1090; x_wconf 90' lang='lat' dir='ltr'>valerent,</span> <span class='ocrx_word' id='word_1_499' title='bbox 1748 1053 1922 1091; x_wconf 82' lang='lat' dir='ltr'>predictam</span> <span class='ocrx_word' id='word_1_500' title='bbox 1949 1053 2117 1090; x_wconf 86' lang='lat' dir='ltr'>pecuniam</span> 
     </span>
     <span class='ocr_line' id='line_1_81' title="bbox 1111 1106 2117 1148; baseline -0.005 -9"><span class='ocrx_word' id='word_1_501' title='bbox 1111 1124 1125 1139; x_wconf 68' lang='lat' dir='ltr'><strong>n</strong></span> <span class='ocrx_word' id='word_1_502' title='bbox 1150 1112 1185 1141; x_wconf 88' lang='lat' dir='ltr'>in</span> <span class='ocrx_word' id='word_1_503' title='bbox 1199 1111 1371 1140; x_wconf 82' lang='lat' dir='ltr'>utilitatem</span> <span class='ocrx_word' id='word_1_504' title='bbox 1384 1109 1529 1148; x_wconf 88' lang='lat' dir='ltr'>ejusdem</span> <span class='ocrx_word' id='word_1_505' title='bbox 1543 1108 1674 1138; x_wconf 88' lang='lat' dir='ltr'>ecclesie</span> <span class='ocrx_word' id='word_1_506' title='bbox 1689 1107 1754 1137; x_wconf 87' lang='lat' dir='ltr'>fore</span> <span class='ocrx_word' id='word_1_507' title='bbox 1766 1115 1951 1136; x_wconf 89' lang='lat' dir='ltr'>conversam</span> <span class='ocrx_word' id='word_1_508' title='bbox 1966 1106 2117 1145; x_wconf 89' lang='lat' dir='ltr'>probandi</span> 
     </span>
     <span class='ocr_line' id='line_1_82' title="bbox 1112 1158 2117 1198; baseline -0.005 -6"><span class='ocrx_word' id='word_1_509' title='bbox 1112 1177 1126 1192; x_wconf 68' lang='grc' dir='ltr'>ι,</span> <span class='ocrx_word' id='word_1_510' title='bbox 1150 1165 1320 1194; x_wconf 88' lang='lat' dir='ltr'>necessitas</span> <span class='ocrx_word' id='word_1_511' title='bbox 1337 1172 1400 1192; x_wconf 86' lang='lat' dir='ltr'>non</span> <span class='ocrx_word' id='word_1_512' title='bbox 1417 1162 1635 1197; x_wconf 82' lang='lat' dir='ltr'>incumberet3</span> <span class='ocrx_word' id='word_1_513' title='bbox 1653 1169 1711 1190; x_wconf 88' lang='lat' dir='ltr'>nec</span> <span class='ocrx_word' id='word_1_514' title='bbox 1724 1159 1785 1189; x_wconf 88' lang='lat' dir='ltr'>alia</span> <span class='ocrx_word' id='word_1_515' title='bbox 1802 1159 1944 1198; x_wconf 89' lang='lat' dir='ltr'>probatio</span> <span class='ocrx_word' id='word_1_516' title='bbox 1960 1158 2008 1188; x_wconf 84' lang='lat' dir='ltr'>vel</span> <span class='ocrx_word' id='word_1_517' title='bbox 2025 1159 2117 1188; x_wconf 84' lang='lat' dir='ltr'>certi-</span> 
     </span>
     <span class='ocr_line' id='line_1_83' title="bbox 1112 1213 2117 1254; baseline -0.005 -9"><span class='ocrx_word' id='word_1_518' title='bbox 1112 1231 1126 1245; x_wconf 71' lang='lat'>„</span> <span class='ocrx_word' id='word_1_519' title='bbox 1152 1218 1227 1247; x_wconf 93' lang='lat' dir='ltr'>tudo</span> <span class='ocrx_word' id='word_1_520' title='bbox 1255 1217 1293 1247; x_wconf 91' lang='lat' dir='ltr'>de</span> <span class='ocrx_word' id='word_1_521' title='bbox 1322 1217 1390 1254; x_wconf 91' lang='lat' dir='ltr'>ipso</span> <span class='ocrx_word' id='word_1_522' title='bbox 1416 1215 1522 1245; x_wconf 86' lang='lat' dir='ltr'>debito</span> <span class='ocrx_word' id='word_1_523' title='bbox 1552 1223 1649 1253; x_wconf 89' lang='lat' dir='ltr'>quam</span> <span class='ocrx_word' id='word_1_524' title='bbox 1677 1213 1856 1243; x_wconf 86' lang='lat' dir='ltr'>litterarum</span> <span class='ocrx_word' id='word_1_525' title='bbox 1883 1217 2063 1242; x_wconf 86' lang='lat' dir='ltr'>nostrarum</span> <span class='ocrx_word' id='word_1_526' title='bbox 2090 1215 2117 1241; x_wconf 89' lang='lat' dir='ltr'>et</span> 
     </span>
     <span class='ocr_line' id='line_1_84' title="bbox 1114 1265 2119 1306; baseline -0.007 -6"><span class='ocrx_word' id='word_1_527' title='bbox 1114 1284 1126 1299; x_wconf 66' lang='lat' dir='ltr'>a</span> <span class='ocrx_word' id='word_1_528' title='bbox 1151 1271 1442 1300; x_wconf 87' lang='lat' dir='ltr'>instrumentorum</span> <span class='ocrx_word' id='word_1_529' title='bbox 1472 1276 1566 1306; x_wconf 89' lang='lat' dir='ltr'>super</span> <span class='ocrx_word' id='word_1_530' title='bbox 1596 1266 1781 1305; x_wconf 88' lang='lat' dir='ltr'>hujusmodi</span> <span class='ocrx_word' id='word_1_531' title='bbox 1810 1266 1915 1295; x_wconf 84' lang='lat' dir='ltr'>debito</span> <span class='ocrx_word' id='word_1_532' title='bbox 1947 1265 2119 1295; x_wconf 82' lang='lat' dir='ltr'>conficien—</span> 
     </span>
     <span class='ocr_line' id='line_1_85' title="bbox 1113 1317 2119 1360; baseline -0.005 -9"><span class='ocrx_word' id='word_1_533' title='bbox 1113 1337 1127 1352; x_wconf 73' lang='lat'>›&gt;</span> <span class='ocrx_word' id='word_1_534' title='bbox 1151 1325 1265 1354; x_wconf 88' lang='lat' dir='ltr'>dorum</span> <span class='ocrx_word' id='word_1_535' title='bbox 1285 1323 1497 1360; x_wconf 85' lang='lat' dir='ltr'>exigeretura</span> <span class='ocrx_word' id='word_1_536' title='bbox 1520 1320 1730 1350; x_wconf 90' lang='lat' dir='ltr'>creditoribus</span> <span class='ocrx_word' id='word_1_537' title='bbox 1749 1319 1950 1357; x_wconf 86' lang='lat' dir='ltr'>supradictis.</span> <span class='ocrx_word' id='word_1_538' title='bbox 1973 1317 2119 1355; x_wconf 78' lang='lat' dir='ltr'>Cumque</span> 
     </span>
     <span class='ocr_line' id='line_1_86' title="bbox 1114 1372 2120 1417; baseline -0.006 -12"><span class='ocrx_word' id='word_1_539' title='bbox 1114 1391 1127 1405; x_wconf 77' lang='grc'>»</span> <span class='ocrx_word' id='word_1_540' title='bbox 1153 1377 1291 1417; x_wconf 82' lang='lat' dir='ltr'>prefatus</span> <span class='ocrx_word' id='word_1_541' title='bbox 1307 1375 1459 1414; x_wconf 82' lang='lat' dir='ltr'>prelatus,</span> <span class='ocrx_word' id='word_1_542' title='bbox 1474 1375 1563 1413; x_wconf 81' lang='lat' dir='ltr'>juxta</span> <span class='ocrx_word' id='word_1_543' title='bbox 1579 1373 1766 1411; x_wconf 87' lang='lat' dir='ltr'>hujusmodi</span> <span class='ocrx_word' id='word_1_544' title='bbox 1783 1372 1998 1402; x_wconf 89' lang='lat' dir='ltr'>concessionis</span> <span class='ocrx_word' id='word_1_545' title='bbox 2013 1375 2120 1400; x_wconf 89' lang='lat' dir='ltr'>nostre</span> 
     </span>
     <span class='ocr_line' id='line_1_87' title="bbox 1113 1423 2117 1465; baseline -0.006 -7"><span class='ocrx_word' id='word_1_546' title='bbox 1113 1443 1127 1458; x_wconf 65' lang='lat' dir='ltr'>n</span> <span class='ocrx_word' id='word_1_547' title='bbox 1153 1435 1306 1465; x_wconf 90' lang='lat' dir='ltr'>tenorem,</span> <span class='ocrx_word' id='word_1_548' title='bbox 1336 1428 1526 1458; x_wconf 85' lang='lat' dir='ltr'>renuntians</span> <span class='ocrx_word' id='word_1_549' title='bbox 1552 1425 1773 1457; x_wconf 90' lang='lat' dir='ltr'>constitutioni</span> <span class='ocrx_word' id='word_1_550' title='bbox 1799 1425 1837 1454; x_wconf 88' lang='lat' dir='ltr'>de</span> <span class='ocrx_word' id='word_1_551' title='bbox 1862 1425 1986 1454; x_wconf 85' lang='lat' dir='ltr'>duabus</span> <span class='ocrx_word' id='word_1_552' title='bbox 2014 1423 2117 1453; x_wconf 78' lang='lat' dir='ltr'>dietis.</span> 
     </span>
     <span class='ocr_line' id='line_1_88' title="bbox 1113 1477 2121 1520; baseline -0.006 -8"><span class='ocrx_word' id='word_1_553' title='bbox 1113 1497 1127 1512; x_wconf 68' lang='lat' dir='ltr'>n</span> <span class='ocrx_word' id='word_1_554' title='bbox 1151 1483 1318 1520; x_wconf 81' lang='lat' dir='ltr'>beneficio,</span> <span class='ocrx_word' id='word_1_555' title='bbox 1335 1481 1553 1517; x_wconf 83' lang='lat' dir='ltr'>conventioni,</span> <span class='ocrx_word' id='word_1_556' title='bbox 1572 1480 1698 1517; x_wconf 90' lang='lat' dir='ltr'>litteris,</span> <span class='ocrx_word' id='word_1_557' title='bbox 1716 1479 1939 1517; x_wconf 75' lang='lat' dir='ltr'>indulgentiis,</span> <span class='ocrx_word' id='word_1_558' title='bbox 1958 1477 2075 1507; x_wconf 83' lang='lat' dir='ltr'>auxilio</span> <span class='ocrx_word' id='word_1_559' title='bbox 2092 1482 2121 1506; x_wconf 90' lang='lat' dir='ltr'>et</span> 
     </span>
     <span class='ocr_line' id='line_1_89' title="bbox 1114 1531 2121 1576; baseline -0.008 -10"><span class='ocrx_word' id='word_1_560' title='bbox 1114 1551 1127 1566; x_wconf 76' lang='lat' dir='ltr'>n</span> <span class='ocrx_word' id='word_1_561' title='bbox 1153 1537 1390 1576; x_wconf 79' lang='lat' dir='ltr'>exceptionibus</span> <span class='ocrx_word' id='word_1_562' title='bbox 1407 1535 1603 1570; x_wconf 88' lang='lat' dir='ltr'>memoratis,</span> <span class='ocrx_word' id='word_1_563' title='bbox 1619 1542 1638 1563; x_wconf 87' lang='lat' dir='ltr'>a</span> <span class='ocrx_word' id='word_1_564' title='bbox 1657 1556 1678 1564; x_wconf 90' lang='lat'>..</span> <span class='ocrx_word' id='word_1_565' title='bbox 1696 1537 1726 1562; x_wconf 89' lang='lat' dir='ltr'>et</span> <span class='ocrx_word' id='word_1_566' title='bbox 1743 1555 1764 1562; x_wconf 91' lang='lat'>..</span> <span class='ocrx_word' id='word_1_567' title='bbox 1782 1531 2004 1561; x_wconf 85' lang='lat' dir='ltr'>mutuantibus</span> <span class='ocrx_word' id='word_1_568' title='bbox 2020 1538 2074 1568; x_wconf 89' lang='lat' dir='ltr'>pro</span> <span class='ocrx_word' id='word_1_569' title='bbox 2088 1539 2121 1559; x_wconf 91' lang='lat' dir='ltr'>se</span> 
     </span>
     <span class='ocr_line' id='line_1_90' title="bbox 1114 1585 2119 1622; baseline -0.01 0"><span class='ocrx_word' id='word_1_570' title='bbox 1114 1605 1128 1620; x_wconf 94' lang='lat'>»</span> <span class='ocrx_word' id='word_1_571' title='bbox 1151 1601 1187 1622; x_wconf 85' lang='lat' dir='ltr'>ac</span> <span class='ocrx_word' id='word_1_572' title='bbox 1202 1591 1315 1622; x_wconf 86' lang='lat' dir='ltr'>ceteris</span> <span class='ocrx_word' id='word_1_573' title='bbox 1331 1598 1442 1620; x_wconf 87' lang='lat' dir='ltr'>eorum</span> <span class='ocrx_word' id='word_1_574' title='bbox 1465 1589 1558 1618; x_wconf 89' lang='lat' dir='ltr'>sociis</span> <span class='ocrx_word' id='word_1_575' title='bbox 1573 1587 1612 1617; x_wconf 88' lang='lat' dir='ltr'>de</span> <span class='ocrx_word' id='word_1_576' title='bbox 1631 1587 1779 1617; x_wconf 88' lang='lat' dir='ltr'>societate</span> <span class='ocrx_word' id='word_1_577' title='bbox 1797 1609 1831 1621; x_wconf 90' lang='lat'>..‚</span> <span class='ocrx_word' id='word_1_578' title='bbox 1848 1585 1971 1615; x_wconf 76' lang='lat' dir='ltr'>civibus</span> <span class='ocrx_word' id='word_1_579' title='bbox 1988 1589 2017 1613; x_wconf 88' lang='lat' dir='ltr'>et</span> <span class='ocrx_word' id='word_1_580' title='bbox 2035 1592 2119 1613; x_wconf 88' lang='lat' dir='ltr'>mer-</span> 
     </span>
     <span class='ocr_line' id='line_1_91' title="bbox 1114 1637 2121 1681; baseline -0.007 -8"><span class='ocrx_word' id='word_1_581' title='bbox 1114 1658 1128 1673; x_wconf 61' lang='lat' dir='ltr'>x&gt;</span> <span class='ocrx_word' id='word_1_582' title='bbox 1153 1645 1311 1675; x_wconf 89' lang='lat' dir='ltr'>catoribus</span> <span class='ocrx_word' id='word_1_583' title='bbox 1326 1665 1360 1678; x_wconf 83' lang='lat'>..‚</span> <span class='ocrx_word' id='word_1_584' title='bbox 1375 1651 1430 1681; x_wconf 84' lang='lat' dir='ltr'>pro</span> <span class='ocrx_word' id='word_1_585' title='bbox 1444 1641 1632 1671; x_wconf 88' lang='lat' dir='ltr'>necessariis</span> <span class='ocrx_word' id='word_1_586' title='bbox 1644 1645 1673 1670; x_wconf 90' lang='lat' dir='ltr'>et</span> <span class='ocrx_word' id='word_1_587' title='bbox 1685 1639 1821 1677; x_wconf 80' lang='lat' dir='ltr'>negotiis</span> <span class='ocrx_word' id='word_1_588' title='bbox 1834 1637 1994 1677; x_wconf 86' lang='lat' dir='ltr'>predictis,</span> <span class='ocrx_word' id='word_1_589' title='bbox 2012 1641 2121 1666; x_wconf 91' lang='lat' dir='ltr'>mutuo</span> 
     </span>
     <span class='ocr_line' id='line_1_92' title="bbox 1115 1689 2122 1737; baseline -0.009 -10"><span class='ocrx_word' id='word_1_590' title='bbox 1115 1712 1128 1727; x_wconf 69' lang='grc' dir='ltr'>ι,</span> <span class='ocrx_word' id='word_1_591' title='bbox 1152 1695 1500 1737; x_wconf 76' lang='lat' dir='ltr'>receperithujtismodi</span> <span class='ocrx_word' id='word_1_592' title='bbox 1512 1694 1646 1733; x_wconf 89' lang='lat' dir='ltr'>pecunie</span> <span class='ocrx_word' id='word_1_593' title='bbox 1658 1693 1882 1731; x_wconf 73' lang='lat' dir='ltr'>quantitatem,</span> <span class='ocrx_word' id='word_1_594' title='bbox 1895 1691 1987 1721; x_wconf 89' lang='lat' dir='ltr'>certis</span> <span class='ocrx_word' id='word_1_595' title='bbox 2002 1689 2122 1720; x_wconf 82' lang='lat' dir='ltr'>eisdem</span> 
     </span>
     <span class='ocr_line' id='line_1_93' title="bbox 1114 1744 2122 1786; baseline -0.008 -6"><span class='ocrx_word' id='word_1_596' title='bbox 1114 1765 1128 1780; x_wconf 69' lang='lat' dir='ltr'>n</span> <span class='ocrx_word' id='word_1_597' title='bbox 1152 1751 1383 1782; x_wconf 84' lang='lat' dir='ltr'>mercatoribus</span> <span class='ocrx_word' id='word_1_598' title='bbox 1401 1749 1469 1779; x_wconf 90' lang='lat' dir='ltr'>loco</span> <span class='ocrx_word' id='word_1_599' title='bbox 1493 1753 1522 1778; x_wconf 90' lang='lat' dir='ltr'>et</span> <span class='ocrx_word' id='word_1_600' title='bbox 1545 1748 1683 1778; x_wconf 85' lang='lat' dir='ltr'>termino</span> <span class='ocrx_word' id='word_1_601' title='bbox 1702 1745 1959 1786; x_wconf 80' lang='lat' dir='ltr'>persolvendam,</span> <span class='ocrx_word' id='word_1_602' title='bbox 1980 1747 2071 1782; x_wconf 88' lang='lat' dir='ltr'>prout</span> <span class='ocrx_word' id='word_1_603' title='bbox 2089 1744 2122 1772; x_wconf 88' lang='lat' dir='ltr'>in</span> 
     </span>
     <span class='ocr_line' id='line_1_94' title="bbox 1115 1797 2124 1842; baseline -0.011 -6"><span class='ocrx_word' id='word_1_604' title='bbox 1115 1820 1128 1835; x_wconf 73' lang='lat' dir='ltr'>n</span> <span class='ocrx_word' id='word_1_605' title='bbox 1153 1807 1369 1836; x_wconf 88' lang='lat' dir='ltr'>instrumento</span> <span class='ocrx_word' id='word_1_606' title='bbox 1386 1802 1511 1842; x_wconf 89' lang='lat' dir='ltr'>publico</span> <span class='ocrx_word' id='word_1_607' title='bbox 1527 1801 1602 1831; x_wconf 89' lang='lat' dir='ltr'>inde</span> <span class='ocrx_word' id='word_1_608' title='bbox 1619 1800 1760 1830; x_wconf 84' lang='lat' dir='ltr'>consecto</span> <span class='ocrx_word' id='word_1_609' title='bbox 1776 1799 1901 1837; x_wconf 88' lang='lat' dir='ltr'>plenius</span> <span class='ocrx_word' id='word_1_610' title='bbox 1920 1797 2036 1827; x_wconf 87' lang='lat' dir='ltr'>dicitur</span> <span class='ocrx_word' id='word_1_611' title='bbox 2052 1805 2124 1826; x_wconf 86' lang='lat' dir='ltr'>con-</span> 
     </span>
     <span class='ocr_line' id='line_1_95' title="bbox 1115 1851 2122 1895; baseline -0.01 -7"><span class='ocrx_word' id='word_1_612' title='bbox 1115 1873 1129 1888; x_wconf 81' lang='lat'>»</span> <span class='ocrx_word' id='word_1_613' title='bbox 1156 1860 1272 1895; x_wconf 86' lang='lat' dir='ltr'>tineri,</span> <span class='ocrx_word' id='word_1_614' title='bbox 1291 1867 1367 1894; x_wconf 91' lang='lat' dir='ltr'>nos,</span> <span class='ocrx_word' id='word_1_615' title='bbox 1385 1857 1424 1886; x_wconf 90' lang='lat' dir='ltr'>ad</span> <span class='ocrx_word' id='word_1_616' title='bbox 1443 1855 1711 1894; x_wconf 85' lang='lat' dir='ltr'>supplicationem</span> <span class='ocrx_word' id='word_1_617' title='bbox 1728 1852 1869 1891; x_wconf 83' lang='lat' dir='ltr'>ejusdem</span> <span class='ocrx_word' id='word_1_618' title='bbox 1888 1851 2020 1890; x_wconf 83' lang='lat' dir='ltr'>prelati,</span> <span class='ocrx_word' id='word_1_619' title='bbox 2039 1859 2122 1879; x_wconf 90' lang='lat' dir='ltr'>mer-</span> 
     </span>
     <span class='ocr_line' id='line_1_96' title="bbox 1116 1903 2123 1949; baseline -0.01 -8"><span class='ocrx_word' id='word_1_620' title='bbox 1116 1926 1130 1942; x_wconf 86' lang='lat'>»</span> <span class='ocrx_word' id='word_1_621' title='bbox 1154 1918 1296 1944; x_wconf 86' lang='lat' dir='ltr'>catorum</span> <span class='ocrx_word' id='word_1_622' title='bbox 1314 1912 1456 1949; x_wconf 88' lang='lat' dir='ltr'>ipsorum</span> <span class='ocrx_word' id='word_1_623' title='bbox 1472 1907 1700 1946; x_wconf 87' lang='lat' dir='ltr'>indempnitati</span> <span class='ocrx_word' id='word_1_624' title='bbox 1714 1914 1881 1945; x_wconf 83' lang='lat' dir='ltr'>precavere</span> <span class='ocrx_word' id='word_1_625' title='bbox 1896 1904 2046 1939; x_wconf 76' lang='lat' dir='ltr'>volentes,</span> <span class='ocrx_word' id='word_1_626' title='bbox 2062 1903 2123 1932; x_wconf 86' lang='lat' dir='ltr'>dis-</span> 
     </span>
     <span class='ocr_line' id='line_1_97' title="bbox 1117 1955 2120 1998; baseline -0.01 -4"><span class='ocrx_word' id='word_1_627' title='bbox 1117 1980 1131 1995; x_wconf 83' lang='lat'>»</span> <span class='ocrx_word' id='word_1_628' title='bbox 1155 1962 1460 1998; x_wconf 85' lang='lat' dir='ltr'>cretionivestre‚de</span> <span class='ocrx_word' id='word_1_629' title='bbox 1470 1961 1633 1991; x_wconf 82' lang='lat' dir='ltr'>voluntate</span> <span class='ocrx_word' id='word_1_630' title='bbox 1644 1963 1673 1989; x_wconf 87' lang='lat' dir='ltr'>et</span> <span class='ocrx_word' id='word_1_631' title='bbox 1684 1968 1840 1989; x_wconf 84' lang='lat' dir='ltr'>consensu</span> <span class='ocrx_word' id='word_1_632' title='bbox 1854 1958 1964 1996; x_wconf 84' lang='lat' dir='ltr'>prelati</span> <span class='ocrx_word' id='word_1_633' title='bbox 1977 1955 2120 1995; x_wconf 69' lang='lat' dir='ltr'>predicti,</span> 
     </span>
     <span class='ocr_line' id='line_1_98' title="bbox 1114 2008 2123 2058; baseline -0.01 -11"><span class='ocrx_word' id='word_1_634' title='bbox 1114 2033 1126 2047; x_wconf 77' lang='grc'><strong>»</strong></span> <span class='ocrx_word' id='word_1_635' title='bbox 1157 2029 1211 2058; x_wconf 90' lang='lat' dir='ltr'>per</span> <span class='ocrx_word' id='word_1_636' title='bbox 1233 2016 1402 2056; x_wconf 88' lang='lat' dir='ltr'>apostolica</span> <span class='ocrx_word' id='word_1_637' title='bbox 1417 2015 1532 2053; x_wconf 84' lang='lat' dir='ltr'>scripta</span> <span class='ocrx_word' id='word_1_638' title='bbox 1548 2013 1740 2043; x_wconf 87' lang='lat' dir='ltr'>mandamus</span> <span class='ocrx_word' id='word_1_639' title='bbox 1758 2012 1926 2050; x_wconf 83' lang='lat' dir='ltr'>quatinus,</span> <span class='ocrx_word' id='word_1_640' title='bbox 1945 2010 1970 2039; x_wconf 89' lang='lat' dir='ltr'>si</span> <span class='ocrx_word' id='word_1_641' title='bbox 1991 2010 2068 2039; x_wconf 80' lang='lat' dir='ltr'>forte</span> <span class='ocrx_word' id='word_1_642' title='bbox 2085 2008 2123 2037; x_wconf 89' lang='lat' dir='ltr'>de</span> 
     </span>
     <span class='ocr_line' id='line_1_99' title="bbox 1117 2062 2120 2111; baseline -0.013 -8"><span class='ocrx_word' id='word_1_643' title='bbox 1117 2086 1130 2101; x_wconf 74' lang='lat'>1&gt;</span> <span class='ocrx_word' id='word_1_644' title='bbox 1155 2070 1343 2111; x_wconf 82' lang='lat' dir='ltr'>hujusmodi</span> <span class='ocrx_word' id='word_1_645' title='bbox 1358 2069 1492 2108; x_wconf 89' lang='lat' dir='ltr'>pecunie</span> <span class='ocrx_word' id='word_1_646' title='bbox 1509 2075 1635 2097; x_wconf 88' lang='lat' dir='ltr'>summa</span> <span class='ocrx_word' id='word_1_647' title='bbox 1649 2066 1684 2095; x_wconf 90' lang='lat' dir='ltr'>in</span> <span class='ocrx_word' id='word_1_648' title='bbox 1699 2065 1822 2094; x_wconf 89' lang='lat' dir='ltr'>statutis</span> <span class='ocrx_word' id='word_1_649' title='bbox 1839 2064 1907 2094; x_wconf 90' lang='lat' dir='ltr'>loco</span> <span class='ocrx_word' id='word_1_650' title='bbox 1924 2069 1954 2092; x_wconf 89' lang='lat' dir='ltr'>et</span> <span class='ocrx_word' id='word_1_651' title='bbox 1974 2062 2120 2092; x_wconf 85' lang='lat' dir='ltr'>termino.</span> 
     </span>
     <span class='ocr_line' id='line_1_100' title="bbox 1118 2116 2123 2165; baseline -0.011 -12"><span class='ocrx_word' id='word_1_652' title='bbox 1118 2139 1130 2153; x_wconf 68' lang='lat' dir='ltr'>n</span> <span class='ocrx_word' id='word_1_653' title='bbox 1152 2127 1243 2165; x_wconf 79' lang='lat' dir='ltr'>juxta</span> <span class='ocrx_word' id='word_1_654' title='bbox 1260 2122 1468 2154; x_wconf 89' lang='lat' dir='ltr'>instrumenti</span> <span class='ocrx_word' id='word_1_655' title='bbox 1488 2120 1620 2159; x_wconf 87' lang='lat' dir='ltr'>predicti</span> <span class='ocrx_word' id='word_1_656' title='bbox 1643 2124 1802 2152; x_wconf 85' lang='lat' dir='ltr'>tenorem,</span> <span class='ocrx_word' id='word_1_657' title='bbox 1821 2116 1983 2155; x_wconf 85' lang='lat' dir='ltr'>prelibatis</span> <span class='ocrx_word' id='word_1_658' title='bbox 2001 2123 2123 2144; x_wconf 81' lang='lat' dir='ltr'>merca-</span> 
     </span>
     <span class='ocr_line' id='line_1_101' title="bbox 1118 2169 2123 2209; baseline -0.011 -2"><span class='ocrx_word' id='word_1_659' title='bbox 1118 2192 1131 2207; x_wconf 80' lang='lat'><strong>»</strong></span> <span class='ocrx_word' id='word_1_660' title='bbox 1157 2179 1277 2209; x_wconf 88' lang='lat' dir='ltr'>toribus</span> <span class='ocrx_word' id='word_1_661' title='bbox 1295 2186 1359 2206; x_wconf 87' lang='lat' dir='ltr'>non</span> <span class='ocrx_word' id='word_1_662' title='bbox 1376 2175 1474 2205; x_wconf 82' lang='lat' dir='ltr'>fuerit</span> <span class='ocrx_word' id='word_1_663' title='bbox 1492 2173 1704 2206; x_wconf 82' lang='lat' dir='ltr'>satisfactum,</span> <span class='ocrx_word' id='word_1_664' title='bbox 1723 2179 1792 2207; x_wconf 79' lang='lat' dir='ltr'>vos,</span> <span class='ocrx_word' id='word_1_665' title='bbox 1810 2169 1860 2199; x_wconf 79' lang='lat' dir='ltr'>vel</span> <span class='ocrx_word' id='word_1_666' title='bbox 1877 2169 1949 2204; x_wconf 80' lang='lat' dir='ltr'>duo,</span> <span class='ocrx_word' id='word_1_667' title='bbox 1967 2173 2021 2198; x_wconf 88' lang='lat' dir='ltr'>aut</span> <span class='ocrx_word' id='word_1_668' title='bbox 2039 2176 2123 2197; x_wconf 84' lang='lat' dir='ltr'>unus</span> 
     </span>
     <span class='ocr_line' id='line_1_102' title="bbox 1117 2223 2123 2268; baseline -0.012 -8"><span class='ocrx_word' id='word_1_669' title='bbox 1117 2246 1131 2260; x_wconf 68' lang='lat' dir='ltr'>s&gt;</span> <span class='ocrx_word' id='word_1_670' title='bbox 1156 2237 1308 2266; x_wconf 84' lang='lat' dir='ltr'>vestrum,</span> <span class='ocrx_word' id='word_1_671' title='bbox 1328 2238 1382 2268; x_wconf 88' lang='lat' dir='ltr'>per</span> <span class='ocrx_word' id='word_1_672' title='bbox 1397 2237 1451 2258; x_wconf 92' lang='lat' dir='ltr'>vos</span> <span class='ocrx_word' id='word_1_673' title='bbox 1468 2226 1517 2256; x_wconf 88' lang='lat' dir='ltr'>vel</span> <span class='ocrx_word' id='word_1_674' title='bbox 1536 2235 1589 2265; x_wconf 89' lang='lat' dir='ltr'>per</span> <span class='ocrx_word' id='word_1_675' title='bbox 1605 2225 1705 2255; x_wconf 87' lang='lat' dir='ltr'>alium</span> <span class='ocrx_word' id='word_1_676' title='bbox 1724 2233 1779 2253; x_wconf 89' lang='lat' dir='ltr'>seu</span> <span class='ocrx_word' id='word_1_677' title='bbox 1795 2223 1888 2258; x_wconf 86' lang='lat' dir='ltr'>alios,</span> <span class='ocrx_word' id='word_1_678' title='bbox 1907 2231 1941 2251; x_wconf 78' lang='lat' dir='ltr'>ex</span> <span class='ocrx_word' id='word_1_679' title='bbox 1962 2227 2035 2250; x_wconf 87' lang='lat' dir='ltr'>tuuc</span> <span class='ocrx_word' id='word_1_680' title='bbox 2052 2229 2123 2258; x_wconf 81' lang='lat' dir='ltr'>pre-</span> 
     </span>
     <span class='ocr_line' id='line_1_103' title="bbox 1118 2275 2122 2321; baseline -0.013 -7"><span class='ocrx_word' id='word_1_681' title='bbox 1118 2299 1131 2314; x_wconf 87' lang='lat'>»</span> <span class='ocrx_word' id='word_1_682' title='bbox 1155 2287 1256 2315; x_wconf 80' lang='lat' dir='ltr'>satum</span> <span class='ocrx_word' id='word_1_683' title='bbox 1272 2282 1430 2321; x_wconf 82' lang='lat' dir='ltr'>prelatum</span> <span class='ocrx_word' id='word_1_684' title='bbox 1448 2279 1497 2310; x_wconf 89' lang='lat' dir='ltr'>vel</span> <span class='ocrx_word' id='word_1_685' title='bbox 1513 2280 1580 2318; x_wconf 87' lang='lat' dir='ltr'>ejus</span> <span class='ocrx_word' id='word_1_686' title='bbox 1597 2285 1826 2307; x_wconf 87' lang='lat' dir='ltr'>successores..</span> <span class='ocrx_word' id='word_1_687' title='bbox 1845 2275 1980 2314; x_wconf 86' lang='lat' dir='ltr'>prelatos</span> <span class='ocrx_word' id='word_1_688' title='bbox 1992 2281 2122 2303; x_wconf 88' lang='lat' dir='ltr'>monere</span> 
     </span>
     <span class='ocr_line' id='line_1_104' title="bbox 1118 2328 2123 2370; baseline -0.015 -2"><span class='ocrx_word' id='word_1_689' title='bbox 1118 2353 1131 2368; x_wconf 70' lang='lat' dir='ltr'><strong><em>n</em></strong></span> <span class='ocrx_word' id='word_1_690' title='bbox 1156 2339 1272 2370; x_wconf 86' lang='lat' dir='ltr'>curetis</span> <span class='ocrx_word' id='word_1_691' title='bbox 1291 2341 1325 2367; x_wconf 89' lang='lat' dir='ltr'>nt</span> <span class='ocrx_word' id='word_1_692' title='bbox 1344 2335 1430 2364; x_wconf 73' lang='lat' dir='ltr'>intra</span> <span class='ocrx_word' id='word_1_693' title='bbox 1447 2342 1546 2363; x_wconf 88' lang='lat' dir='ltr'>unum</span> <span class='ocrx_word' id='word_1_694' title='bbox 1565 2340 1709 2361; x_wconf 80' lang='lat' dir='ltr'>mensem</span> <span class='ocrx_word' id='word_1_695' title='bbox 1732 2334 1800 2368; x_wconf 89' lang='lat' dir='ltr'>post</span> <span class='ocrx_word' id='word_1_696' title='bbox 1823 2328 2034 2357; x_wconf 85' lang='lat' dir='ltr'>monitionem</span> <span class='ocrx_word' id='word_1_697' title='bbox 2053 2334 2123 2355; x_wconf 84' lang='lat' dir='ltr'>ves-</span> 
     </span>
     <span class='ocr_line' id='line_1_105' title="bbox 1118 2379 2123 2426; baseline -0.013 -6"><span class='ocrx_word' id='word_1_698' title='bbox 1118 2405 1131 2420; x_wconf 76' lang='lat'>»</span> <span class='ocrx_word' id='word_1_699' title='bbox 1158 2398 1238 2422; x_wconf 86' lang='lat' dir='ltr'>tram</span> <span class='ocrx_word' id='word_1_700' title='bbox 1259 2391 1297 2420; x_wconf 89' lang='lat' dir='ltr'>de</span> <span class='ocrx_word' id='word_1_701' title='bbox 1323 2390 1406 2418; x_wconf 88' lang='lat' dir='ltr'>dicta</span> <span class='ocrx_word' id='word_1_702' title='bbox 1432 2386 1585 2426; x_wconf 85' lang='lat' dir='ltr'>pecunia,</span> <span class='ocrx_word' id='word_1_703' title='bbox 1610 2394 1683 2414; x_wconf 87' lang='lat' dir='ltr'>cum</span> <span class='ocrx_word' id='word_1_704' title='bbox 1707 2384 1803 2422; x_wconf 87' lang='lat' dir='ltr'>justis</span> <span class='ocrx_word' id='word_1_705' title='bbox 1826 2386 1855 2412; x_wconf 86' lang='lat' dir='ltr'>et</span> <span class='ocrx_word' id='word_1_706' title='bbox 1878 2379 2049 2411; x_wconf 85' lang='lat' dir='ltr'>moderatis</span> <span class='ocrx_word' id='word_1_707' title='bbox 2069 2388 2123 2408; x_wconf 70' lang='lat' dir='ltr'>ex-</span> 
     </span>
     <span class='ocr_line' id='line_1_106' title="bbox 1118 2434 2123 2485; baseline -0.016 -9"><span class='ocrx_word' id='word_1_708' title='bbox 1118 2459 1131 2474; x_wconf 81' lang='grc'>»</span> <span class='ocrx_word' id='word_1_709' title='bbox 1157 2446 1263 2485; x_wconf 91' lang='lat' dir='ltr'>pensis</span> <span class='ocrx_word' id='word_1_710' title='bbox 1274 2452 1309 2473; x_wconf 89' lang='lat' dir='ltr'>ac</span> <span class='ocrx_word' id='word_1_711' title='bbox 1320 2442 1425 2472; x_wconf 81' lang='lat' dir='ltr'>debita</span> <span class='ocrx_word' id='word_1_712' title='bbox 1441 2438 1672 2470; x_wconf 87' lang='lat' dir='ltr'>restauratione</span> <span class='ocrx_word' id='word_1_713' title='bbox 1686 2437 1899 2474; x_wconf 89' lang='lat' dir='ltr'>dampnorum</span> <span class='ocrx_word' id='word_1_714' title='bbox 1914 2437 1942 2463; x_wconf 87' lang='lat' dir='ltr'>et</span> <span class='ocrx_word' id='word_1_715' title='bbox 1958 2434 2123 2468; x_wconf 87' lang='lat' dir='ltr'>interesse,</span> 
     </span>
     <span class='ocr_line' id='line_1_107' title="bbox 1119 2485 2125 2529; baseline -0.014 -2"><span class='ocrx_word' id='word_1_716' title='bbox 1119 2513 1131 2527; x_wconf 72' lang='lat' dir='ltr'>J&gt;</span> <span class='ocrx_word' id='word_1_717' title='bbox 1157 2499 1263 2529; x_wconf 89' lang='lat' dir='ltr'>usuris</span> <span class='ocrx_word' id='word_1_718' title='bbox 1282 2495 1414 2526; x_wconf 87' lang='lat' dir='ltr'>omnino</span> <span class='ocrx_word' id='word_1_719' title='bbox 1436 2492 1651 2528; x_wconf 88' lang='lat' dir='ltr'>cessantibus,</span> <span class='ocrx_word' id='word_1_720' title='bbox 1676 2489 1874 2520; x_wconf 72' lang='lat' dir='ltr'>satisfaciant</span> <span class='ocrx_word' id='word_1_721' title='bbox 1896 2485 2125 2516; x_wconf 89' lang='lat' dir='ltr'>mercatoribus</span> 
     </span>
     <span class='ocr_line' id='line_1_108' title="bbox 1119 2538 2124 2585; baseline -0.016 -3"><span class='ocrx_word' id='word_1_722' title='bbox 1119 2566 1137 2581; x_wconf 62' lang='grc' dir='ltr'>ι»</span> <span class='ocrx_word' id='word_1_723' title='bbox 1157 2550 1336 2585; x_wconf 87' lang='lat' dir='ltr'>antedictis,</span> <span class='ocrx_word' id='word_1_724' title='bbox 1358 2557 1393 2578; x_wconf 90' lang='lat' dir='ltr'>ac</span> <span class='ocrx_word' id='word_1_725' title='bbox 1416 2555 1468 2577; x_wconf 89' lang='lat' dir='ltr'>eos</span> <span class='ocrx_word' id='word_1_726' title='bbox 1492 2546 1531 2575; x_wconf 91' lang='lat' dir='ltr'>ad</span> <span class='ocrx_word' id='word_1_727' title='bbox 1555 2545 1599 2581; x_wconf 86' lang='lat' dir='ltr'>id,</span> <span class='ocrx_word' id='word_1_728' title='bbox 1622 2552 1685 2573; x_wconf 89' lang='lat' dir='ltr'>non</span> <span class='ocrx_word' id='word_1_729' title='bbox 1707 2552 1763 2581; x_wconf 87' lang='lat' dir='ltr'>per</span> <span class='ocrx_word' id='word_1_730' title='bbox 1785 2538 2124 2571; x_wconf 80' lang='lat' dir='ltr'>excommunicationis</span> 
     </span>
     <span class='ocr_line' id='line_1_109' title="bbox 1118 2591 2125 2642; baseline -0.017 -7"><span class='ocrx_word' id='word_1_731' title='bbox 1118 2619 1132 2634; x_wconf 69' lang='lat' dir='ltr'>n</span> <span class='ocrx_word' id='word_1_732' title='bbox 1157 2605 1207 2635; x_wconf 88' lang='lat' dir='ltr'>vel</span> <span class='ocrx_word' id='word_1_733' title='bbox 1223 2601 1441 2642; x_wconf 89' lang='lat' dir='ltr'>suspensionis</span> <span class='ocrx_word' id='word_1_734' title='bbox 1457 2597 1661 2631; x_wconf 85' lang='lat' dir='ltr'>sententiam,</span> <span class='ocrx_word' id='word_1_735' title='bbox 1679 2604 1720 2624; x_wconf 89' lang='lat' dir='ltr'>ne</span> <span class='ocrx_word' id='word_1_736' title='bbox 1735 2592 1926 2633; x_wconf 81' lang='lat' dir='ltr'>pontificalis</span> <span class='ocrx_word' id='word_1_737' title='bbox 1944 2591 2039 2621; x_wconf 88' lang='lat' dir='ltr'>officii</span> <span class='ocrx_word' id='word_1_738' title='bbox 2056 2598 2125 2619; x_wconf 79' lang='lat' dir='ltr'>exe-</span> 
     </span>
     <span class='ocr_line' id='line_1_110' title="bbox 1119 2641 2124 2693; baseline -0.017 -6"><span class='ocrx_word' id='word_1_739' title='bbox 1119 2673 1132 2687; x_wconf 83' lang='lat'>»</span> <span class='ocrx_word' id='word_1_740' title='bbox 1157 2659 1241 2689; x_wconf 90' lang='lat' dir='ltr'>cutio</span> <span class='ocrx_word' id='word_1_741' title='bbox 1266 2657 1349 2686; x_wconf 85' lang='lat' dir='ltr'>circa</span> <span class='ocrx_word' id='word_1_742' title='bbox 1373 2651 1569 2693; x_wconf 87' lang='lat' dir='ltr'>spiritualia,</span> <span class='ocrx_word' id='word_1_743' title='bbox 1593 2658 1655 2688; x_wconf 88' lang='lat' dir='ltr'>que</span> <span class='ocrx_word' id='word_1_744' title='bbox 1679 2647 1849 2687; x_wconf 88' lang='lat' dir='ltr'>specialius</span> <span class='ocrx_word' id='word_1_745' title='bbox 1874 2645 2015 2674; x_wconf 87' lang='lat' dir='ltr'>insident</span> <span class='ocrx_word' id='word_1_746' title='bbox 2037 2641 2124 2672; x_wconf 88' lang='lat' dir='ltr'>cordi</span> 
     </span>
     <span class='ocr_line' id='line_1_111' title="bbox 1121 2696 2124 2746; baseline -0.019 -4"><span class='ocrx_word' id='word_1_747' title='bbox 1121 2725 1133 2741; x_wconf 72' lang='grc' dir='ltr'>ι</span> <span class='ocrx_word' id='word_1_748' title='bbox 1158 2716 1277 2746; x_wconf 87' lang='lat' dir='ltr'>nostro,</span> <span class='ocrx_word' id='word_1_749' title='bbox 1296 2708 1398 2738; x_wconf 87' lang='lat' dir='ltr'>valeat</span> <span class='ocrx_word' id='word_1_750' title='bbox 1413 2703 1651 2744; x_wconf 86' lang='lat' dir='ltr'>quomodolibet</span> <span class='ocrx_word' id='word_1_751' title='bbox 1667 2700 1829 2739; x_wconf 87' lang='lat' dir='ltr'>impediri,</span> <span class='ocrx_word' id='word_1_752' title='bbox 1848 2703 1894 2728; x_wconf 88' lang='lat' dir='ltr'>set</span> <span class='ocrx_word' id='word_1_753' title='bbox 1909 2706 1965 2736; x_wconf 89' lang='lat' dir='ltr'>per</span> <span class='ocrx_word' id='word_1_754' title='bbox 1983 2696 2124 2725; x_wconf 84' lang='lat' dir='ltr'>subtrac-</span> 
     </span>
     <span class='ocr_line' id='line_1_112' title="bbox 1120 2748 2125 2796; baseline -0.018 -2"><span class='ocrx_word' id='word_1_755' title='bbox 1120 2779 1133 2794; x_wconf 70' lang='lat' dir='ltr'>n</span> <span class='ocrx_word' id='word_1_756' title='bbox 1160 2766 1278 2796; x_wconf 87' lang='lat' dir='ltr'>tionem</span> <span class='ocrx_word' id='word_1_757' title='bbox 1306 2762 1479 2793; x_wconf 77' lang='lat' dir='ltr'>fructuum,</span> <span class='ocrx_word' id='word_1_758' title='bbox 1510 2755 1694 2786; x_wconf 89' lang='lat' dir='ltr'>reddituum</span> <span class='ocrx_word' id='word_1_759' title='bbox 1709 2778 1716 2791; x_wconf 92' lang='lat'>,</span> <span class='ocrx_word' id='word_1_760' title='bbox 1748 2756 1973 2792; x_wconf 78' lang='lat' dir='ltr'>proventuum,</span> <span class='ocrx_word' id='word_1_761' title='bbox 2001 2748 2125 2788; x_wconf 88' lang='lat' dir='ltr'>jurium</span> 
     </span>
     <span class='ocr_line' id='line_1_113' title="bbox 1120 2801 2123 2856; baseline -0.02 -7"><span class='ocrx_word' id='word_1_762' title='bbox 1120 2833 1134 2848; x_wconf 75' lang='lat' dir='ltr'>n</span> <span class='ocrx_word' id='word_1_763' title='bbox 1159 2815 1381 2856; x_wconf 83' lang='lat' dir='ltr'>temporalium</span> <span class='ocrx_word' id='word_1_764' title='bbox 1393 2817 1422 2842; x_wconf 90' lang='lat' dir='ltr'>et</span> <span class='ocrx_word' id='word_1_765' title='bbox 1433 2810 1662 2841; x_wconf 88' lang='lat' dir='ltr'>obventionum</span> <span class='ocrx_word' id='word_1_766' title='bbox 1671 2805 1899 2846; x_wconf 74' lang='lat' dir='ltr'>quorumlibet,</span> <span class='ocrx_word' id='word_1_767' title='bbox 1912 2801 2123 2842; x_wconf 86' lang='lat' dir='ltr'>appellatione</span> 
     </span>
     <span class='ocr_line' id='line_1_114' title="bbox 1120 2858 2122 2911; baseline -0.019 -11"><span class='ocrx_word' id='word_1_768' title='bbox 1120 2886 1134 2900; x_wconf 63' lang='grc' dir='ltr'>ι»</span> <span class='ocrx_word' id='word_1_769' title='bbox 1158 2869 1344 2911; x_wconf 88' lang='lat' dir='ltr'>postposita,</span> <span class='ocrx_word' id='word_1_770' title='bbox 1364 2863 1582 2904; x_wconf 86' lang='lat' dir='ltr'>compellatis,</span> <span class='ocrx_word' id='word_1_771' title='bbox 1601 2862 1742 2896; x_wconf 77' lang='lat' dir='ltr'>fructus,</span> <span class='ocrx_word' id='word_1_772' title='bbox 1760 2858 1919 2892; x_wconf 88' lang='lat' dir='ltr'>redditus,</span> <span class='ocrx_word' id='word_1_773' title='bbox 1938 2858 2122 2894; x_wconf 84' lang='lat' dir='ltr'>proventus,</span> 
     </span>
     <span class='ocr_line' id='line_1_115' title="bbox 1121 2910 2125 2958; baseline -0.019 -5"><span class='ocrx_word' id='word_1_774' title='bbox 1121 2938 1134 2953; x_wconf 65' lang='lat' dir='ltr'><strong><em>n</em></strong></span> <span class='ocrx_word' id='word_1_775' title='bbox 1158 2919 1457 2958; x_wconf 86' lang='lat' dir='ltr'>obventiones,jura</span> <span class='ocrx_word' id='word_1_776' title='bbox 1467 2916 1620 2956; x_wconf 82' lang='lat' dir='ltr'>predicta,</span> <span class='ocrx_word' id='word_1_777' title='bbox 1632 2912 1756 2943; x_wconf 89' lang='lat' dir='ltr'>etiamsi</span> <span class='ocrx_word' id='word_1_778' title='bbox 1768 2910 1935 2941; x_wconf 86' lang='lat' dir='ltr'>ecclesiam</span> <span class='ocrx_word' id='word_1_779' title='bbox 1947 2910 2047 2947; x_wconf 90' lang='lat' dir='ltr'>ipsam</span> <span class='ocrx_word' id='word_1_780' title='bbox 2058 2915 2125 2944; x_wconf 80' lang='lat' dir='ltr'>pas-</span> 
     </span>
     <span class='ocr_line' id='line_1_116' title="bbox 1122 2959 2124 3008; baseline -0.023 0"><span class='ocrx_word' id='word_1_781' title='bbox 1122 2992 1134 3007; x_wconf 76' lang='lat'>»</span> <span class='ocrx_word' id='word_1_782' title='bbox 1161 2983 1225 3008; x_wconf 90' lang='lat' dir='ltr'>tore</span> <span class='ocrx_word' id='word_1_783' title='bbox 1241 2983 1351 3005; x_wconf 88' lang='lat' dir='ltr'>vacare</span> <span class='ocrx_word' id='word_1_784' title='bbox 1367 2969 1548 3008; x_wconf 87' lang='lat' dir='ltr'>contigerit,</span> <span class='ocrx_word' id='word_1_785' title='bbox 1560 2967 1712 2997; x_wconf 77' lang='lat' dir='ltr'>facientes</span> <span class='ocrx_word' id='word_1_786' title='bbox 1727 2965 1789 3005; x_wconf 89' lang='lat'>[...]</span> <span class='ocrx_word' id='word_1_787' title='bbox 1804 2962 1961 3002; x_wconf 86' lang='lat' dir='ltr'>predictos</span> <span class='ocrx_word' id='word_1_788' title='bbox 1978 2964 2007 2989; x_wconf 88' lang='lat' dir='ltr'>et</span> <span class='ocrx_word' id='word_1_789' title='bbox 2023 2959 2124 2988; x_wconf 89' lang='lat' dir='ltr'>alium</span> 
     </span>
     <span class='ocr_line' id='line_1_117' title="bbox 1122 3011 2122 3070; baseline -0.022 -9"><span class='ocrx_word' id='word_1_790' title='bbox 1122 3045 1136 3060; x_wconf 68' lang='grc' dir='ltr'>ι)</span> <span class='ocrx_word' id='word_1_791' title='bbox 1160 3017 1822 3070; x_wconf 76' lang='lat' dir='ltr'>pereundemprelatumvelpercapitutum</span> <span class='ocrx_word' id='word_1_792' title='bbox 1832 3011 2122 3045; x_wconf 85' lang='lat' dir='ltr'>vacantisecclesie.</span> 
     </span>
    </p>
   </div>
   <div class='ocr_carea' id='block_1_14' title="bbox 1935 3079 1984 3106">
    <p class='ocr_par' dir='ltr' id='par_1_14' title="bbox 1935 3079 1984 3106">
     <span class='ocr_line' id='line_1_118' title="bbox 1935 3079 1984 3106; baseline -0.02 0"><span class='ocrx_word' id='word_1_793' title='bbox 1935 3079 1984 3106; x_wconf 71' lang='lat'>1‘213</span> 
     </span>
    </p>
   </div>
  </div>
 </body>
</html>
