2393 3496
182 314 238 341 st?
929 303 1162 335 REGlS'rRES
1186 303 1240 332 DE
1262 301 1445 332 NICOLAS
1469 303 1524 332 IV.

184 379 266 407 riuw
277 376 471 407 etnotarinm
481 383 585 410 smum,
596 382 650 411 per
663 381 754 401 sunm
764 370 922 401 annulum
934 369 1187 409 praesentialiter

181 430 322 460 investit.
333 428 366 459 Si
383 436 454 457 vero
468 427 543 456 tales
556 425 766 464 praebendae,
779 427 964 462 personatus
978 422 1186 460 etdignitates

183 491 243 512 non
260 486 370 511 vacent
387 480 425 510 ad
443 487 600 518 praesens,
610 478 718 507 eadem
734 477 876 516 proximo
889 479 1036 506 vacatura
1048 476 1076 505 ei
1088 484 1186 504 reser-

183 540 252 570 vat;
269 542 406 572 cumque
431 541 468 562 eo
485 532 646 569 dispensat
668 534 701 559 ut
721 529 830 558 eadem
852 528 1008 558 beneficia
1028 536 1093 557 nna
1112 536 1185 557 cum

179 587 441 617 archidiaconatu
458 585 489 613 in
507 583 638 613 ecclesia
656 583 900 618 Panormitana,
918 582 952 611 in
969 582 1079 611 eadem
1098 590 1134 610 ac
1150 581 1185 610 in

180 639 401 673 Salernitana,
429 636 636 670 Surrentina,
662 635 769 665 Sancti
796 635 969 665 Donatiani
994 635 1028 664 in
1051 633 1182 672 Brngis,

179 690 390 721 Tornaeensis
419 688 591 725 dioecesis,
618 692 648 717 et
673 688 782 717 Sancti
808 688 895 717 Petri
925 687 964 717 ad
989 687 1120 717 Cui-tem
1146 687 1185 716 de

179 743 311 774 Salerno
327 742 468 771 eeclesiis
480 740 720 770 canonicatibus
737 744 766 770 et
776 740 966 779 praebendis
980 740 1119 770 retinere
1132 749 1184 770 va-

180 797 250 825 leat.

219 861 233 874 a
246 847 337 877 Circa
353 855 517 885 personam
536 851 660 876 tuam...
675 863 713 868 —
731 846 802 876 Dat.
814 846 897 885 apud
911 846 1184 882 Urbemveterem,

178 910 219 930 vu
238 900 309 929 idus
322 900 449 938 augusti
461 924 468 936 ‚
486 908 572 929 auno
586 904 710 938 quarto.
730 912 741 926 ι

218 954 254 983 Iu
274 963 301 983 e.
323 963 364 982 in.
386 977 405 983 ..
428 953 604 992 praeposito
621 953 847 991 Maguntfflae,
872 952 1186 992 ..archipresbytero

176 1007 375 1036 Turonensis
392 1010 421 1035 et
437 1029 457 1035 ..
474 1006 596 1036 custodi
622 1006 805 1044 Bajocensis
825 1005 1033 1036 ecclesiarum
1055 1007 1186 1036 mandat

178 1064 210 1090 ut
227 1060 376 1090 eumdem
398 1059 572 1097 Roget-ium
590 1059 639 1089 vel
658 1064 892 1098 procuratorem
915 1059 983 1098 ejus
1002 1061 1035 1089 in
1053 1059 1186 1090 ecclesia

176 1113 416 1143 Constantiensi
433 1113 530 1151 recipi
547 1113 665 1142 saciant
683 1114 714 1142 in
734 1113 926 1143 canonicum
947 1117 978 1144 et
997 1114 1030 1143 in
1054 1114 1185 1145 fratrem

177 1171 207 1195 et
225 1175 297 1195 eum
316 1167 348 1195 in
365 1166 559 1204 corporalem
576 1166 811 1204 possessionem
833 1166 1068 1204 praedictorum
1088 1168 1184 1198 bene-

177 1219 321 1249 ficiorum
340 1219 506 1248 inducant.

218 1284 232 1303 z
253 1275 342 1304 Circa
358 1283 528 1313 personam
547 1274 695 1305 dilecti...
711 1291 749 1296 ——-
766 1275 838 1305 Dat.
858 1279 893 1305 ut
908 1285 1015 1314 snpra.
1032 1286 1048 1303 ‘a

249 1432 368 1461 6045

213 1495 345 1522 Facultas
361 1495 546 1530 dispensandi
562 1504 650 1531 super
665 1496 779 1524 defectu
795 1497 915 1525 ordinis.
929 1498 1013 1533 (Rae.
1025 1499 1068 1531 46,
1082 1507 1108 1527 e.
1123 1501 1186 1535 511,

175 1546 194 1571 s.
211 1545 260 1572 100
276 1546 324 1578 1¹⁰.)

652 1433 783 1464 Orvieto,
804 1435 841 1460 1³¹·
855 1434 1019 1470 septembre
1035 1434 1114 1463 1291.

222 1640 388 1670 Venerabili
404 1641 661 1679 fratriArnaldo,
674 1644 809 1681 episcopo
822 1643 1005 1681 Dertusensi,
1021 1643 1184 1675 licentiam

176 1693 320 1724 concedit
341 1694 551 1733 dispensandi
568 1703 641 1725 cum
661 1695 789 1726 clericis
807 1696 1013 1726 Dertusensis
1031 1697 1186 1728 dioecesis

177 1747 233 1786 qui
251 1747 335 1776 infra
353 1756 477 1777 annum
497 1752 564 1786 post
580 1748 797 1787 receptionem
813 1749 962 1779 beneficii
985 1759 1095 1780 curam
1115 1752 1185 1781 ani-

177 1809 303 1830 marum
320 1800 468 1830 habentis
484 1809 517 1830 se
534 1801 573 1830 ad
588 1802 826 1841 presbyteratus
841 1802 989 1833 ordinem
1008 1805 1185 1842 promoveri

177 1862 241 1883 non
260 1857 424 1884 curarunt.

219 1918 232 1932 «
252 1905 401 1936 Exhibita
418 1906 510 1936 nobis
531 1911 620 1938 tua..‘.
641 1925 681 1931 —
699 1908 768 1939 Dat.
795 1910 879 1949 apud
902 1911 1164 1942 Urbemveterem
1177 1915 1185 1950 ,'

176 1959 323 1989 kalendis
342 1960 551 1998 septembris,
572 1970 658 1991 anno
676 1967 798 2000 quarto.
819 1975 832 1989 η

247 2118 366 2147 6048

189 2158 195 2164 .
659 2120 786 2156 Orvieto,
805 2121 836 2149 ι13
853 2123 1016 2157 septembre
1037 2123 1115 2152 1291.

214 2180 397 2216 Dispensatio
409 2190 497 2217 super
508 2182 620 2210 defectu
633 2183 753 2212 ordinis.
768 2184 852 2217 (Rae.
865 2185 907 2217 46,
918 2194 943 2212 0.
958 2187 1030 2218 5112,
1041 2187 1058 2213 f.
1074 2187 1124 2214 100
1136 2191 1188 2221 νῦ.)

226 2284 392 2313 Venerabili
406 2285 535 2320 fratri..
549 2287 680 2324 episcopo
695 2286 869 2317 othoniensi
882 2288 1054 2318 committit
1066 2294 1102 2319 ut
1114 2298 1186 2320 cum

178 2336 279 2372 Erico,
301 2337 449 2374 diacono,
470 2343 589 2369 rectore
606 2340 817 2378 parrochialis
833 2341 984 2372 ecclesiae
998 2343 1106 2373 Sancti
1118 2343 1188 2374 Cle-

177 2389 295 2419 mentis
312 2386 345 2419 in
366 2390 522 2427 Stonlosa‚
540 2391 750 2423 Othoniensis
766 2393 932 2432 dioecesis,
949 2396 1007 2434 qui
1028 2396 1114 2426 infra
1129 2406 1188 2427 an-

179 2451 256 2472 num
276 2447 344 2482 post
360 2444 573 2482 receptionem
593 2446 735 2484 ejusdem
753 2447 904 2478 ecclesiae
920 2458 953 2479 se
967 2450 1007 2479 ad
1022 2451 1187 2490 presbyte-

178 2499 283 2525 ratum
300 2497 479 2535 promoveri
498 2506 561 2527 non
580 2498 664 2535 fecit,
684 2499 858 2537 dispenset.

221 2560 233 2574 ι
253 2548 368 2578 Petitio
387 2549 493 2579 dilecti
518 2550 618 2581 filii...
644 2568 683 2574 —
703 2552 774 2582 Dat.
801 2554 882 2592 apud
905 2554 1185 2596 Urbemveterem,

179 2601 286 2632 idibus
302 2603 509 2641 septembris,
526 2613 612 2635 anno
627 2610 750 2644 quarto.
773 2618 785 2633 n

249 2760 364 2789 (3047

217 2821 347 2849 Facultas
363 2823 530 2851 absolvendi
546 2834 561 2851 a
577 2827 725 2853 canonicis
740 2829 902 2857 sententiis.
920 2830 1003 2864 (Rae.
1022 2830 1065 2865 46,
1082 2839 1107 2859 e.
1125 2832 1186 2864 5¹⁵2,

177 2870 195 2896 s.
217 2870 264 2896 100
280 2872 331 2903 vo.)

660 2764 790 2797 Orvieto,
813 2767 841 2793 17
857 2768 1020 2802 septembre
1038 2769 1115 2796 1291.

225 2973 393 3003 Venerabili
408 2975 504 3010 fratri
519 2976 663 3014 Jolzrznni,
677 2979 899 3017 arclw‘episcopo
916 2982 1188 3021 Lundensi,Suetie

1266 369 1413 405 primati,
1432 367 1613 398 facultatem
1632 368 1776 398 concedit
1790 367 1976 397 absolvendi
1992 367 2122 399 clericos
2138 372 2168 398 et
2183 368 2278 400 laicos

1270 420 1451 450 Lundensis
1474 420 1628 450 dioecesis
1652 421 1691 450 ab
1714 421 2083 451 excommunicationum
2113 422 2278 453 sententiis

1269 482 1348 512 quas
1365 482 1419 512 pro
1438 473 1576 503 violenta
1592 473 1765 511 injectione
1781 482 1937 503 manuum
1961 474 1995 503 in
2013 473 2146 505 clericos
2169 475 2278 506 incur-

1269 531 1380 556 rerunt
1395 531 1424 556 et
1438 526 1647 565 dispensandi
1662 535 1735 556 cum
1749 525 1874 556 clericis
1887 535 1983 565 snper
1998 527 2235 565 irregularitate
2250 528 2279 558 si

1269 588 1365 618 quam
1381 580 1425 609 sic
1442 579 1530 617 ligati
1546 580 1774 610 contraxerint.

1309 645 1323 659 «
1340 633 1408 662 Tua
1421 633 1512 663 nobis
1526 632 1746 663 fraternitas...
1761 649 1797 655 —
1815 633 1884 664 Dat.
1900 633 1984 671 apud
1999 634 2277 673 Urbemveterem,

1268 695 1308 715 xv
1324 685 1478 716 kalendas
1496 685 1650 724 octobris,
1670 695 1756 717 anno
1771 691 1895 726 quarto.
1915 699 1927 713 ι

1340 884 1459 913 6048

1306 947 1440 975 Facultas
1454 947 1620 975 absolvendi
1636 956 1652 974 a
1667 948 1816 974 canonicis
1831 948 1994 975 sententiis.
2012 948 2093 981 (Res⁴
2113 949 2156 980 46,
2168 957 2195 977 c.
2207 949 2282 985 5¹2²,

1269 997 1288 1024 f.
1309 997 1359 1024 100
1375 999 1426 1028 v0.)

1752 884 1885 914 Orvieto.
1904 885 1934 911 17
1951 886 2115 921 septembre
2131 886 2210 914 ¹29¹.

1310 1115 1413 1143 Eidem
1431 1113 1613 1144 facultatem
1630 1114 1776 1144 concedit
1792 1113 2000 1153 dispensandi
2016 1122 2090 1143 cum
2108 1113 2232 1144 clericis
2245 1113 2281 1144 in

1271 1167 1452 1197 minoribus
1469 1167 1637 1197 ordinibus
1651 1167 1835 1197 constitutis
1854 1166 2038 1196 Lundensis
2055 1166 2211 1208 dioecesis
2227 1175 2283 1197 su-

1271 1228 1326 1258 per
1349 1219 1584 1257 irregularitate
1603 1229 1701 1258 quam
1722 1219 2064 1250 excommunicationis
2085 1219 2214 1250 vinculo
2230 1227 2282 1250 as-

1271 1272 1357 1302 tricti
1372 1272 1600 1303 contraxerint.

1312 1338 1326 1353 «
1344 1326 1411 1356 Tua
1426 1326 1518 1357 nobis
1535 1326 1754 1357 fraternitas...
1773 1343 1810 1347 —
1828 1326 1900 1356 Dat.
1919 1330 1953 1356 ut
1969 1334 2076 1365 supra.
2096 1338 2109 1353 ι

1342 1526 1459 1555 (3041)

1306 1589 1349 1615 De
1366 1588 1602 1624 possessionibus
1618 1588 1757 1615 ecclesiae
1778 1587 1942 1614 Lundensis
1956 1587 2180 1616 commutandis,
2196 1587 2281 1622 (Rau.

1270 1638 1318 1670 46,
1335 1646 1361 1664 c.
1379 1638 1450 1669 512³,
1468 1637 1487 1664 f.
1507 1637 1555 1664 100
1573 1638 1626 1670 νο.)

1757 1525 1884 1558 Orvieto‚
1903 1526 1935 1552 17
1950 1525 2116 1561 septembre
2132 1525 2210 1553 1291.

1316 1755 1483 1784 Venerabili
1501 1755 1598 1791 fratri
1616 1776 1636 1783 ..
1656 1754 1788 1792 episcopo
1809 1748 2008 1783 Roslcildensi'
2023 1757 2049 1782 et
2070 1753 2188 1783 dilectis
2207 1753 2284 1791 filiis

1273 1832 1292 1839 ..
1312 1809 1413 1838 abbati
1434 1808 1616 1837 monasterii
1639 1807 1673 1836 de
1690 1807 1844 1843 Hervado,
1866 1807 2032 1836 Lundensis
2050 1807 2192 1844 diocesis,
2209 1815 2245 1838 ao
2260 1829 2282 1836 ..

1267 1863 1419 1900 preposito
1433 1862 1549 1891 ecclesie
1561 1861 1727 1890 Lundensis
1742 1859 1875 1890 mandat
1889 1865 1921 1890 ut
1937 1859 2104 1898 inquirant
2119 1859 2158 1890 de
2173 1867 2284 1899 oppor-

1272 1914 1407 1944 tunitate
1434 1913 1597 1953 petitionis
1624 1922 1688 1953 qua
1713 1913 1765 1948 J..
1794 1913 1976 1943 Lundensis
2003 1912 2282 1953 archiepiscopus,

1270 1968 1435 1998 licentiam
1463 1966 1683 1997 commutandi
1709 1966 1863 2006 quasdam
1891 1966 2108 2005 possessiones
2132 1965 2285 1996 ecclesiae

1271 2030 1348 2052 suae
1365 2021 1474 2060 poscit.

1313 2087 1326 2102 α
1345 2075 1388 2105 Ex
1405 2079 1493 2114 parte
1509 2073 1742 2104 venerabilis...
1759 2090 1798 2096 —
1814 2073 1886 2104 Dat.
1907 2077 2060 2112 utsupra.
2081 2085 2094 2100 »

1343 2275 1461 2304 ‹zo-50
1855 2272 1983 2304 Orviet0‚
2002 2273 2033 2300 17
2049 2274 2118 2300 aeut
2134 2263 2213 2300 ¹291.

1308 2337 1493 2373 Dispensatio
1509 2337 1694 2364 matrimonii.
1711 2336 1796 2367 (Rea.
1813 2335 1857 2370 46,
1874 2343 1900 2362 c.
1919 2335 1980 2367 513,
1998 2335 2018 2362 f.
2037 2335 2088 2362 100
2103 2336 2154 2368 νο.)

1318 2452 1485 2483 Venerabili
1506 2454 1603 2490 fratri
1628 2475 1648 2481 ..
1671 2453 1806 2490 episcopo
1826 2451 2040 2488 Heresorclensi
2059 2449 2232 2481 committit
2250 2454 2285 2480 ut

1271 2516 1346 2538 cum
1365 2507 1468 2537 nobili
1485 2507 1555 2537 viro
1573 2507 1698 2544 Rogero
1714 2505 1851 2536 Fascltot
1868 2509 1898 2535 et
1915 2504 2014 2534 nobili
2032 2503 2168 2534 muliere
2183 2503 2286 2535 Cons-

1273 2560 1371 2590 tantia
1387 2559 1547 2590 Willelmi
1561 2560 1600 2590 de
1616 2560 1759 2595 Hevene,
1776 2557 2022 2589 Herefordensis
2038 2557 2204 2594 dioecesis,
2220 2557 2286 2588 dis-

1272 2618 1384 2654 penset
1402 2613 1483 2643 utin
1506 2612 1713 2642 matrimonio
1730 2612 1814 2651 quod
1834 2611 1909 2642 olim
1921 2634 1929 2648 ‚
1948 2611 2134 2649 ignorantes
2150 2609 2285 2649 impedi-

1273 2671 1419 2697 mentum
1433 2675 1514 2703 esse,
1528 2670 1757 2696 contraxerunt
1772 2666 1848 2695 etin
1865 2673 1928 2704 quo
1943 2662 2062 2703 prolem
2078 2667 2288 2703 procrearunt

1272 2730 1440 2751 remanere
1470 2719 1615 2757 valeant,
1644 2728 1830 2758 quanquam
1858 2723 1971 2757 quarto
1996 2716 2287 2756 consanguinitatis

1271 2774 1372 2813 gradu
1389 2774 1551 2813 conjuncti
1570 2776 1644 2803 sunt
1660 2777 1689 2802 et
1705 2772 1862 2812 quaedam
1878 2771 2007 2808 mulier,
2022 2780 2040 2801 a
2057 2770 2197 2809 Rogerio
2211 2774 2287 2801 ante

1272 2831 1471 2857 contractum
1487 2826 1672 2865 hujusmodi
1690 2825 1934 2855 matrimonium
1952 2823 2125 2854 carnaliter
2140 2827 2285 2862 cognom,

1272 2879 1479 2910 Constantiae
1495 2885 1609 2919 quarta
1627 2878 1917 2918 consanguinitatis
1937 2877 2023 2907 linea
2040 2877 2164 2907 attinet.

1315 2944 1328 2959 u
1352 2932 1467 2963 Petilio
1485 2932 1591 2963 dilecti
1614 2932 1709 2962 filii...
1732 2949 1771 2954 —
1795 2931 1866 2961 Dat.
1891 2930 1975 2970 apud
1998 2930 2284 2967 Urbemveterem‚

1272 2995 1323 3015 xvi
1343 2985 1497 3016 kalendas
1516 2985 1720 3026 septembris,
1735 2993 1822 3016 anno
1839 2990 1960 3024 quarto.
1982 2995 1995 3010 »
