2393 3496
17 417 20 429 t

16 483 19 510 l

880 296 1133 342 QUATRIEME
1155 300 1310 335 ΑΝΝΕΕ.

129 374 243 404 6357

95 437 224 464 Facultas
239 434 402 462 conserendi
421 435 566 461 beneficia.
585 435 668 466 (Risu.
687 436 730 468 46,
746 444 771 462 c.
789 435 850 466 632,
869 436 888 462 f.
908 435 955 461 -127
973 439 1023 466 νο.)

332 371 692 406 Salute-Marie-Majeure‚
710 373 725 399 5
739 373 893 399 decembre
912 372 988 398 1291.

100 541 181 576 Eyee,
205 539 336 574 episcopo
365 537 487 571 l'isensi,
514 535 695 566 facultatem
719 536 862 567 concedit
886 536 1061 574 recipiendi

62 596 92 623 et
107 589 242 621 faciendi
265 588 362 626 recipi
385 597 481 618 unam
506 597 672 626 personam
692 591 725 618 in
745 590 934 619 canonicum
954 594 984 618 et
999 589 1062 620 sra-

62 650 140 675 trem
163 643 196 672 in
213 642 339 671 Visensi
358 641 506 678 ecclesia,
527 642 559 670 in
581 651 644 680 qua
664 642 789 672 collatio
808 642 1061 681 praebendarum

61 698 99 729 ad
115 697 218 735 ipsum
234 700 264 724 et
282 694 457 733 capitulum
473 695 690 724 communiter
707 696 852 733 pertinet.

103 763 116 777 «
143 750 241 779 Tuam
272 748 412 778 volentes
441 748 637 778 honorare...
666 765 704 770 ——
735 749 804 778 Dat.
832 749 949 784 Rome,
980 749 1063 787 apud

64 804 210 835 Sanctam
246 801 376 831 Mariam
414 801 586 839 Maj0rem,
621 802 714 831 nouis
747 802 941 838 decembris,
977 810 1063 832 anno

63 860 182 896 quarto.
202 867 216 881 n

131 1027 246 1056 6358

98 1090 139 1117 De
163 1089 305 1116 fructibus
336 1089 520 1123 assignandis
550 1089 682 1123 personis
710 1097 782 1123 quac
811 1089 966 1115 canonicos
992 1088 1065 1114 Nar-

63 1139 176 1166 nienses
192 1138 218 1164 in
236 1138 341 1164 «livinis
356 1137 456 1164 officiis
472 1138 633 1172 suppleant.
651 1137 734 1169 (Rae.
747 1137 789 1163 40.
803 1145 827 1163 c.
841 1136 901 1168 633,
915 1138 933 1163 f.
954 1136 1000 1163 ¹2³8
1018 1140 1062 1167 vv.)

320 1026 680 1060 sainte-Marie-Majeure,
700 1027 731 1053 19
747 1026 897 1052 decembre
916 1026 992 1053 1201.

101 1241 218 1270 Dilectis
242 1240 317 1277 filiis
337 1240 469 1277 capitulo
492 1240 658 1268 Narniensi
678 1239 819 1274 mandat,
844 1247 915 1268 cum
935 1238 973 1267 de
996 1247 1064 1266 sex-

63 1293 162 1323 decim
189 1293 350 1322 canonicis
378 1292 529 1322 ecclesiae
562 1292 753 1322 Narniensis
783 1291 983 1321 solummodo
1012 1300 1063 1320 sex

63 1346 237 1383 resideant,
268 1355 285 1376 e
318 1346 433 1387 quibus
463 1345 526 1375 duo
556 1346 742 1374 infirmitate
773 1345 914 1383 corporis
948 1344 1066 1373 divinis

64 1401 215 1430 interesse
231 1404 405 1437 nequeant,
423 1403 457 1428 ut
470 1399 508 1428 de
525 1398 804 1436 extravagantibus
820 1398 974 1427 fructibus
991 1406 1065 1426 con-

63 1461 172 1490 gruam
187 1452 365 1490 portionem
385 1452 531 1490 personis
546 1460 627 1490 quae
643 1451 677 1481 in
698 1451 818 1480 divinis
837 1451 950 1481 officiis
971 1459 1066 1480 cano-

66 1506 208 1536 nicorum
227 1505 407 1535 absentium
425 1506 508 1535 vices
526 1505 693 1544 suppleant
709 1505 866 1542 assignari
885 1505 1012 1534 faciant.

106 1571 120 1586 «
148 1559 192 1588 Ex
221 1563 307 1597 parte
334 1564 474 1588 vestra...
508 1576 545 1580 —-
573 1558 643 1588 Dat.
674 1559 784 1593 Rome,
810 1558 893 1596 apud
918 1558 1066 1587 Sanctam

67 1612 199 1643 Mariam
216 1612 381 1650 Majorem,
398 1621 465 1640 x1111
481 1611 633 1640 kalendas
645 1612 798 1647 ianuarii,
813 1620 899 1640 anno
912 1616 1035 1649 quarto.
1054 1623 1066 1636 n

101 1798 350 1827 8359-(5360
388 1796 736 1831 SninteMmie-iiajeuro,
747 1796 776 1822 ‘31
792 1796 943 1822 decembre
956 1796 1031 1822 1291.

101 1860 217 1887 Collatio
238 1860 369 1886 beneficii
389 1864 417 1885 ot
436 1860 612 1894 dispensatIO
633 1867 721 1893 super
739 1859 898 1893 pluralitate
915 1858 1070 1884 beneficio-

67 1917 138 1935 rum.
155 1908 237 1942 (Rae.
254 1908 297 1938 46.
315 1917 340 1935 c.
357 1908 419 1942 634,
436 1909 454 1935 f.
475 1908 522 1935 128
539 1910 585 1940 1¹⁰.)

104 2012 246 2050 Maqz'stro
262 2012 368 2041 Jacobo
383 2012 534 2040 Jolzamzis
551 2011 705 2047 Gaielani,
725 2015 794 2039 nato
812 2011 923 2039 nobilis
938 2011 1001 2039 viri
1017 2010 1070 2038 Pe-

68 2067 107 2095 tri
120 2066 274 2103 Stephani,
290 2066 366 2094 civis
379 2066 518 2098 Romani,
538 2064 634 2101 nepoti
648 2064 750 2092 dilecti
762 2064 823 2099 filii
840 2063 933 2092 nostri
949 2063 1067 2097 flautei,

66 2118 172 2148 Sancte
195 2119 288 2148 Μανία
317 2119 349 2147 in
378 2118 497 2146 Portica
524 2118 647 2146 diaconi
675 2117 860 2153 cardinalis,
888 2117 1070 2145 subdiacono

67 2177 92 2201 et
112 2172 264 2209 capellano
284 2176 398 2205 nostro,
416 2172 561 2200 canonico
580 2171 758 2199 Belvacensz'.
780 2170 816 2198 Ei
833 2170 1068 2205 canonicatum,

66 2223 118 2262 jus
139 2223 345 2253 canonicatus
365 2228 394 2252 et
418 2221 630 2261 praehendam
657 2222 815 2260 integram
839 2231 902 2252 non
925 2222 1070 2251 sacerdo-

68 2276 161 2306 talem
175 2285 211 2306 ac
222 2280 427 2315 personatum
441 2285 498 2305 sen
509 2275 696 2313 dignitatem
712 2275 759 2305 vel
772 2275 911 2305 officium
925 2276 958 2304 in
974 2275 1069 2304 eccle-

69 2329 116 2359 sia
139 2329 324 2359 Belvacensi
352 2329 519 2365 concedit;
546 2328 771 2367 dispensatque
796 2337 867 2358 cum
894 2337 929 2358 eo
953 2333 986 2357 ut
1012 2328 1071 2358 hoc

35 2379 40 2384 ’
68 2382 260 2413 beneficium
286 2391 351 2412 una
374 2391 446 2412 cum
471 2381 712 2412 canonicatibus
731 2386 760 2411 et
783 2381 970 2420 praebendis
991 2390 1072 2420 quae

68 2435 102 2464 in
119 2435 248 2465 basilica
262 2435 417 2474 principis
431 2434 646 2473 apostolorum
663 2434 700 2464 de
713 2435 812 2471 Urbe,
829 2435 862 2463 in
879 2434 1069 2470 Senonensi,

62 2488 336 2526 Rothomageiisi,
366 2488 552 2523 Parisiensi,
578 2487 807 2524 Laudunensi,
840 2487 1069 2523 Ambianensi,

70 2541 234 2580 Bajocensi
260 2545 289 2571 et
309 2540 567 2570 Autisiodorensi
589 2540 731 2570 ecclesiis
754 2540 907 2578 possidet,
930 2540 1071 2570 ecclesiis

69 2594 176 2625 Sancti
196 2594 328 2624 Martini
344 2598 375 2624 et
393 2594 501 2624 Sancti
525 2593 721 2631 Audomari‚
741 2594 933 2623 Morinensis
950 2595 1071 2624 dioece-

69 2636 122 2684 sis,
140 2651 169 2678 et
186 2648 325 2687 prioratu
345 2656 380 2677 ac
399 2647 588 2677 canonicatu
608 2647 780 2677 saecularis
800 2647 948 2677 ecclesiae
967 2647 1072 2677 Vasti-

68 2700 189 2737 nensis,
204 2700 414 2730 Bituricensis
430 2700 595 2737 dioecesis,
612 2700 750 2730 retinere
765 2701 872 2738 possit.
892 2700 1073 2730 Dummodo

69 2754 291 2784 canonicatum
320 2757 350 2782 et
377 2753 590 2792 praebendam
620 2762 676 2782 sua
705 2754 738 2782 in
764 2753 914 2783 Remensi
941 2753 1074 2784 ecclesia

69 2807 214 2836 dimittat.

84 2851 86 2853 ’
115 2872 127 2887 ι
153 2860 360 2891 Honestatem
388 2868 527 2896 morum,
554 2860 770 2891 litterarum...
798 2877 836 2882 —-
865 2861 935 2892 Dat.
960 2862 1072 2897 Rome,

70 2913 152 2952 apud
168 2913 316 2943 Sanctam
337 2913 475 2943 Mariam
493 2913 645 2952 Majorem
657 2937 664 2950 ,
681 2923 722 2942 xn
738 2913 890 2943 kalendas
912 2914 1071 2952 januarii,

72 2974 156 2996 anno
172 2970 294 3005 quarto.
316 2978 330 2994 n

2088 310 2144 340 853

1183 372 1219 400 ln
1237 380 1262 401 e.
1283 380 1324 400 m.
1346 395 1365 402 ..
1386 372 1493 402 Sancti
1509 373 1664 402 Germani
1679 373 1716 403 de
1733 373 1837 403 Pratis
1853 377 1881 403 et
1894 374 2027 404 Sanctae
2039 375 2145 406 Geno-

1142 423 1229 453 vesae
1249 424 1442 454 Parisiensis
1467 426 1734 455 monasteriorum
1758 426 1926 456 abbatibus
1950 432 1979 456 et
1999 450 2018 456 ..
2039 429 2146 458 arclii-

1142 476 1327 515 presbytero
1359 477 1508 507 ecclesiae
1541 478 1579 507 de
1610 477 1716 515 Colle,
1750 479 1945 509 Vulteranae
1976 480 2145 516 dioecesis,

1142 529 1305 568 capellano
1324 539 1438 568 papae,
1458 531 1586 560 mandat
1607 535 1641 560 ut
1659 531 1834 569 praefatum
1849 531 2005 562 Jacobum
2026 533 2057 561 in
2078 542 2148 562 cor-

1144 582 1282 620 poralem
1301 582 1453 621 praedicti
1470 583 1617 613 beneficii
1635 585 1867 622 possessionem
1883 585 2048 615 inducant.

1215 778 1327 806 6361

1184 840 1366 875 Dispensatio
1378 848 1466 875 super
1477 840 1587 868 defectu
1600 842 1746 869 natalium,
1762 843 1842 875 (Rau.
1857 844 1898 877 4⁴3,
1909 852 1933 871 c.
1944 844 2005 875 6:35,
2015 847 2032 872 f.
2044 846 2090 872 128
2100 847 2149 877 vo.)

1405 779 1765 814 Sainte-Marie-Majeure,
1785 782 1816 808 13
1833 782 1983 808 decembre
2003 782 2075 810 1‘391.

1193 943 1359 971 Venerabili
1370 944 1466 978 fratri
1484 965 1501 971 ..
1521 943 1744 980 Osnaburyenst
1757 946 1901 982 episcopo,
1915 945 1953 974 aa
1968 946 2152 975 instantiam

1148 995 1292 1031 Henrici,
1318 995 1435 1033 prioris
1459 996 1665 1034 provincialis
1688 996 1822 1026 fratrum
1849 997 2078 1028 heremitarum
2099 1008 2152 1029 or-

1146 1048 1231 1078 dinis
1255 1048 1286 1078 S.
1315 1049 1488 1086 Augustini
1511 1049 1544 1078 in
1572 1048 1761 1085 Alamania,
1787 1050 1917 1079 mandat
1940 1056 1973 1080 ut
1992 1061 2063 1081 cnm
2086 1053 2151 1081 Ma-

1143 1101 1240 1132 thaeo
1266 1102 1303 1131 de
1328 1103 1476 1141 Ritperh,
1504 1103 1704 1142 presbytero,
1725 1104 1822 1133 fratre
1850 1105 1993 1142 ejusdem
2018 1105 2151 1138 ordinis,

1147 1156 1408 1194 Osnabnrgensis
1427 1157 1596 1193 dioecesis,
1614 1157 1776 1195 dispenset
1792 1162 1840 1194 ut,
1860 1167 1922 1188 non
1939 1158 2082 1188 obstante
2099 1159 2153 1188 de-

1147 1209 1228 1239 fectu
1261 1209 1414 1239 natalium
1444 1219 1540 1248 quem
1571 1210 1608 1240 de
1636 1210 1820 1249 presbytero
1846 1211 1974 1249 genitus
2002 1217 2031 1241 et
2053 1210 2156 1242 soluta

1150 1264 1281 1301 patitur,
1317 1263 1348 1291 in
1381 1264 1534 1301 susceptis
1565 1263 1731 1293 ordinibus
1762 1264 1946 1294 ministrare
1976 1270 2007 1294 et
2034 1266 2155 1303 priora-

1151 1320 1239 1345 tuum
1257 1316 1519 1346 conventualium
1539 1316 1683 1355 ejusdem
1701 1317 1823 1347 ordinis
1841 1317 2159 1348 administrationem

1148 1377 1312 1398 assumere
1329 1368 1440 1398 valeat.

1192 1434 1204 1447 α
1233 1421 1403 1459 Regularis
1429 1422 1552 1451 ordinis
1580 1422 1849 1461 professoribus...
1878 1441 1915 1445 -
1942 1424 2013 1453 Dat.
2043 1425 2155 1460 Rome,

1150 1475 1232 1513 apud
1248 1475 1396 1504 Sanctam
1411 1476 1543 1505 Mariam
1560 1476 1726 1515 Majorem,
1743 1477 1848 1506 idibus
1865 1477 2055 1513 decembris,
2072 1483 2161 1507 aimo

1151 1533 1273 1566 quarto.
1293 1541 1306 1553 »

1224 1727 1339 1757 6362

1190 1792 1373 1826 Dispensatio
1391 1793 1572 1819 matrimonii.
1591 1792 1673 1826 (Rae.
1691 1793 1733 1823 46,
1751 1801 1776 1820 c.
1794 1793 1854 1826 (535,
1872 1794 1890 1820 f.
1912 1794 1958 1820 128
1976 1795 2027 1828 vo.)

1725 1729 1851 1763 Orvieto,
1872 1730 1901 1757 15
1917 1738 1993 1756 mars
2013 1731 2086 1757 1291.

1199 1908 1366 1937 Venerabili
1378 1910 1474 1944 fratri
1491 1931 1510 1937 ..
1529 1910 1659 1946 episcopo
1677 1910 1839 1938 Mutinensi
1852 1910 2021 1939 committit
2038 1915 2070 1939 nt
2085 1919 2159 1940 cum

1153 1960 1253 1990 nobili
1276 1961 1344 1990 viro
1366 1959 1523 1990 Rollando
1549 1961 1587 1990 de
1608 1961 1733 1990 Varana
1756 1966 1786 1990 et
1806 1962 1925 1997 Maria,
1944 1967 2017 1992 nata
2041 1962 2160 1992 nobilis

1152 2013 1214 2042 viri
1234 2013 1386 2052 Biaqnini
1403 2013 1440 2042 de
1456 2014 1610 2046 Get-zano.
1628 2014 1749 2043 civibus
1767 2014 2014 2049 Mutinensibus,
2034 2015 2160 2054 dispen-

1154 2071 1201 2095 set
1223 2071 1270 2097 nt.
1290 2074 1353 2095 non
1374 2066 1518 2095 obstante
1536 2070 1648 2104 quarto
1673 2067 1963 2104 consanguinitatis
1980 2068 2080 2105 gradu
2096 2077 2159 2107 quo

1153 2118 1315 2157 quondam
1340 2119 1440 2148 Maria
1462 2119 1616 2152 Ardnini,
1647 2119 1731 2157 prior
1755 2119 1904 2149 Rollandi
1935 2129 2025 2152 uxor.
2054 2122 2159 2151 eidem

1154 2172 1273 2201 Mariae
1296 2172 1465 2207 attinebat,
1487 2177 1610 2208 tamen,
1629 2172 1667 2201 ad
1687 2172 1842 2202 sedandas
1868 2173 2056 2204 inimicitias
2076 2175 2160 2204 inter

1153 2224 1409 2262 consanguineos
1425 2229 1557 2261 exortas,
1572 2225 1814 2255 matrimonium
1830 2226 1913 2255 inter
1926 2235 1958 2256 se
1971 2227 2160 2257 contrahere

1154 2277 1289 2306 valeant.

1195 2342 1209 2356 «
1227 2330 1375 2359 Exhibita
1387 2330 1478 2361 nobis
1490 2330 1636 2361 dilecti...
1649 2348 1685 2353 —
1700 2331 1771 2362 Dat.
1785 2332 1869 2371 apud
1885 2332 2157 2368 Urbemveterem,

1154 2383 1260 2412 idibus
1278 2384 1397 2420 martii,
1414 2392 1499 2414 anno
1516 2389 1639 2423 quarto.
1659 2396 1672 2410 »

1226 2580 1343 2608 6363

1191 2641 1322 2669 Facultas
1345 2643 1509 2669 conferendi
1532 2644 1581 2671 uni
1601 2652 1741 2679 personae
1760 2644 1984 2673 tabellionatum.
2007 2646 2089 2679 (Rau.
2107 2646 2159 2677 46.

1155 2699 1180 2716 c.
1197 2691 1258 2725 637,
1276 2691 1295 2717 f⁴
1316 2691 1364 2718 1⁵28
1381 2691 1436 2726 v0.)

1416 2580 1775 2617 Sainte-Marie-MaJ'eure,
1797 2584 1826 2611 19
1842 2583 1994 2610 decembre
2012 2584 2089 2612 1291.

1196 2808 1338 2844 Guidorii,
1358 2807 1489 2845 episcopo
1505 2809 1708 2840 Novz‘omensi.

1197 2873 1210 2886 u
1242 2860 1390 2890 Volentes
1419 2866 1504 2891 tuam
1531 2861 1726 2894 honorare...
1758 2880 1796 2885 —
1824 2864 1894 2893 Dat.
1932 2864 2049 2901 Rome,
2078 2864 2162 2902 apud

1156 2913 1304 2943 Sanctam
1318 2913 1452 2943 Mariam
1470 2914 1639 2953 Majorem,
1656 2925 1722 2945 xnn
1739 2915 1892 2946 kalendas
1904 2917 2058 2955 januarii,
2075 2925 2162 2946 anno

1156 2970 1281 3004 quarto.
1302 2977 1314 2992 ι)
