2393 3496
657 311 910 355 QUATRIEME
933 308 1089 349 ANNnE.
1112 334 1152 340 -
1175 319 1359 349 LETTRES
1382 319 1606 350 caninias.
2121 323 2177 354 903

95 387 277 419 liberatione
291 389 415 421 statuat,
430 384 589 422 discutiat,
607 385 754 423 disponat
770 390 799 415 et
814 386 939 415 ordinet
957 385 1038 424 quod
1057 385 1091 414 in

95 446 156 472 tam
171 439 268 469 arduo
283 437 535 468 Christianitatis
554 438 682 475 negotio
702 438 826 475 publice
845 438 956 467 salutis
972 438 1092 467 utilitas

97 492 271 533 postulabit.
286 491 399 520 Nostre
412 494 552 529 preterea
564 490 735 520 voluntatis
752 491 860 520 existit
877 496 910 520 ut
925 499 989 527 vos,
1003 492 1094 529 juxta

97 547 197 577 datam
215 544 300 574 vobis
318 553 352 573 ex
370 543 433 573 alto
451 543 672 582 prudentiam,
692 548 811 573 vestros
827 544 969 573 subditos
984 544 1023 573 ad
1039 553 1093 582 pa-

96 609 162 630 cem
180 603 209 628 et
226 597 426 627 concordiam
448 596 582 626 sollicite
607 597 814 633 reducentes,
836 598 918 635 ipsos
939 597 976 626 ad
996 598 1093 627 devo-

99 654 212 684 tionem
229 660 263 680 ac
281 651 492 680 reverentiam
508 650 675 680 salvatoris
693 651 791 680 nostri
809 652 993 680 continuam
1010 657 1040 680 et
1055 651 1093 680 ad

96 707 161 746 ejus
178 704 329 744 injuriam
349 703 583 739 ulciscendam,
602 712 638 732 ac
660 705 756 732 etiam
780 704 818 733 ad
837 704 938 742 ipsius
956 705 1090 734 subven-

97 760 212 790 tionem
239 757 356 795 negotii
381 757 415 785 in
449 761 534 786 tanto
561 756 757 786 necessitatis
782 757 916 786 articulo
945 758 1093 794 excitare,

97 813 244 844 inducere
267 819 301 840 ac
325 810 487 839 exhortari
508 809 642 839 sollicite
664 811 856 848 procuretis,·
880 811 969 840 illam
991 811 1024 840 in
1044 811 1094 840 his

98 866 296 904 diligentiam
315 868 344 893 et
363 863 531 893 efficatiam
551 864 726 902 impensuri
745 868 811 893 uta
829 865 984 900 Domino,
1004 865 1095 903 cujus

98 919 258 958 negotium
270 917 386 955 agitur,
399 921 507 946 eterne
519 916 724 946 beatitudinis
733 918 884 956 consequi
898 918 1018 955 premia
1030 926 1094 947 non

96 972 253 1004 immerito
285 970 433 1006 valeatis,
467 978 586 1008 nosque
620 970 754 1008 proinde
784 975 885 1000 vestre
917 971 1094 1001 devotionis

97 1024 374 1066 promptitudinem
394 1023 561 1061 condignis
578 1023 727 1053 laudibus
747 1023 939 1053 attollamus.
964 1024 995 1054 Si
1021 1033 1094 1053 vero

98 1085 134 1117 te,
156 1079 250 1108 frater
271 1077 516 1115 archiepiscope,
539 1077 658 1113 abesse,
682 1076 741 1113 vel,
764 1077 844 1116 quod
871 1078 968 1106 absit!
986 1078 1095 1107 deesse

95 1132 265 1170 contingat,
286 1139 350 1168 vos,
371 1130 431 1159 filii
450 1130 689 1159 Mediolanense
705 1130 891 1168 capitulum,
908 1131 1094 1160 auctoritate

96 1186 165 1217 l'reti
179 1184 359 1224 apostolica,
380 1184 437 1213 hec
455 1183 566 1213 omnia
585 1183 699 1221 exequi
716 1184 899 1222 procuretis.
921 1184 990 1213 Dat.
1010 1184 1092 1223 apud

96 1240 369 1275 Urbemveteiem,
387 1247 426 1267 xv
440 1237 594 1267 kalendas
611 1237 809 1276 septembris,
828 1246 913 1267 anno
934 1244 1057 1276 quarto.
1078 1251 1091 1266 n

134 1294 168 1323 In
185 1301 211 1322 e.
228 1301 271 1321 m.
287 1291 438 1321 scribitur
451 1291 600 1320 omnibus
616 1290 687 1319 aliis
702 1290 959 1330 archiepiscopis,
973 1296 1044 1328 etc„
1059 1301 1094 1322 ac

95 1345 184 1375 etiam
203 1343 390 1383 patriarchis
408 1343 462 1380 (1).

162 1502 411 1532 6293-(3’795

131 1565 171 1592 De
187 1566 291 1591 unione
309 1565 456 1600 hospitalis
471 1563 569 1590 Sancti
585 1563 727 1590 Johaunis
746 1564 972 1592 Jerosolimitan‘t
990 1571 1017 1592 et
1039 1566 1096 1592 mi·-

97 1615 169 1642 litiae
182 1614 292 1649 Templi
308 1613 445 1640 facienda.
458 1613 540 1646 (Rto.
558 1613 602 1644 46,
615 1621 641 1654 c.
654 1613 697 1646 59,
709 1614 728 1639 f.
745 1614 790 1640 177
804 1621 843 1646 r⁰;
860 1614 974 1646 Peru-i„
987 1615 1096 1649 23787.)

669 1500 796 1532 OrvietO,
817 1503 846 1528 18
862 1504 929 1529 aaut
947 1503 1023 1531 1291.

139 1717 305 1747 Venerabili
320 1717 414 1753 fratri
432 1739 451 1746 ..
470 1716 689 1753 archiepiscopo
706 1715 892 1746 Calaritano.
913 1729 925 1743 α
944 1718 1031 1747 Dura
1046 1717 1096 1747 ni-

98 1770 157 1800 mis
167 1775 196 1800 et
207 1778 352 1799 amara...
368 1768 471 1803 Unde,
483 1777 555 1797 cum
568 1768 629 1797 fide
641 1768 811 1805 dignorum
825 1769 941 1807 pandat
952 1771 1093 1808 assertio,

98 1824 175 1863 quin
197 1823 300 1862 potius
325 1822 505 1852 communis
528 1830 585 1851 vox
611 1821 724 1851 habeat
747 1812 831 1861 quod
857 1822 987 1853 dilectos
1016 1824 1097 1854 filios

97 1878 204 1908 fratres
217 1875 380 1915 hospitalis
394 1875 504 1905 Sancti
520 1875 679 1904 Johannis
695 1880 725 1905 et
740 1875 854 1905 militie
869 1876 992 1915 Templi
1007 1877 1097 1907 dero-

97 1930 349 1962 solimitanorum
368 1929 407 1958 ad
431 1929 527 1958 unius
543 1928 667 1958 ordinis
686 1929 840 1959 unitatem
858 1939 912 1959 seu
930 1929 1097 1968 religionis

97 1985 246 2015 unionem
263 1983 447 2013 auctoritate
469 1982 639 2021 apostolica
659 1982 870 2020 reducamus,
891 1987 924 2013 ut
941 1984 1098 2015 sincerius

96 2041 125 2069 et
142 2037 330 2068 uniformius
348 2037 382 2066 in
404 2035 533 2066 vinculo
555 2035 694 2066 caritatis
718 2040 746 2065 et
770 2037 854 2075 pacis
871 2037 1036 2067 tendentes
1058 2038 1097 2068 ad

93 2085 206 2128 unum,
219 2091 373 2121 efficatius
387 2090 506 2128 possint
524 2089 672 2127 prosequi
690 2089 854 2127 negotium
871 2095 1096 2128 memoratum,

95 2153 186 2184 super
207 2152 344 2183 quorum
368 2143 488 2173 unione
510 2142 664 2172 hactenus
689 2142 784 2171 etiam
810 2147 949 2182 tempore
971 2143 1099 2181 Lugdu—

97 2197 202 2228 nensis
219 2197 346 2227 concilii
362 2196 505 2235 spetialis
521 2196 642 2226 mentio
662 2200 692 2225 et
709 2196 834 2226 collatio
851 2196 930 2226 sacta
948 2196 1025 2234 fuit3
1045 2207 1098 2227 vo-

96 2250 200 2281 lumus
215 2255 245 2280 et
263 2259 317 2289 per
330 2249 502 2289 apostolica
520 2249 576 2279 tibi
595 2249 711 2287 scripta
726 2249 917 2279 mandamns
936 2251 1097 2288 quatinus,

97 2311 166 2334 cum
190 2303 398 2341 suffraganeis
423 2303 483 2332 tuis
506 2303 538 2332 in
562 2302 743 2341 provintiali
764 2303 918 2338 concilio,
938 2304 1021 2342 quod
1037 2313 1054 2333 a
1072 2309 1100 2334 te

98 2355 166 2386 fieri
181 2356 340 2393 volumus,
359 2361 452 2395 prout
469 2356 526 2385 tibi
542 2365 597 2395 per
615 2355 694 2385 alias
710 2355 832 2385 litteras
851 2360 973 2386 nostras
989 2357 1098 2395 injun-

97 2409 211 2447 gimus,
228 2409 336 2439 habito
355 2418 449 2448 super
465 2409 523 2439 hoc
542 2408 677 2438 consilio
693 2408 839 2446 diligenti
857 2414 885 2438 et
902 2414 1008 2440 exacta
1026 2420 1099 2440 cum

97 2460 161 2491 iltis
180 2461 408 2492 deliberatione
429 2466 555 2498 secuta,
577 2462 668 2491 nobis
686 2462 771 2500 quod
792 2472 846 2501 per
868 2467 895 2492 te
915 2472 949 2492 ac
972 2463 1099 2493 eosdem

98 2515 312 2553 suffraganeos
326 2515 536 2545 deliberatum
553 2515 696 2545 fueritin
714 2515 774 2545 hac
794 2520 880 2554 parte
900 2516 1009 2554 plene,
1026 2517 1100 2546 fide-

96 2566 176 2605 liter,
189 2568 332 2598 seriatim
349 2572 378 2597 et
395 2577 540 2606 expresse
557 2577 611 2606 per
627 2572 695 2597 tuas
711 2568 832 2597 litteras
850 2568 964 2598 harum
983 2569 1098 2599 seriem

97 2622 293 2652 continentes
315 2626 430 2660 tuoque
451 2621 557 2660 sigillo
575 2621 715 2651 munitas
733 2631 884 2660 procures
905 2623 1100 2661 quamtotius

97 2673 255 2704 intimare.
270 2675 340 2704 Dat.
356 2674 438 2713 apud
456 2675 730 2713 Urbemveterem,
745 2685 785 2704 xv
798 2674 950 2705 kalendas
967 2680 1100 2714 septem-

98 2726 171 2764 bris,
188 2736 273 2758 anno
288 2732 409 2767 quarto.
431 2740 443 2755 n

139 2781 173 2810 ln
197 2790 224 2812 e.
248 2790 292 2811 m.
311 2782 379 2819 regi
401 2781 568 2811 Franciae.
590 2793 603 2808 α
628 2782 716 2811 Dura
737 2782 834 2811 nimis
852 2786 918 2813 et...
937 2782 1099 2812 Excellen-

98 2832 173 2863 tiam
196 2835 316 2873 regiam
337 2843 487 2872 rogamus
511 2839 541 2864 et
563 2834 728 2864 hortamur
743 2835 905 2874 quatinus,
926 2845 1020 2874 super
1041 2835 1100 2865 hoc

127 2952 161 2982 (1)
175 2953 299 2977 Potthast
313 2953 397 2984 (23784
413 2957 439 2977 ct
452 2954 537 2983 237156)
556 2954 713 2977 mentionne
729 2954 768 2977 les
783 2954 877 2977 lettres
893 2961 928 2977 au
947 2954 1035 2984 clerge
1051 2954 1099 2977 des

101 2997 242 3026 provinces
256 2998 289 3021 de
304 2998 406 3027 Tours,
424 2998 457 3021 de
474 2998 646 3028 Cantorbery
662 3001 688 3021 et
704 2998 736 3021 de
755 2998 913 3022 Narbonne.

1175 385 1320 422 diligenti
1336 385 1534 416 discussione
1552 391 1582 416 et
1597 391 1722 417 maturo
1737 386 1871 417 consilio
1890 387 2017 424 habitis,
2035 389 2111 427 quid
2126 390 2180 420 de-

1176 437 1360 467 liberaveris
1386 438 1452 468 fore
1473 439 1645 478 expediens
1671 441 1704 469 in
1730 439 1789 469 hac
1810 445 1896 478 parte
1919 441 2010 470 uobis
2030 451 2085 479 per
2112 447 2179 472 tuas

1176 490 1294 520 litteras
1311 491 1484 521 studiosius
1501 492 1626 522 studeas
1642 493 1802 522 intimare.
1825 505 1838 519 »

1217 544 1254 572 In
1271 553 1296 573 e.
1317 553 1359 573 m.
1378 545 1443 582 regi
1463 545 1610 582 Angliae.

1247 716 1495 744 (sana—(3799

1215 776 1255 802 De
1271 777 1371 804 eodem
1388 780 1512 812 negotio.
1531 779 1613 812 (Hm.
1632 781 1673 811 46,
1687 789 1713 807 o.
1726 781 1770 815 60,
1788 782 1806 807 f.
1821 783 1868 808 177
1887 782 2059 816 1-03Pomi„
2071 783 2181 816 ‘2:3793.)

1759 718 1885 753 Ort-icto,
1903 719 1935 745 ⁵2?
1949 720 2016 746 aout
2032 719 2107 746 1291.

1220 901 1240 908 ..
1262 879 1364 915 priori
1390 881 1549 917 hospitalis
1576 881 1681 910 Sancti
1709 882 1858 911 Iohannis
1882 884 2122 913 ,lerosolimiiani
2148 886 2182 914 cle

1184 931 1310 961 Venetiis
1326 933 1456 962 mandat
1469 939 1503 962 ut
1520 942 1592 963 cnm
1607 934 1673 963 suis
1690 935 1823 964 subditis
1840 936 1874 964 in
1892 937 2078 974 provinciali
2096 939 2179 976 capi-

1179 983 1242 1013 tulo
1261 984 1376 1014 habeat
1393 985 1431 1014 de
1449 986 1569 1016 unione
1587 986 1753 1025 hospitalis
1770 992 1799 1016 et
1817 987 1952 1018 militiae
1971 990 2095 1028 Templi
2111 1000 2183 1020 con-

1177 1037 1287 1066 silium
1304 1043 1333 1067 et
1350 1038 1432 1076 quod
1451 1038 1660 1068 deliberatum
1678 1040 1773 1069 suerit
1790 1040 1979 1079 apostolicae
1995 1042 2062 1071 sedi
2080 1043 2180 1080 signi-

1177 1090 1259 1119 ficet.

1219 1155 1232 1169 a
1251 1143 1339 1172 Dura
1355 1144 1452 1174 nimis
1466 1149 1534 1175 et...
1549 1162 1588 1166 —
1605 1146 1677 1177 Dat.
1694 1147 1777 1185 apud
1796 1147 2068 1184 Urbemveterem,
2086 1148 2184 1177 x1ka-

1177 1195 1287 1225 lendas
1304 1198 1503 1236 septembriS‚
1523 1207 1609 1229 anno
1625 1203 1746 1237 quarto.
1767 1212 1781 1226 »

1218 1249 1255 1278 ln
1272 1259 1299 1279 e.
1318 1259 1360 1279 m.
1382 1251 1532 1281 scribitur
1547 1252 1621 1282 aliis
1638 1253 1797 1291 prioribus
1813 1255 1966 1293 praedicti
1981 1255 2157 1294 hospitalis.

1753 1333 1883 1367 Orvieto,
1904 1335 1933 1362 18
1949 1336 2016 1361 aout
2033 1335 2110 1362 1291.

1219 1392 1254 1421 In
1272 1401 1299 1421 e.
1318 1401 1361 1421 m.
1383 1416 1401 1422 ..
1420 1394 1614 1432 praeceptori
1630 1394 1742 1425 domus
1759 1396 1892 1425 militiae
1909 1397 2032 1436 Templi
2047 1398 2080 1427 iu
2104 1402 2186 1427 terra

1179 1445 1335 1475 Romana.
1355 1447 1425 1475 Dat.
1443 1447 1527 1485 apud
1540 1447 1865 1486 Urbemvete1·em,xv
1880 1450 2034 1480 kalendas
2047 1455 2183 1489 septem-

1178 1498 1256 1534 bris,
1273 1507 1359 1529 anno
1375 1504 1499 1537 quarto.
2004 1495 2008 1501 ’

1220 1552 1258 1581 In
1278 1561 1306 1582 e.
1331 1562 1373 1581 m.
1397 1553 1549 1583 scribitur
1565 1554 1716 1584 omnibus
1732 1554 1804 1584 aliis
1821 1557 2075 1595 praeceptoribus
2092 1566 2182 1596 prae-

1180 1605 1281 1634 dictae
1296 1605 1421 1635 doinus.

1250 1771 1367 1799 (3800

1215 1833 1377 1860 Universos
1388 1834 1494 1861 Christi
1506 1835 1605 1862 fideles
1617 1836 1746 1863 hortatur
1758 1840 1788 1864 ut
1799 1842 1896 1865 votum
1908 1840 2003 1866 crucis
2014 1840 2182 1874 suscipiant.

1181 1881 1264 1916 (Rae.
1282 1882 1325 1914 46,
1341 1891 1366 1909 c.
1383 1883 1427 1918 61,
1444 1883 1463 1910 f.
1482 1884 1530 1911 177
1547 1890 1589 1915 v03
1608 1884 1724 1919 Pomm„
1740 1886 1848 1920 23756.)

1750 1775 1881 1810 Orvieto,
1900 1776 1938 1802 1er
1951 1777 2018 1802 aout
2037 1776 2113 1804 1291.

1224 1985 1377 2014 Universis
1400 1985 1514 2014 Christi
1529 1986 1669 2023 fidelibus
1687 1994 1834 2025 presentes
1854 1989 1970 2018 litteras
1990 1991 2182 2027 inspecturis.

1223 2049 1236 2064 α
1256 2037 1423 2068 Illuminet
1441 2048 1536 2078 super
1552 2048 1645 2070 vos...
1665 2057 1702 2063 —-
1721 2041 1791 2070 Dat.
1809 2042 1893 2080 apud
1910 2042 2182 2081 Urbemveterem,

1181 2091 1328 2121 kalendis
1344 2093 1482 2130 augusti,
1499 2102 1584 2123 anno
1600 2098 1723 2132 quarto.
1743 2107 1756 2121 »

1253 2257 1504 2286 &soi-(3805

1218 2317 1367 2352 Significat
1379 2327 1410 2344 se
1421 2320 1553 2353 generale
1566 2321 1730 2355 passagium
1747 2331 1796 2357 pro
1807 2323 1910 2349 Terrae
1923 2324 2044 2351 Sanctae
2055 2326 2185 2353 subsidio

1183 2366 1210 2392 in
1227 2367 1300 2393 festo
1316 2367 1481 2395 Nativitatis
1497 2369 1571 2396 beati
1586 2369 1727 2397 Johannis
1744 2371 1889 2406 Baptistae
1908 2382 1982 2400 anno
1997 2383 2187 2402 mcccxxxxuw

1182 2416 1336 2445 statuisse.
1352 2416 1451 2450 cisque
1468 2417 1673 2452 praedicandae
1693 2421 1789 2446 crucis
1811 2422 2001 2449 ministerium
2025 2424 2052 2449 in
2073 2423 2186 2451 dioece-

1183 2464 1264 2490 sibus
1279 2465 1341 2490 suis
1358 2465 1519 2493 committit.
1534 2466 1617 2500 (Rae.
1635 2468 1677 2502 46,
1694 2477 1719 2495 c.
1736 2469 1779 2503 6‘2,
1798 2469 1816 2497 f.
1834 2470 1883 2497 177
1900 2473 1951 2504 v0.)

1752 2260 1883 2295 Orvieto,
1901 2261 1938 2287 ier
1952 2263 2020 2288 aodt
2037 2262 2114 2290 1201.

1229 2567 1450 2596 i'enerabilibus
1464 2568 1615 2603 fratribus
1632 2593 1652 2600 ..
1670 2571 1891 2610 archiepiscopo
1914 2574 2050 2603 Remensi
2066 2575 2185 2612 ejusque

1180 2619 1394 2657 suffraganeis.
1791 2660 1794 2661 V

1224 2684 1237 2698 ιι
1255 2672 1351 2701 Terre
1370 2673 1484 2703 Sancte
1500 2674 1757 2708 miserabilem...
1772 2694 1810 2699 —
1826 2679 1895 2708 Dat.
1911 2679 1995 2718 apud
2014 2680 2186 2710 Urbemve-

1184 2730 1300 2763 terem,
1318 2726 1464 2756 kalendis
1480 2729 1617 2766 augusti,
1637 2738 1723 2760 anno
1739 2737 1863 2770 quarto.
1884 2745 1896 2759 n

1222 2780 1260 2809 In
1280 2789 1307 2810 e.
1325 2789 1368 2809 m.
1390 2781 1539 2811 scribitur
1563 2783 1635 2812 aliis
1657 2784 1903 2825 archiepiscopis
1924 2795 2096 2827 eorumque
2120 2788 2186 2818 sus-

1181 2833 1352 2871 fraganeis,
1369 2835 1506 2873 exceptis
1524 2835 1588 2866 illis
1605 2837 1643 2867 de
1659 2837 1767 2867 Sicilia
1784 2839 1837 2878 (1).

1211 2951 1243 2981 (1)
1261 2951 1386 2974 Potthast
1401 2951 1501 2981 (23757,
1515 2952 1600 2983 ἶ23758)
1616 2955 1775 2979 mentionne
1795 2957 1834 2980 les
1854 2957 1948 2981 lettres
1964 2958 1979 2981 a
1999 2959 2186 2990 l'arclievcslue

1183 2995 1216 3019 de
1234 2994 1366 3025 salzburg
1383 2998 1408 3018 et
1423 2995 1437 3018 ἐι
1451 2995 1521 3019 celui
1538 2996 1571 3020 de
1586 2997 1704 3022 Gnesen.
