2393 3496
877 328 1088 360 REGISTRE
1110 328 1326 360 CAMERAL.
2092 332 2149 362 959

125 397 241 426 ’που
646 395 735 431 Rieti,
752 395 786 423 ‘28
799 396 893 430 Jutuet
912 395 989 422 1288.

91 457 269 486 Esculanosa
276 456 447 491 quibusdam
455 457 765 491 condempnationibus
771 456 1016 492 absolvit.(Fol.20
1025 457 1063 492 vo)

96 558 210 590 Dileclis
233 559 304 598 filiis
336 582 355 588 ..
384 560 521 598 potestati,
554 559 665 589 consilio
695 564 720 588 et
745 559 879 588 communi
907 559 1061 589 Esculanis.

60 623 76 640 ι
96 612 139 642 Ex
154 616 242 650 parte
260 616 364 642 vestra
386 613 444 642 fuit
463 614 642 652 expositum
661 621 768 643 coram
788 612 881 642 nobis
897 612 982 651 quod
1000 611 1062 641 du-

57 665 147 703 dum,
173 669 313 704 tempore
336 665 440 695 felicis
456 666 685 696 recordationis
708 666 844 696 Honorii
868 674 947 704 pape
966 665 1063 701 111122,

58 717 287 758 predecessoris
303 719 421 755 nostri,
438 719 523 748 inter
541 741 560 748 ..
581 718 752 757 syndicum
769 718 950 748 communis
969 717 1066 747 vestri

59 770 99 802 ad
112 770 171 801 hoc
192 771 372 810 specialiter
390 772 602 801 constitutum
625 776 655 801 et
670 781 829 801 cameram
846 771 929 801 sedis
945 776 1066 810 aposto-

60 822 131 861 lice,
152 833 247 863 super
264 825 457 864 quibusdam
486 825 832 864 condempnationibus
855 825 1013 855 contentis
1038 828 1068 854 et

61 877 245 921 specificans
268 879 303 908 in
319 878 536 908 instrumento
553 878 739 917 syndicatus
762 878 864 916 ipsius
891 878 1020 916 syndici
1038 882 1068 908 et

61 937 168 965 eontra
190 941 244 962 vos
266 936 296 961 et
322 931 497 961 nonnullas
521 931 675 970 speciales
701 939 850 970 personas
877 931 1013 960 civitatis
1038 935 1068 960 et

59 986 222 1018 districtus
239 989 432 1022 vestrorum,
455 989 582 1024 propter
608 985 751 1014 diversos
773 994 919 1014 excessus
940 994 957 1014 a
979 985 1067 1014 vobis

60 1044 91 1071 et
103 1039 222 1070 eisdem
238 1039 384 1077 personis
400 1038 599 1074 commissos,
616 1047 672 1076 per
687 1037 830 1067 diversos
846 1042 982 1079 rectores
999 1040 1067 1066 An-

58 1093 205 1125 nonitane
223 1092 366 1122 Marchie
381 1093 437 1130 qui
456 1092 586 1121 fuerunt
603 1100 658 1130 pro
677 1095 817 1129 tempore
834 1090 1064 1130 promulgatis,

56 1146 130 1178 'talis
144 1145 314 1176 concordia
324 1145 522 1175 intercessit:
538 1144 777 1183 videlicetquod
788 1153 843 1183 pro
853 1144 1068 1174 satisfactione

60 1208 246 1231 excessuum
263 1203 293 1228 et
314 1198 648 1238 condempnationum
671 1198 859 1235 hujusmodi
885 1203 953 1227 octo
975 1197 1067 1227 milia

57 1251 213 1283 librarum
230 1255 443 1281 ravennatum
464 1251 605 1289 predicte
621 1259 748 1280 camere
763 1250 930 1280 solveretis
941 1274 948 1287 ,
968 1259 1068 1288 quare

43 1304 224 1336 ’humiliter
249 1304 401 1344 petebatis
430 1308 481 1340 ut,
508 1313 582 1334 cum
611 1304 649 1333 de
675 1304 861 1342 hujusmodi
891 1305 1069 1342 quantitate

61 1359 193 1399 pecunie
222 1358 264 1388 sit
289 1367 307 1387 a
332 1357 421 1387 vobis
443 1357 585 1396 predicte
612 1366 738 1387 camere
760 1357 902 1395 plenarie
926 1356 1068 1386 satisfac-

59 1415 127 1443 tum
139 1436 146 1449 ,
162 1411 450 1450 indempnitatibus
467 1411 579 1441 vestris
598 1420 693 1449 super
708 1410 768 1440 hoc
785 1420 953 1449 precavere
969 1411 1068 1439 mise-

21 1465 24 1469 ’
61 1465 226 1497 ricorditer
237 1464 458 1502 dignaremur.
478 1464 544 1494 Nos
562 1464 683 1502 itaque,
701 1464 987 1502 supplicationibus
1000 1472 1069 1493 ves—

63 1519 119 1549 tris
128 1518 162 1547 in
175 1517 235 1548 hac
248 1522 334 1557 parte
346 1517 566 1547 favorabiliter
580 1523 761 1546 annuentes
773 1525 809 1546 ac
820 1517 1070 1546 satisfactionem

62 1571 249 1610 huJ'usmodi
264 1575 463 1609 acceptantes
476 1594 483 1606 ,
500 1570 590 1600 vobis
606 1570 763 1608 predictos
781 1578 928 1599 excessus
946 1560 1070 1608 aposto-

39 1623 124 1655 -1ica
140 1625 326 1654 auctoritate
342 1624 540 1654 remittimus
560 1628 591 1653 et
605 1624 644 1653 ab
665 1623 785 1653 eisdem
807 1623 1070 1661 condempnatio-

57 1676 158 1709 ‘nibus
187 1682 297 1708 contra
326 1686 382 1708 vos
412 1677 579 1707 occasione
607 1677 766 1707 dictorum
799 1685 987 1706 excessuum
1015 1685 1072 1714 per

53 1731 190 1762 'eosdem
209 1735 346 1761 rectores
365 1740 418 1761 seu
437 1730 589 1761 officiales
608 1738 720 1760 eorum
739 1729 977 1769 quomodolibet
997 1738 1070 1768 pro-

56 1785 212 1823 mulgatis
233 1784 371 1814 totaliter
387 1784 582 1815 absolvimus
599 1788 629 1814 et
643 1784 843 1822 quitamus...
862 1783 933 1812 Dat.
953 1783 1050 1813 Reate
1061 1807 1068 1821 ,

62 1848 83 1869 v
97 1837 248 1869 kalendas
264 1839 404 1877 augusti.
427 1850 440 1865 n

131 2039 243 2068 *2101

95 2101 208 2129 Inhibet
228 2111 263 2128 ne
280 2102 402 2137 pluviale
420 2101 497 2136 quod
518 2101 658 2128 ecclesiae
678 2100 840 2128 Esculauae
856 2101 933 2127 dedit
953 2100 1071 2127 alienari

55 2151 162 2188 possit.
180 2150 252 2185 (Ful.
269 2151 300 2177 21
319 2152 367 2184 ro.)

655 2037 743 2071 Rieu,
759 2038 793 2064 ‘28
806 2038 901 2072 juillet
920 2037 999 2064 1288.

102 2253 150 2293 [...
167 2253 310 2292 Escnlan.]
330 2265 342 2279 α
369 2251 582 2282 Precordialis
603 2251 784 2282 dilectionis
806 2252 955 2282 affectum
973 2256 1002 2281 et
1019 2261 1070 2281 ze-

62 2306 130 2337 lum
147 2305 208 2346 [..]
229 2305 420 2336 Esculanam
443 2305 612 2335 ecclesiam
634 2305 672 2335 ab
692 2305 836 2334 ineuntis
857 2306 948 2334 etatis
965 2309 1070 2334 nostre

63 2360 113 2400 {...
129 2360 257 2398 s]tudiis
272 2359 468 2389 continuatis
483 2358 643 2388 benivolis
660 2358 809 2397 prosequi
828 2367 892 2388 non
909 2367 1070 2388 cessamus

63 2413 156 2444 claris
172 2414 218 2453 [...
235 2412 377 2452 ind]iciis
395 2417 425 2443 et
441 2412 544 2451 siguis
563 2412 766 2442 evidentibus
782 2411 910 2450 aperiri,
931 2410 1070 2449 pluviale

57 2466 220 2506 quoddam
236 2466 371 2496 examen
392 2465 453 2505 [...]
473 2465 549 2496 texti
564 2474 619 2505 per
641 2469 741 2495 totum
765 2474 801 2494 ac
828 2465 924 2494 variis
942 2464 1070 2503 ymagi-

63 2519 158 2549 nibus
173 2523 205 2550 et
221 2519 333 2557 figuris
354 2519 557 2557 aliorumque
581 2518 782 2548 diversorum
805 2526 936 2557 operum
953 2517 1070 2556 quibus

62 2571 234 2610 ingenium
273 2572 516 2603 commendatur
548 2572 682 2602 artificis
713 2571 886 2611 multiplici
919 2571 1071 2600 varietate

18 2638 22 2642 ·
62 2623 217 2662 distincti,
227 2625 281 2655 cui
296 2625 408 2664 ntique
420 2625 550 2664 pluviali
564 2625 708 2664 pretiosis
724 2624 906 2662 margaritis
919 2628 1070 2654 ornatum

60 2677 204 2717 amplum
227 2678 427 2708 aurifrisium
451 2682 498 2708 est
521 2687 696 2715 annexum,
714 2687 770 2717 per
791 2677 943 2708 dilectum
966 2677 1068 2707 filium

63 2729 192 2760 fratrem
213 2731 418 2761 Lambertum
442 2731 481 2761 de
507 2731 766 2770 Ripatransonis,
790 2731 911 2761 ordinis
934 2731 1069 2760 fratrum

63 2783 241 2820 minorum,
259 2793 361 2823 nuper
379 2784 485 2814 eidem
503 2783 635 2814 ecclesie
656 2783 806 2814 duximus
822 2783 1067 2819 destinandum,

64 2841 98 2868 ut
114 2836 180 2873 illo,
198 2841 288 2876 prout
306 2842 410 2867 vestra
429 2837 545 2866 viderit
560 2837 672 2867 decere
690 2836 848 2874 dis-cretio,
867 2836 978 2866 diebus
998 2841 1069 2866 uta-

63 2889 146 2920 mini
163 2889 392 2929 sollempnibus
407 2894 438 2920 et
459 2890 593 2920 festivis.
619 2890 663 2920 Ut
682 2894 790 2920 autem
805 2890 906 2929 ipsius
920 2890 1070 2928 pluvialis

63 2951 123 2972 usu
138 2943 309 2982 predictam
326 2951 390 2973 non
412 2943 578 2981 contingat
599 2942 765 2973 ecclesiam
783 2944 992 2982 imposterum
1012 2943 1068 2972 de-

62 2995 219 3033 fraudari,
245 2996 431 3026 auctoritate
455 2996 655 3035 presentium
682 2996 856 3026 districtius
881 2996 1069 3026 iuhibemus

1145 404 1185 424 ne
1208 395 1349 434 pluviale
1367 397 1526 435 prefatum
1543 406 1598 436 pro
1620 398 1732 437 quavis
1753 398 1854 437 ipsius
1869 399 2056 428 necessitate
2071 407 2148 428 ven-

1145 446 1238 477 datur
1266 447 1397 478 ecclesie
1422 448 1472 478 vel
1497 449 1657 488 obligetur
1680 451 1806 488 pignori
1833 454 1889 479 aut
1914 449 2152 489 quomodolibet

1146 500 1381 531 distrahatur...
1394 501 1467 531 Dat.
1482 506 1515 532 ut
1533 511 1638 541 supra.
1658 514 1671 529 »

1219 679 1334 710 '2102
1740 681 1829 714 Rieti,
1847 682 1987 717 ⁴29Jui11et
2003 682 2081 710 1288.

1183 741 1336 768 Notarium
1352 742 1530 769 thesaurario
1550 743 1628 770 sedis
1643 745 1816 778 apostolicae
1834 745 1862 771 in
1883 745 2010 772 Marchia
2024 745 2155 772 Anconi-

1149 795 1214 817 tana
1229 791 1370 818 concedit.
1391 790 1462 825 (Fol.
1480 791 1510 818 ‘21
1528 794 1577 825 το.)

1188 891 1295 922 Dilecto
1324 892 1383 930 filio
1411 893 1498 921 nobili
1532 893 1590 922 viro
1625 894 1742 924 ,Iohanni
1779 895 1810 924 de
1843 895 2002 934 Columpna,
2033 896 2156 925 Marchie

1148 945 1316 974 Anconitane
1333 946 1444 975 rectori.
1466 958 1479 972 κ
1499 945 1580 976 Cum
1598 946 1818 977 thesaurarius
1836 948 2004 986 apostolice
2021 949 2104 978 sedis
2122 949 2158 978 in

1150 999 1354 1028 Anconitana
1376 998 1518 1028 Marchia
1537 1008 1592 1038 pro
1610 1004 1749 1038 tempore
1767 1000 1934 1039 deputatus
1956 1001 2159 1031 tabellionem

1150 1060 1206 1081 seu
1232 1051 1394 1081 notarium
1413 1051 1531 1082 habere
1554 1054 1754 1083 consueverit
1775 1053 1962 1092 specialem,
1981 1063 2103 1093 nosque
2121 1055 2159 1085 de

1150 1105 1306 1144 probitate
1327 1114 1362 1134 ac
1383 1105 1536 1135 fidelitate
1556 1105 1664 1136 dilecti
1684 1106 1744 1136 filii
1765 1107 1981 1138 Bartholomei
1998 1108 2160 1138 Francbo-

1150 1158 1233 1188 coris
1257 1158 1296 1188 de
1323 1159 1473 1196 Pistorio,
1502 1159 1702 1195 tabellionis,
1734 1160 1922 1190 exhibitoris
1950 1161 2159 1199 presentium,

1150 1211 1279 1250 plenam
1295 1212 1328 1240 in
1344 1212 1484 1242 Domino
1498 1212 1649 1242 fiduciam
1668 1213 1853 1250 habeamus,
1868 1214 2025 1243 nobilitati
2041 1218 2092 1244 tue
2108 1223 2163 1253 per

1150 1265 1321 1303 apostolica
1337 1265 1453 1303 scripta
1468 1266 1659 1296 mandamus
1671 1267 1824 1305 quatinus
1840 1267 1979 1296 eundem
1994 1267 2162 1297 Bartholo—

1150 1327 1259 1348 meum
1290 1318 1406 1348 dilecto
1436 1318 1504 1348 filio
1530 1319 1666 1357 Symoui
1698 1320 1917 1356 Boniaccursi,
1949 1320 1987 1349 de
2014 1320 2162 1350 societate

1151 1371 1293 1401 filiorum
1315 1371 1457 1401 Clareuti
1473 1372 1512 1401 de
1529 1372 1684 1409 Pistorio,
1704 1373 1902 1402 thesaurario
1918 1373 2003 1402 sedis
2020 1373 2164 1411 ejusdem

1151 1424 1184 1453 in
1206 1424 1351 1454 marchia
1371 1425 1569 1463 supradicta,
1592 1425 1718 1456 sublato
1737 1426 1932 1456 difficultatis
1951 1427 2090 1465 objectu,
2111 1435 2164 1465 pro

1152 1476 1279 1506 notario
1302 1486 1358 1506 seu
1386 1477 1557 1507 tabellione
1580 1479 1753 1515 concedas,
1779 1479 1900 1508 taciens
1922 1480 2078 1518 assignari
2104 1479 2164 1508 sibi

1152 1534 1221 1560 acta
1242 1535 1272 1559 et
1288 1530 1350 1559 alia
1368 1540 1429 1568 que
1445 1531 1631 1569 hujusmodi
1649 1532 1782 1561 notariis
1800 1542 1854 1561 seu
1874 1532 2098 1562 tabellionibus
2113 1542 2164 1563 as-

1153 1583 1275 1621 signari
1294 1589 1529 1613 consueverunt
1543 1586 1738 1623 temporibus
1750 1586 1950 1616 retroactis...
1966 1586 2035 1615 Dat.
2051 1587 2161 1624 Reate,

1153 1646 1199 1666 1111
1217 1636 1371 1667 kalendas
1388 1638 1526 1675 angusti.
1547 1650 1560 1664 »

1227 1823 1343 1852 '⁷103

1190 1886 1308 1912 Hectori
1324 1886 1469 1912 Mat-chiae
1484 1886 1684 1913 Anconitauae
1699 1888 1815 1914 mandat
1831 1891 1862 1914 ut
1876 1896 1891 1914 a
1913 1888 2007 1922 baJ'ulo
2022 1888 2103 1922 regni
2119 1887 2164 1914 Si-

1153 1935 1234 1961 ciliae
1251 1935 1391 1970 quaedam
1407 1940 1500 1962 eastra
1516 1935 1645 1971 recipiat.
1663 1936 1735 1969 (Fol.
1752 1936 1783 1963 '21
1807 1938 1855 1970 νο.)

1754 1824 1840 1856 Rieu,
1859 1824 1889 1852 31
1902 1825 1997 1859 juillet
2015 1825 2091 1852 1288.

1195 2036 1300 2066 Dilecto
1333 2037 1391 2075 filio
1407 2035 1505 2066 'nobili
1534 2037 1592 2066 viro
1620 2037 1738 2067 ιΙοΙιαηηὶ
1773 2038 1804 2066 de
1841 2037 2008 2076 Columpna,
2043 2038 2163 2068 Marchic

1154 2090 1324 2120 Ant-onitaue
1350 2091 1460 2119 ret-tori.
1489 2103 1502 2117 <x
1529 2090 1611 2120 Cum
1638 2090 1830 2120 venerabilis
1857 2091 1953 2120 frater
1977 2095 2083 2121 noster
2110 2091 2160 2128 G.‚

1154 2144 1321 2183 episcopus
1338 2144 1539 2180 Sabinensis,
1554 2144 1722 2182 apostolice
1735 2144 1819 2173 sedis
1833 2144 1956 2182 legatus
1968 2150 1999 2174 et
2014 2153 2078 2174 una
2090 2153 2163 2174 cum

1155 2197 1269 2227 dilecto
1289 2197 1357 2227 filio
1379 2197 1480 2227 nobili
1496 2197 1563 2227 viro
1583 2198 1641 2234 R„
1659 2197 1772 2227 comite
1794 2198 2016 2234 Atrebateusi‚
2036 2198 2164 2236 bajulus

1153 2252 1245 2289 regni
1268 2251 1379 2281 Sicilie
1404 2261 1458 2290 per
1476 2260 1642 2280 romanam
1665 2251 1829 2281 ecclesiam
1848 2252 2051 2289 constitutus,
2071 2253 2162 2282 Mon-

1154 2305 1292 2339 tiscalvi‚
1311 2305 1403 2334 Sorbi
1426 2309 1455 2334 et
1477 2305 1604 2340 Ceresi,
1626 2305 1705 2334 Pizii
1724 2297 1754 2334 e't
1773 2305 1873 2335 Rocce
1894 2305 1932 2334 ad
1955 2305 2163 2343 Malt‘agetum

1152 2362 1268 2394 castra,
1286 2358 1326 2387 ad
1346 2357 1516 2387 ecclesiam
1535 2357 1710 2396 predictam
1728 2358 1913 2396 spectantia,
1931 2368 1992 2397 que
2010 2358 2164 2388 hactenus

1152 2420 1207 2449 pet·
1222 2410 1374 2441 officiales
1395 2410 1500 2449 regios
1516 2416 1668 2449 occupata
1685 2415 1715 2440 et
1731 2411 1858 2441 detenta
1872 2412 2014 2449 suerunt,
2034 2412 2164 2442 mandet

1152 2464 1278 2494 restitui
1299 2469 1330 2494 et
1352 2464 1511 2502 assignari
1528 2464 1587 2493 tibi
1604 2474 1659 2502 per
1676 2465 1828 2494 nuntium
1845 2465 2015 2503 specialem
2033 2465 2163 2495 nomine

1153 2523 1260 2547 nostro
1283 2522 1312 2546 et
1337 2517 1467 2546 ecclesie
1489 2517 1686 2555 supradicte,
1706 2517 1854 2547 volumus
1873 2523 1902 2546 et
1922 2527 1978 2556 per
1995 2518 2163 2556 apostolica

1155 2571 1210 2600 tibi
1225 2570 1341 2608 scripta
1355 2569 1548 2599 mandamus
1562 2570 1725 2608 quatinus,
1743 2570 1866 2600 sublato
1879 2579 1967 2600 more
1982 2570 2161 2609 dispendio,

1152 2629 1281 2662 gentem
1294 2633 1395 2662 usque
1407 2623 1447 2652 ad
1463 2624 1674 2661 quantitatem
1689 2624 1727 2653 de
1741 2633 1803 2662 qna
1817 2624 1965 2662 expedire
1977 2624 2162 2661 cognoveris

1153 2686 1346 2715 congregare
1367 2685 1529 2715 procures,
1558 2682 1587 2706 te
1609 2677 1650 2706 ad
1674 2681 1778 2715 partes
1801 2677 1874 2707 illas
1893 2687 1958 2707 nna
1974 2687 2046 2707 cum
2069 2681 2163 2715 gente

1152 2731 1221 2770 ipsa
1234 2731 1428 2769 quamtotius
1441 2730 1645 2766 conferendo,
1660 2735 1763 2760 castra
1777 2731 1887 2760 eadem
1902 2731 1942 2760 ab
1956 2731 2066 2761 eodem
2082 2739 2163 2759 nun-

1154 2784 1195 2813 tio
1216 2787 1410 2821 recepturus.
1436 2783 1482 2812 Tu
1509 2791 1582 2813 vero
1604 2783 1659 2812 illa
1679 2788 1845 2822 postquam
1872 2784 1928 2813 tibi
1949 2784 2067 2813 fuerint
2085 2784 2162 2812 assi-

1152 2841 1248 2874 gnata
1266 2835 1452 2865 hominibus
1468 2840 1498 2865 et
1512 2835 1582 2865 aliis
1599 2836 1790 2866 necessariis
1808 2837 1937 2866 munire
1954 2845 2016 2866 non
2034 2836 2161 2865 differas

1153 2894 1246 2928 prout
1270 2889 1366 2919 fuerit
1389 2893 1601 2928 oportunum,
1630 2889 1748 2919 faciens
1775 2889 1918 2919 sedulam
1944 2893 2053 2919 eorum
2080 2889 2162 2919 circa

1153 2942 1329 2972 custodiam
1346 2951 1416 2971 eam
1433 2941 1636 2980 diligentiam
1653 2946 1683 2972 et
1698 2942 1948 2972 sollicitudiuem
1966 2942 2112 2971 adhiberi
2131 2947 2161 2971 ut

1153 2995 1295 3025 dubitari
1314 3004 1376 3026 non
1394 2995 1495 3025 valeat
1511 2995 1717 3034 aliquatenus
1736 2995 1773 3025 de
1793 2995 1922 3024 eisdem.
1941 2995 2034 3030 Quod
2054 2999 2159 3024 autem
