<?xml version="1.0" encoding="UTF-8"?>
<!DOCTYPE html PUBLIC "-//W3C//DTD XHTML 1.0 Transitional//EN"
    "http://www.w3.org/TR/xhtml1/DTD/xhtml1-transitional.dtd">
<html xmlns="http://www.w3.org/1999/xhtml" xml:lang="en" lang="en">
 <head>
  <title>
</title>
<meta http-equiv="Content-Type" content="text/html;charset=utf-8" />
  <meta name='ocr-system' content='tesseract 3.04.00' />
  <meta name='ocr-capabilities' content='ocr_page ocr_carea ocr_par ocr_line ocrx_word'/>
</head>
<body>
  <div class='ocr_page' id='page_1' title='image "./lesregistresdeni02romeuoft_0217.png"; bbox 0 0 2393 3496; ppageno 0'>
   <div class='ocr_carea' id='block_1_1' title="bbox 4 104 18 1152">
    <p class='ocr_par' dir='ltr' id='par_1_1' title="bbox 4 104 18 1152">
     <span class='ocr_line' id='line_1_1' title="bbox 4 104 18 1152; baseline 0 0"><span class='ocrx_word' id='word_1_1' title='bbox 4 104 18 1152; x_wconf 95' lang='lat' dir='ltr'> </span> 
     </span>
    </p>
   </div>
   <div class='ocr_carea' id='block_1_2' title="bbox 623 306 2145 356">
    <p class='ocr_par' dir='ltr' id='par_1_2' title="bbox 623 306 2145 356">
     <span class='ocr_line' id='line_1_2' title="bbox 623 306 2145 356; baseline -0.004 -6"><span class='ocrx_word' id='word_1_2' title='bbox 623 310 876 356; x_wconf 74' lang='lat' dir='ltr'><strong>QUATRIEME</strong></span> <span class='ocrx_word' id='word_1_3' title='bbox 900 306 1055 347; x_wconf 68' lang='lat' dir='ltr'>ANNEE.</span> <span class='ocrx_word' id='word_1_4' title='bbox 1079 333 1118 338; x_wconf 94' lang='lat'><strong>—</strong></span> <span class='ocrx_word' id='word_1_5' title='bbox 1141 316 1325 346; x_wconf 73' lang='lat' dir='ltr'>LETTRns</span> <span class='ocrx_word' id='word_1_6' title='bbox 1348 315 1573 347; x_wconf 56' lang='lat' dir='ltr'>CURIALES„</span> <span class='ocrx_word' id='word_1_7' title='bbox 2091 315 2145 344; x_wconf 72' lang='lat'>891</span> 
     </span>
    </p>
   </div>
   <div class='ocr_carea' id='block_1_3' title="bbox 98 385 1059 424">
    <p class='ocr_par' dir='ltr' id='par_1_3' title="bbox 98 385 1059 424">
     <span class='ocr_line' id='line_1_3' title="bbox 98 385 1059 424; baseline -0.007 -5"><span class='ocrx_word' id='word_1_8' title='bbox 98 403 112 419; x_wconf 89' lang='lat'>«</span> <span class='ocrx_word' id='word_1_9' title='bbox 143 391 232 420; x_wconf 88' lang='lat' dir='ltr'>Inter</span> <span class='ocrx_word' id='word_1_10' title='bbox 263 392 365 418; x_wconf 88' lang='lat' dir='ltr'>cetera</span> <span class='ocrx_word' id='word_1_11' title='bbox 395 387 472 416; x_wconf 89' lang='lat' dir='ltr'>de...</span> <span class='ocrx_word' id='word_1_12' title='bbox 504 403 544 410; x_wconf 89' lang='lat'>—</span> <span class='ocrx_word' id='word_1_13' title='bbox 572 387 643 416; x_wconf 89' lang='lat' dir='ltr'>Dat.</span> <span class='ocrx_word' id='word_1_14' title='bbox 672 385 755 424; x_wconf 82' lang='lat' dir='ltr'>apud</span> <span class='ocrx_word' id='word_1_15' title='bbox 783 385 1059 419; x_wconf 79' lang='lat' dir='ltr'>Urbemveterem,</span> 
     </span>
    </p>
   </div>
   <div class='ocr_carea' id='block_1_4' title="bbox 10 440 682 483">
    <p class='ocr_par' dir='ltr' id='par_1_4' title="bbox 10 440 682 483">
     <span class='ocr_line' id='line_1_4' title="bbox 10 440 682 483; baseline -0.013 -7"><span class='ocrx_word' id='word_1_16' title='bbox 10 476 11 483; x_wconf 55' lang='grc'>,</span> <span class='ocrx_word' id='word_1_17' title='bbox 58 454 103 476; x_wconf 85' lang='lat'>1111</span> <span class='ocrx_word' id='word_1_18' title='bbox 119 442 270 473; x_wconf 77' lang='lat' dir='ltr'>kalendas</span> <span class='ocrx_word' id='word_1_19' title='bbox 285 440 406 479; x_wconf 81' lang='lat' dir='ltr'>apriliS,</span> <span class='ocrx_word' id='word_1_20' title='bbox 423 448 509 469; x_wconf 89' lang='lat' dir='ltr'>anno</span> <span class='ocrx_word' id='word_1_21' title='bbox 525 444 646 478; x_wconf 85' lang='lat' dir='ltr'>quarto.</span> <span class='ocrx_word' id='word_1_22' title='bbox 669 451 682 466; x_wconf 68' lang='grc' dir='ltr'>ιι</span> 
     </span>
    </p>
   </div>
   <div class='ocr_carea' id='block_1_5' title="bbox 60 490 1064 854">
    <p class='ocr_par' dir='ltr' id='par_1_5' title="bbox 60 490 1063 644">
     <span class='ocr_line' id='line_1_5' title="bbox 97 490 1063 529; baseline -0.008 -3"><span class='ocrx_word' id='word_1_23' title='bbox 97 498 136 528; x_wconf 90' lang='lat' dir='ltr'>In</span> <span class='ocrx_word' id='word_1_24' title='bbox 152 505 179 525; x_wconf 88' lang='lat' dir='ltr'>e.</span> <span class='ocrx_word' id='word_1_25' title='bbox 193 504 236 524; x_wconf 93' lang='lat' dir='ltr'>m.</span> <span class='ocrx_word' id='word_1_26' title='bbox 257 516 277 524; x_wconf 88' lang='lat'>..</span> <span class='ocrx_word' id='word_1_27' title='bbox 295 493 517 523; x_wconf 86' lang='lat' dir='ltr'>Wintoniensi</span> <span class='ocrx_word' id='word_1_28' title='bbox 531 497 561 522; x_wconf 86' lang='lat' dir='ltr'>et.</span> <span class='ocrx_word' id='word_1_29' title='bbox 574 491 790 522; x_wconf 89' lang='lat' dir='ltr'>Lincolniensi</span> <span class='ocrx_word' id='word_1_30' title='bbox 805 490 959 529; x_wconf 89' lang='lat' dir='ltr'>episcopis</span> <span class='ocrx_word' id='word_1_31' title='bbox 973 497 1063 518; x_wconf 85' lang='lat' dir='ltr'>man-</span> 
     </span>
     <span class='ocr_line' id='line_1_6' title="bbox 60 542 1062 582; baseline -0.01 -1"><span class='ocrx_word' id='word_1_32' title='bbox 60 552 110 582; x_wconf 89' lang='lat' dir='ltr'>dat</span> <span class='ocrx_word' id='word_1_33' title='bbox 125 553 160 579; x_wconf 88' lang='lat' dir='ltr'>ut</span> <span class='ocrx_word' id='word_1_34' title='bbox 172 548 298 579; x_wconf 87' lang='lat' dir='ltr'>easdem</span> <span class='ocrx_word' id='word_1_35' title='bbox 314 546 523 577; x_wconf 74' lang='lat' dir='ltr'>obventiones</span> <span class='ocrx_word' id='word_1_36' title='bbox 537 547 569 575; x_wconf 91' lang='lat' dir='ltr'>in</span> <span class='ocrx_word' id='word_1_37' title='bbox 586 544 810 575; x_wconf 82' lang='lat' dir='ltr'>Cantuariensi</span> <span class='ocrx_word' id='word_1_38' title='bbox 825 547 854 573; x_wconf 85' lang='lat' dir='ltr'>et</span> <span class='ocrx_word' id='word_1_39' title='bbox 872 542 1062 573; x_wconf 86' lang='lat' dir='ltr'>Eboracensi</span> 
     </span>
     <span class='ocr_line' id='line_1_7' title="bbox 61 597 814 644; baseline -0.008 -12"><span class='ocrx_word' id='word_1_40' title='bbox 61 601 224 644; x_wconf 77' lang='lat' dir='ltr'>provintiis</span> <span class='ocrx_word' id='word_1_41' title='bbox 243 600 309 638; x_wconf 85' lang='lat' dir='ltr'>regi</span> <span class='ocrx_word' id='word_1_42' title='bbox 325 600 500 637; x_wconf 81' lang='lat' dir='ltr'>assignent.</span> <span class='ocrx_word' id='word_1_43' title='bbox 519 599 670 637; x_wconf 57' lang='lat' dir='ltr'>(Pomm,</span> <span class='ocrx_word' id='word_1_44' title='bbox 691 597 814 634; x_wconf 65' lang='lat'>23632.)</span> 
     </span>
    </p>

    <p class='ocr_par' dir='ltr' id='par_1_6' title="bbox 61 647 1064 854">
     <span class='ocr_line' id='line_1_8' title="bbox 99 647 1063 694; baseline -0.008 -10"><span class='ocrx_word' id='word_1_45' title='bbox 99 656 137 685; x_wconf 88' lang='lat' dir='ltr'>In</span> <span class='ocrx_word' id='word_1_46' title='bbox 161 663 189 684; x_wconf 92' lang='lat' dir='ltr'>e.</span> <span class='ocrx_word' id='word_1_47' title='bbox 211 662 262 694; x_wconf 62' lang='lat' dir='ltr'>m.⁴</span> <span class='ocrx_word' id='word_1_48' title='bbox 283 676 302 681; x_wconf 94' lang='lat'>..</span> <span class='ocrx_word' id='word_1_49' title='bbox 325 652 470 690; x_wconf 87' lang='lat' dir='ltr'>episcopo</span> <span class='ocrx_word' id='word_1_50' title='bbox 493 651 652 680; x_wconf 88' lang='lat' dir='ltr'>Middensi</span> <span class='ocrx_word' id='word_1_51' title='bbox 676 654 707 679; x_wconf 89' lang='lat' dir='ltr'>et</span> <span class='ocrx_word' id='word_1_52' title='bbox 728 672 747 679; x_wconf 90' lang='lat'>..</span> <span class='ocrx_word' id='word_1_53' title='bbox 774 649 894 678; x_wconf 88' lang='lat' dir='ltr'>decano</span> <span class='ocrx_word' id='word_1_54' title='bbox 912 647 1063 677; x_wconf 80' lang='lat' dir='ltr'>ecclesiae</span> 
     </span>
     <span class='ocr_line' id='line_1_9' title="bbox 63 702 1062 740; baseline -0.01 -1"><span class='ocrx_word' id='word_1_55' title='bbox 63 706 271 740; x_wconf 88' lang='lat' dir='ltr'>Dublinensis</span> <span class='ocrx_word' id='word_1_56' title='bbox 299 704 429 734; x_wconf 87' lang='lat' dir='ltr'>mandat</span> <span class='ocrx_word' id='word_1_57' title='bbox 454 709 489 734; x_wconf 90' lang='lat' dir='ltr'>ut</span> <span class='ocrx_word' id='word_1_58' title='bbox 510 704 635 733; x_wconf 86' lang='lat' dir='ltr'>easdem</span> <span class='ocrx_word' id='word_1_59' title='bbox 659 703 865 733; x_wconf 72' lang='lat' dir='ltr'>obventiones</span> <span class='ocrx_word' id='word_1_60' title='bbox 892 702 925 730; x_wconf 92' lang='lat' dir='ltr'>in</span> <span class='ocrx_word' id='word_1_61' title='bbox 946 702 1062 730; x_wconf 84' lang='lat' dir='ltr'>Arma-</span> 
     </span>
     <span class='ocr_line' id='line_1_10' title="bbox 61 754 1064 797; baseline -0.01 -5"><span class='ocrx_word' id='word_1_62' title='bbox 61 763 178 797; x_wconf 86' lang='lat' dir='ltr'>chana‚</span> <span class='ocrx_word' id='word_1_63' title='bbox 201 759 406 794; x_wconf 83' lang='lat' dir='ltr'>Dublinensi,</span> <span class='ocrx_word' id='word_1_64' title='bbox 432 757 622 787; x_wconf 82' lang='lat' dir='ltr'>Cassellensi</span> <span class='ocrx_word' id='word_1_65' title='bbox 646 761 675 785; x_wconf 92' lang='lat' dir='ltr'>et</span> <span class='ocrx_word' id='word_1_66' title='bbox 695 755 868 785; x_wconf 85' lang='lat' dir='ltr'>Tuamensi</span> <span class='ocrx_word' id='word_1_67' title='bbox 895 754 1064 794; x_wconf 76' lang='lat' dir='ltr'>provintiis</span> 
     </span>
     <span class='ocr_line' id='line_1_11' title="bbox 61 813 315 854; baseline -0.024 -8"><span class='ocrx_word' id='word_1_68' title='bbox 61 815 126 854; x_wconf 76' lang='lat' dir='ltr'>regi</span> <span class='ocrx_word' id='word_1_69' title='bbox 141 813 315 851; x_wconf 81' lang='lat' dir='ltr'>assignent.</span> 
     </span>
    </p>
   </div>
   <div class='ocr_carea' id='block_1_6' title="bbox 128 1004 990 1041">
    <p class='ocr_par' dir='ltr' id='par_1_7' title="bbox 128 1004 990 1041">
     <span class='ocr_line' id='line_1_12' title="bbox 128 1004 990 1041; baseline -0.013 0"><span class='ocrx_word' id='word_1_70' title='bbox 128 1011 244 1041; x_wconf 78' lang='grc'><strong>6683</strong></span> <span class='ocrx_word' id='word_1_71' title='bbox 623 1007 750 1040; x_wconf 86' lang='lat' dir='ltr'>Orviet0‚</span> <span class='ocrx_word' id='word_1_72' title='bbox 766 1005 800 1032; x_wconf 75' lang='lat'>‘29</span> <span class='ocrx_word' id='word_1_73' title='bbox 817 1013 894 1031; x_wconf 81' lang='lat' dir='ltr'>mars</span> <span class='ocrx_word' id='word_1_74' title='bbox 912 1004 990 1031; x_wconf 68' lang='lat'>1291.</span> 
     </span>
    </p>
   </div>
   <div class='ocr_carea' id='block_1_7' title="bbox 59 1067 1063 1207">
    <p class='ocr_par' dir='ltr' id='par_1_8' title="bbox 59 1067 1063 1207">
     <span class='ocr_line' id='line_1_13' title="bbox 93 1067 1063 1107; baseline -0.009 -7"><span class='ocrx_word' id='word_1_75' title='bbox 93 1073 257 1101; x_wconf 90' lang='lat' dir='ltr'>Terminum</span> <span class='ocrx_word' id='word_1_76' title='bbox 278 1072 420 1107; x_wconf 82' lang='lat' dir='ltr'>generalis</span> <span class='ocrx_word' id='word_1_77' title='bbox 443 1070 570 1106; x_wconf 76' lang='lat' dir='ltr'>passagii</span> <span class='ocrx_word' id='word_1_78' title='bbox 591 1073 619 1096; x_wconf 84' lang='lat' dir='ltr'>et</span> <span class='ocrx_word' id='word_1_79' title='bbox 640 1069 848 1103; x_wconf 76' lang='lat' dir='ltr'>indulgentias,</span> <span class='ocrx_word' id='word_1_80' title='bbox 866 1067 1063 1094; x_wconf 82' lang='lat' dir='ltr'>immunitates</span> 
     </span>
     <span class='ocr_line' id='line_1_14' title="bbox 60 1116 1062 1158; baseline -0.01 -8"><span class='ocrx_word' id='word_1_81' title='bbox 60 1127 88 1151; x_wconf 81' lang='lat' dir='ltr'>et</span> <span class='ocrx_word' id='word_1_82' title='bbox 101 1122 247 1158; x_wconf 78' lang='lat' dir='ltr'>privilegia</span> <span class='ocrx_word' id='word_1_83' title='bbox 262 1121 472 1155; x_wconf 75' lang='lat' dir='ltr'>crucesignatis</span> <span class='ocrx_word' id='word_1_84' title='bbox 492 1124 519 1146; x_wconf 86' lang='lat' dir='ltr'>et</span> <span class='ocrx_word' id='word_1_85' title='bbox 542 1118 780 1152; x_wconf 79' lang='lat' dir='ltr'>crucesignandis</span> <span class='ocrx_word' id='word_1_86' title='bbox 801 1116 910 1143; x_wconf 88' lang='lat' dir='ltr'>indulta</span> <span class='ocrx_word' id='word_1_87' title='bbox 926 1116 1062 1151; x_wconf 87' lang='lat' dir='ltr'>publicat.</span> 
     </span>
     <span class='ocr_line' id='line_1_15' title="bbox 59 1168 716 1207; baseline -0.009 -7"><span class='ocrx_word' id='word_1_88' title='bbox 59 1173 141 1207; x_wconf 73' lang='lat' dir='ltr'>(Rae.</span> <span class='ocrx_word' id='word_1_89' title='bbox 157 1172 200 1203; x_wconf 81' lang='lat'>46,</span> <span class='ocrx_word' id='word_1_90' title='bbox 219 1179 244 1198; x_wconf 89' lang='lat' dir='ltr'>c.</span> <span class='ocrx_word' id='word_1_91' title='bbox 262 1171 287 1205; x_wconf 82' lang='grc'>8,</span> <span class='ocrx_word' id='word_1_92' title='bbox 305 1171 324 1197; x_wconf 82' lang='lat' dir='ltr'>f.</span> <span class='ocrx_word' id='word_1_93' title='bbox 343 1170 392 1197; x_wconf 88' lang='grc'>160</span> <span class='ocrx_word' id='word_1_94' title='bbox 409 1175 454 1203; x_wconf 72' lang='lat' dir='ltr'>v03</span> <span class='ocrx_word' id='word_1_95' title='bbox 473 1168 589 1201; x_wconf 58' lang='lat' dir='ltr'>Porro„</span> <span class='ocrx_word' id='word_1_96' title='bbox 606 1168 716 1201; x_wconf 73' lang='lat'>‘23609.)</span> 
     </span>
    </p>
   </div>
   <div class='ocr_carea' id='block_1_8' title="bbox 103 1268 1064 1363">
    <p class='ocr_par' dir='ltr' id='par_1_9' title="bbox 103 1268 1064 1363">
     <span class='ocr_line' id='line_1_16' title="bbox 103 1268 1064 1309; baseline -0.005 -6"><span class='ocrx_word' id='word_1_97' title='bbox 103 1274 256 1303; x_wconf 79' lang='lat' dir='ltr'>Universis</span> <span class='ocrx_word' id='word_1_98' title='bbox 275 1273 390 1302; x_wconf 65' lang='lat' dir='ltr'>Christe?</span> <span class='ocrx_word' id='word_1_99' title='bbox 409 1272 547 1309; x_wconf 78' lang='lat' dir='ltr'>fidelibus</span> <span class='ocrx_word' id='word_1_100' title='bbox 562 1275 711 1308; x_wconf 76' lang='lat' dir='ltr'>presentes</span> <span class='ocrx_word' id='word_1_101' title='bbox 731 1270 846 1298; x_wconf 66' lang='lat' dir='ltr'>litteras</span> <span class='ocrx_word' id='word_1_102' title='bbox 873 1268 1064 1305; x_wconf 77' lang='lat' dir='ltr'>inspecturis.</span> 
     </span>
     <span class='ocr_line' id='line_1_17' title="bbox 103 1324 874 1363; baseline -0.008 -8"><span class='ocrx_word' id='word_1_103' title='bbox 103 1339 117 1355; x_wconf 92' lang='lat'>«</span> <span class='ocrx_word' id='word_1_104' title='bbox 136 1326 307 1356; x_wconf 87' lang='lat' dir='ltr'>Illuminet</span> <span class='ocrx_word' id='word_1_105' title='bbox 323 1334 419 1363; x_wconf 83' lang='lat' dir='ltr'>super</span> <span class='ocrx_word' id='word_1_106' title='bbox 434 1333 525 1354; x_wconf 84' lang='lat' dir='ltr'>vos...</span> <span class='ocrx_word' id='word_1_107' title='bbox 541 1341 580 1346; x_wconf 97' lang='lat'>—</span> <span class='ocrx_word' id='word_1_108' title='bbox 595 1324 665 1353; x_wconf 87' lang='lat' dir='ltr'>Dat.</span> <span class='ocrx_word' id='word_1_109' title='bbox 684 1327 840 1360; x_wconf 83' lang='lat' dir='ltr'>utsupra.</span> <span class='ocrx_word' id='word_1_110' title='bbox 862 1333 874 1348; x_wconf 75' lang='lat' dir='ltr'>n</span> 
     </span>
    </p>
   </div>
   <div class='ocr_carea' id='block_1_9' title="bbox 131 1524 381 1553">
    <p class='ocr_par' dir='ltr' id='par_1_10' title="bbox 131 1524 381 1553">
     <span class='ocr_line' id='line_1_18' title="bbox 131 1524 381 1553; baseline -0.004 0"><span class='ocrx_word' id='word_1_111' title='bbox 131 1524 381 1553; x_wconf 69' lang='grc'><strong>6684-6692</strong></span> 
     </span>
    </p>
   </div>
   <div class='ocr_carea' id='block_1_10' title="bbox 63 1582 1067 1667">
    <p class='ocr_par' dir='ltr' id='par_1_11' title="bbox 63 1582 1067 1667">
     <span class='ocr_line' id='line_1_19' title="bbox 96 1582 1066 1620; baseline -0.005 -7"><span class='ocrx_word' id='word_1_112' title='bbox 96 1585 258 1613; x_wconf 83' lang='lat' dir='ltr'>Infradictis</span> <span class='ocrx_word' id='word_1_113' title='bbox 271 1585 403 1620; x_wconf 70' lang='lat' dir='ltr'>personis</span> <span class='ocrx_word' id='word_1_114' title='bbox 413 1583 557 1617; x_wconf 84' lang='lat' dir='ltr'>significat</span> <span class='ocrx_word' id='word_1_115' title='bbox 567 1591 598 1609; x_wconf 90' lang='lat' dir='ltr'>se</span> <span class='ocrx_word' id='word_1_116' title='bbox 609 1583 741 1617; x_wconf 83' lang='lat' dir='ltr'>generale</span> <span class='ocrx_word' id='word_1_117' title='bbox 752 1583 916 1617; x_wconf 73' lang='lat' dir='ltr'>passagium</span> <span class='ocrx_word' id='word_1_118' title='bbox 928 1584 954 1609; x_wconf 95' lang='lat' dir='ltr'>in</span> <span class='ocrx_word' id='word_1_119' title='bbox 962 1582 1066 1608; x_wconf 78' lang='lat' dir='ltr'><strong>Terrae</strong></span> 
     </span>
     <span class='ocr_line' id='line_1_20' title="bbox 63 1632 1067 1667; baseline -0.005 -4"><span class='ocrx_word' id='word_1_120' title='bbox 63 1635 182 1663; x_wconf 82' lang='lat' dir='ltr'><strong>Sanctae</strong></span> <span class='ocrx_word' id='word_1_121' title='bbox 202 1634 365 1661; x_wconf 87' lang='lat' dir='ltr'>subsidium</span> <span class='ocrx_word' id='word_1_122' title='bbox 386 1634 414 1660; x_wconf 89' lang='lat' dir='ltr'>in</span> <span class='ocrx_word' id='word_1_123' title='bbox 430 1634 504 1659; x_wconf 86' lang='lat' dir='ltr'>sesto</span> <span class='ocrx_word' id='word_1_124' title='bbox 520 1632 684 1659; x_wconf 88' lang='lat' dir='ltr'>Nativitatis</span> <span class='ocrx_word' id='word_1_125' title='bbox 705 1633 779 1659; x_wconf 85' lang='lat' dir='ltr'>beati</span> <span class='ocrx_word' id='word_1_126' title='bbox 794 1632 936 1658; x_wconf 87' lang='lat' dir='ltr'>Johannis</span> <span class='ocrx_word' id='word_1_127' title='bbox 953 1632 1067 1667; x_wconf 85' lang='lat' dir='ltr'>Baptis-</span> 
     </span>
    </p>
   </div>
   <div class='ocr_carea' id='block_1_11' title="bbox 630 1521 994 1555">
    <p class='ocr_par' dir='ltr' id='par_1_12' title="bbox 630 1521 994 1555">
     <span class='ocr_line' id='line_1_21' title="bbox 630 1521 994 1555; baseline -0.003 -7"><span class='ocrx_word' id='word_1_128' title='bbox 630 1521 757 1555; x_wconf 65' lang='lat' dir='ltr'>Orvieto,</span> <span class='ocrx_word' id='word_1_129' title='bbox 774 1522 807 1548; x_wconf 67' lang='lat'>29</span> <span class='ocrx_word' id='word_1_130' title='bbox 824 1530 900 1548; x_wconf 83' lang='lat' dir='ltr'>mars</span> <span class='ocrx_word' id='word_1_131' title='bbox 917 1522 994 1548; x_wconf 69' lang='lat'>1291.</span> 
     </span>
    </p>
   </div>
   <div class='ocr_carea' id='block_1_12' title="bbox 62 1681 1067 1814">
    <p class='ocr_par' dir='ltr' id='par_1_13' title="bbox 62 1681 1067 1814">
     <span class='ocr_line' id='line_1_22' title="bbox 62 1681 1067 1718; baseline -0.005 -6"><span class='ocrx_word' id='word_1_132' title='bbox 62 1689 117 1718; x_wconf 82' lang='lat' dir='ltr'>tae,</span> <span class='ocrx_word' id='word_1_133' title='bbox 135 1693 209 1711; x_wconf 89' lang='lat' dir='ltr'>anno</span> <span class='ocrx_word' id='word_1_134' title='bbox 225 1688 450 1716; x_wconf 77' lang='lat' dir='ltr'>M.cc.1.xxxx1n⁰,</span> <span class='ocrx_word' id='word_1_135' title='bbox 468 1683 616 1715; x_wconf 74' lang='lat' dir='ltr'>statuisse,</span> <span class='ocrx_word' id='word_1_136' title='bbox 634 1683 734 1716; x_wconf 82' lang='lat' dir='ltr'>eisque</span> <span class='ocrx_word' id='word_1_137' title='bbox 751 1681 954 1715; x_wconf 75' lang='lat' dir='ltr'>praedicandae</span> <span class='ocrx_word' id='word_1_138' title='bbox 971 1682 1067 1708; x_wconf 88' lang='lat' dir='ltr'>crucis</span> 
     </span>
     <span class='ocr_line' id='line_1_23' title="bbox 64 1730 1065 1767; baseline -0.004 -7"><span class='ocrx_word' id='word_1_139' title='bbox 64 1733 251 1760; x_wconf 81' lang='lat' dir='ltr'>ministerium</span> <span class='ocrx_word' id='word_1_140' title='bbox 269 1733 397 1767; x_wconf 87' lang='lat' dir='ltr'>ipsorum</span> <span class='ocrx_word' id='word_1_141' title='bbox 413 1732 442 1757; x_wconf 84' lang='lat' dir='ltr'>in</span> <span class='ocrx_word' id='word_1_142' title='bbox 458 1731 641 1757; x_wconf 83' lang='lat' dir='ltr'>dioecesibus</span> <span class='ocrx_word' id='word_1_143' title='bbox 656 1731 817 1757; x_wconf 75' lang='lat' dir='ltr'>committit.</span> <span class='ocrx_word' id='word_1_144' title='bbox 837 1730 919 1763; x_wconf 68' lang='lat' dir='ltr'>(Rae.</span> <span class='ocrx_word' id='word_1_145' title='bbox 938 1730 980 1762; x_wconf 81' lang='lat'>46,</span> <span class='ocrx_word' id='word_1_146' title='bbox 997 1738 1022 1756; x_wconf 90' lang='lat' dir='ltr'>c.</span> <span class='ocrx_word' id='word_1_147' title='bbox 1040 1733 1065 1759; x_wconf 69' lang='lat'>9,</span> 
     </span>
     <span class='ocr_line' id='line_1_24' title="bbox 63 1781 216 1814; baseline -0.013 -6"><span class='ocrx_word' id='word_1_148' title='bbox 63 1781 82 1810; x_wconf 79' lang='lat' dir='ltr'>s.</span> <span class='ocrx_word' id='word_1_149' title='bbox 100 1781 145 1808; x_wconf 87' lang='lat'>161</span> <span class='ocrx_word' id='word_1_150' title='bbox 164 1782 216 1814; x_wconf 71' lang='lat' dir='ltr'>vv.)</span> 
     </span>
    </p>
   </div>
   <div class='ocr_carea' id='block_1_13' title="bbox 62 1882 1068 2188">
    <p class='ocr_par' dir='ltr' id='par_1_14' title="bbox 63 1882 1068 1975">
     <span class='ocr_line' id='line_1_25' title="bbox 108 1882 1068 1920; baseline -0.002 -7"><span class='ocrx_word' id='word_1_151' title='bbox 108 1883 328 1913; x_wconf 74' lang='lat' dir='ltr'>Venerabilibus</span> <span class='ocrx_word' id='word_1_152' title='bbox 350 1883 501 1918; x_wconf 74' lang='lat' dir='ltr'>fratribus</span> <span class='ocrx_word' id='word_1_153' title='bbox 518 1904 538 1911; x_wconf 89' lang='lat'>..</span> <span class='ocrx_word' id='word_1_154' title='bbox 558 1882 779 1919; x_wconf 77' lang='lat' dir='ltr'>archiepiscopo</span> <span class='ocrx_word' id='word_1_155' title='bbox 797 1883 974 1912; x_wconf 76' lang='lat' dir='ltr'>Eboracensi</span> <span class='ocrx_word' id='word_1_156' title='bbox 992 1882 1068 1920; x_wconf 79' lang='lat' dir='ltr'>ejus-</span> 
     </span>
     <span class='ocr_line' id='line_1_26' title="bbox 63 1937 342 1975; baseline -0.011 -8"><span class='ocrx_word' id='word_1_157' title='bbox 63 1946 117 1975; x_wconf 81' lang='lat' dir='ltr'>que</span> <span class='ocrx_word' id='word_1_158' title='bbox 128 1937 342 1974; x_wconf 74' lang='lat' dir='ltr'>suffraqaneis.</span> 
     </span>
    </p>

    <p class='ocr_par' dir='ltr' id='par_1_15' title="bbox 103 1988 986 2028">
     <span class='ocr_line' id='line_1_27' title="bbox 103 1988 986 2028; baseline -0.003 -9"><span class='ocrx_word' id='word_1_159' title='bbox 103 2001 116 2017; x_wconf 77' lang='grc' dir='ltr'>α</span> <span class='ocrx_word' id='word_1_160' title='bbox 133 1990 229 2019; x_wconf 85' lang='lat' dir='ltr'>Terre</span> <span class='ocrx_word' id='word_1_161' title='bbox 247 1989 362 2019; x_wconf 83' lang='lat' dir='ltr'>Sancte</span> <span class='ocrx_word' id='word_1_162' title='bbox 377 1988 633 2018; x_wconf 83' lang='lat' dir='ltr'>miserabilem...</span> <span class='ocrx_word' id='word_1_163' title='bbox 650 2004 689 2009; x_wconf 93' lang='lat'>—</span> <span class='ocrx_word' id='word_1_164' title='bbox 705 1989 776 2017; x_wconf 89' lang='lat' dir='ltr'>Dat.</span> <span class='ocrx_word' id='word_1_165' title='bbox 795 1993 828 2018; x_wconf 88' lang='lat' dir='ltr'>nt</span> <span class='ocrx_word' id='word_1_166' title='bbox 844 1998 950 2028; x_wconf 84' lang='lat' dir='ltr'>supra.</span> <span class='ocrx_word' id='word_1_167' title='bbox 972 2001 986 2016; x_wconf 82' lang='lat'>»</span> 
     </span>
    </p>

    <p class='ocr_par' dir='ltr' id='par_1_16' title="bbox 62 2041 1066 2135">
     <span class='ocr_line' id='line_1_28' title="bbox 102 2041 1066 2081; baseline -0.001 -8"><span class='ocrx_word' id='word_1_168' title='bbox 102 2043 141 2073; x_wconf 92' lang='lat' dir='ltr'>In</span> <span class='ocrx_word' id='word_1_169' title='bbox 157 2052 185 2073; x_wconf 87' lang='lat' dir='ltr'>e.</span> <span class='ocrx_word' id='word_1_170' title='bbox 203 2051 247 2072; x_wconf 89' lang='lat' dir='ltr'>m.</span> <span class='ocrx_word' id='word_1_171' title='bbox 273 2065 293 2071; x_wconf 91' lang='lat'>..</span> <span class='ocrx_word' id='word_1_172' title='bbox 311 2041 547 2080; x_wconf 84' lang='lat' dir='ltr'>archiepiscopo</span> <span class='ocrx_word' id='word_1_173' title='bbox 564 2041 787 2071; x_wconf 83' lang='lat' dir='ltr'>Cantuariensi</span> <span class='ocrx_word' id='word_1_174' title='bbox 804 2043 935 2081; x_wconf 81' lang='lat' dir='ltr'>ejusque</span> <span class='ocrx_word' id='word_1_175' title='bbox 952 2043 1066 2073; x_wconf 83' lang='lat' dir='ltr'>suffra-</span> 
     </span>
     <span class='ocr_line' id='line_1_29' title="bbox 62 2092 182 2135; baseline 0 -9"><span class='ocrx_word' id='word_1_176' title='bbox 62 2092 182 2135; x_wconf 82' lang='lat' dir='ltr'>ganeis.</span> 
     </span>
    </p>

    <p class='ocr_par' dir='ltr' id='par_1_17' title="bbox 100 2147 1066 2188">
     <span class='ocr_line' id='line_1_30' title="bbox 100 2147 1066 2188; baseline 0 -9"><span class='ocrx_word' id='word_1_177' title='bbox 100 2150 138 2179; x_wconf 91' lang='lat' dir='ltr'>In</span> <span class='ocrx_word' id='word_1_178' title='bbox 156 2159 183 2180; x_wconf 89' lang='lat' dir='ltr'>e.</span> <span class='ocrx_word' id='word_1_179' title='bbox 203 2158 246 2179; x_wconf 91' lang='lat' dir='ltr'>m.</span> <span class='ocrx_word' id='word_1_180' title='bbox 266 2173 286 2179; x_wconf 93' lang='lat'>..</span> <span class='ocrx_word' id='word_1_181' title='bbox 304 2148 543 2188; x_wconf 85' lang='lat' dir='ltr'>archiepiscopo</span> <span class='ocrx_word' id='word_1_182' title='bbox 566 2147 772 2179; x_wconf 87' lang='lat' dir='ltr'>Armachano</span> <span class='ocrx_word' id='word_1_183' title='bbox 794 2149 929 2188; x_wconf 86' lang='lat' dir='ltr'>ejusque</span> <span class='ocrx_word' id='word_1_184' title='bbox 951 2149 1066 2179; x_wconf 85' lang='lat' dir='ltr'>suffra-</span> 
     </span>
    </p>
   </div>
   <div class='ocr_carea' id='block_1_14' title="bbox 61 2212 1067 2454">
    <p class='ocr_par' dir='ltr' id='par_1_18' title="bbox 61 2212 182 2242">
     <span class='ocr_line' id='line_1_31' title="bbox 61 2212 182 2242; baseline -0.017 -8"><span class='ocrx_word' id='word_1_185' title='bbox 61 2212 182 2242; x_wconf 77' lang='lat' dir='ltr'>ganeis.</span> 
     </span>
    </p>

    <p class='ocr_par' dir='ltr' id='par_1_19' title="bbox 62 2255 1067 2349">
     <span class='ocr_line' id='line_1_32' title="bbox 100 2255 1067 2295; baseline 0.001 -9"><span class='ocrx_word' id='word_1_186' title='bbox 100 2257 138 2286; x_wconf 87' lang='lat' dir='ltr'>In</span> <span class='ocrx_word' id='word_1_187' title='bbox 161 2265 189 2287; x_wconf 90' lang='lat' dir='ltr'>e.</span> <span class='ocrx_word' id='word_1_188' title='bbox 213 2265 256 2286; x_wconf 89' lang='lat' dir='ltr'>m.</span> <span class='ocrx_word' id='word_1_189' title='bbox 284 2278 303 2286; x_wconf 94' lang='lat'>..</span> <span class='ocrx_word' id='word_1_190' title='bbox 332 2255 570 2294; x_wconf 87' lang='lat' dir='ltr'>archiepiscopo</span> <span class='ocrx_word' id='word_1_191' title='bbox 597 2255 772 2285; x_wconf 87' lang='lat' dir='ltr'>Tuamensi</span> <span class='ocrx_word' id='word_1_192' title='bbox 797 2257 930 2295; x_wconf 86' lang='lat' dir='ltr'>ejusque</span> <span class='ocrx_word' id='word_1_193' title='bbox 954 2258 1067 2287; x_wconf 83' lang='lat' dir='ltr'>suffra-</span> 
     </span>
     <span class='ocr_line' id='line_1_33' title="bbox 62 2310 181 2349; baseline 0 -10"><span class='ocrx_word' id='word_1_194' title='bbox 62 2310 181 2349; x_wconf 86' lang='lat' dir='ltr'>ganeis.</span> 
     </span>
    </p>

    <p class='ocr_par' dir='ltr' id='par_1_20' title="bbox 62 2361 1067 2454">
     <span class='ocr_line' id='line_1_34' title="bbox 100 2361 1067 2403; baseline 0.002 -11"><span class='ocrx_word' id='word_1_195' title='bbox 100 2363 138 2392; x_wconf 91' lang='lat' dir='ltr'>In</span> <span class='ocrx_word' id='word_1_196' title='bbox 159 2372 185 2393; x_wconf 90' lang='lat' dir='ltr'>e.</span> <span class='ocrx_word' id='word_1_197' title='bbox 208 2371 252 2392; x_wconf 92' lang='lat' dir='ltr'>m.</span> <span class='ocrx_word' id='word_1_198' title='bbox 274 2385 292 2392; x_wconf 90' lang='lat'>..</span> <span class='ocrx_word' id='word_1_199' title='bbox 315 2362 553 2401; x_wconf 83' lang='lat' dir='ltr'>archiepiscopo</span> <span class='ocrx_word' id='word_1_200' title='bbox 578 2361 772 2393; x_wconf 88' lang='lat' dir='ltr'>Cassellensi</span> <span class='ocrx_word' id='word_1_201' title='bbox 795 2363 928 2403; x_wconf 86' lang='lat' dir='ltr'>ejusque</span> <span class='ocrx_word' id='word_1_202' title='bbox 955 2364 1067 2394; x_wconf 82' lang='lat' dir='ltr'>suffra-</span> 
     </span>
     <span class='ocr_line' id='line_1_35' title="bbox 62 2417 180 2454; baseline -0.008 -8"><span class='ocrx_word' id='word_1_203' title='bbox 62 2417 180 2454; x_wconf 86' lang='lat' dir='ltr'>ganeis.</span> 
     </span>
    </p>
   </div>
   <div class='ocr_carea' id='block_1_15' title="bbox 63 2468 1069 2562">
    <p class='ocr_par' dir='ltr' id='par_1_21' title="bbox 63 2468 1069 2562">
     <span class='ocr_line' id='line_1_36' title="bbox 101 2468 1069 2509; baseline 0.002 -11"><span class='ocrx_word' id='word_1_204' title='bbox 101 2468 138 2498; x_wconf 95' lang='lat' dir='ltr'>In</span> <span class='ocrx_word' id='word_1_205' title='bbox 154 2478 182 2499; x_wconf 91' lang='lat' dir='ltr'>e.</span> <span class='ocrx_word' id='word_1_206' title='bbox 197 2478 240 2499; x_wconf 90' lang='lat' dir='ltr'>m.</span> <span class='ocrx_word' id='word_1_207' title='bbox 255 2493 274 2499; x_wconf 93' lang='lat'>..</span> <span class='ocrx_word' id='word_1_208' title='bbox 291 2469 451 2499; x_wconf 87' lang='lat' dir='ltr'>universis</span> <span class='ocrx_word' id='word_1_209' title='bbox 467 2470 623 2509; x_wconf 88' lang='lat' dir='ltr'>episcopis</span> <span class='ocrx_word' id='word_1_210' title='bbox 636 2479 691 2509; x_wconf 86' lang='lat' dir='ltr'>per</span> <span class='ocrx_word' id='word_1_211' title='bbox 705 2479 843 2508; x_wconf 82' lang='lat' dir='ltr'>regnum</span> <span class='ocrx_word' id='word_1_212' title='bbox 857 2470 981 2501; x_wconf 86' lang='lat' dir='ltr'>Scotiae</span> <span class='ocrx_word' id='word_1_213' title='bbox 997 2479 1069 2500; x_wconf 89' lang='lat' dir='ltr'>con-</span> 
     </span>
     <span class='ocr_line' id='line_1_37' title="bbox 63 2522 570 2562; baseline 0.002 -11"><span class='ocrx_word' id='word_1_214' title='bbox 63 2522 189 2552; x_wconf 79' lang='lat' dir='ltr'>stitutis.</span> <span class='ocrx_word' id='word_1_215' title='bbox 206 2522 356 2561; x_wconf 64' lang='lat' dir='ltr'>(Pei-Tu„</span> <span class='ocrx_word' id='word_1_216' title='bbox 377 2522 501 2562; x_wconf 75' lang='lat'>23608.)</span> <span class='ocrx_word' id='word_1_217' title='bbox 514 2523 570 2562; x_wconf 82' lang='lat'>(1).</span> 
     </span>
    </p>
   </div>
   <div class='ocr_carea' id='block_1_16' title="bbox 629 2603 997 2636">
    <p class='ocr_par' dir='ltr' id='par_1_22' title="bbox 629 2603 997 2636">
     <span class='ocr_line' id='line_1_38' title="bbox 629 2603 997 2636; baseline -0.003 -6"><span class='ocrx_word' id='word_1_218' title='bbox 629 2603 759 2636; x_wconf 85' lang='lat' dir='ltr'>Orvieto,</span> <span class='ocrx_word' id='word_1_219' title='bbox 778 2603 809 2630; x_wconf 86' lang='lat'>18</span> <span class='ocrx_word' id='word_1_220' title='bbox 826 2611 902 2629; x_wconf 89' lang='lat' dir='ltr'>mars</span> <span class='ocrx_word' id='word_1_221' title='bbox 919 2603 997 2630; x_wconf 76' lang='lat'><strong>1291.</strong></span> 
     </span>
    </p>
   </div>
   <div class='ocr_carea' id='block_1_17' title="bbox 63 2662 1069 2915">
    <p class='ocr_par' dir='ltr' id='par_1_23' title="bbox 63 2662 1069 2809">
     <span class='ocr_line' id='line_1_39' title="bbox 102 2662 1069 2703; baseline 0.002 -11"><span class='ocrx_word' id='word_1_222' title='bbox 102 2662 139 2692; x_wconf 92' lang='lat' dir='ltr'>In</span> <span class='ocrx_word' id='word_1_223' title='bbox 156 2671 183 2693; x_wconf 92' lang='lat' dir='ltr'>e.</span> <span class='ocrx_word' id='word_1_224' title='bbox 200 2672 244 2693; x_wconf 86' lang='lat' dir='ltr'>m.</span> <span class='ocrx_word' id='word_1_225' title='bbox 261 2686 281 2693; x_wconf 92' lang='lat'>..</span> <span class='ocrx_word' id='word_1_226' title='bbox 298 2664 396 2702; x_wconf 90' lang='lat' dir='ltr'>priori</span> <span class='ocrx_word' id='word_1_227' title='bbox 412 2664 597 2702; x_wconf 83' lang='lat' dir='ltr'>provinciali</span> <span class='ocrx_word' id='word_1_228' title='bbox 614 2664 746 2694; x_wconf 80' lang='lat' dir='ltr'>fratrum</span> <span class='ocrx_word' id='word_1_229' title='bbox 764 2666 1016 2703; x_wconf 87' lang='lat' dir='ltr'>praedicatorum</span> <span class='ocrx_word' id='word_1_230' title='bbox 1034 2665 1069 2694; x_wconf 89' lang='lat' dir='ltr'>in</span> 
     </span>
     <span class='ocr_line' id='line_1_40' title="bbox 64 2716 1068 2757; baseline 0.002 -11"><span class='ocrx_word' id='word_1_231' title='bbox 64 2716 224 2754; x_wconf 85' lang='lat' dir='ltr'>provincia</span> <span class='ocrx_word' id='word_1_232' title='bbox 242 2717 393 2755; x_wconf 83' lang='lat' dir='ltr'>Angliae.</span> <span class='ocrx_word' id='word_1_233' title='bbox 415 2718 486 2747; x_wconf 89' lang='lat' dir='ltr'>Dat.</span> <span class='ocrx_word' id='word_1_234' title='bbox 506 2718 589 2757; x_wconf 87' lang='lat' dir='ltr'>apud</span> <span class='ocrx_word' id='word_1_235' title='bbox 607 2719 883 2756; x_wconf 82' lang='lat' dir='ltr'>Urbemveterem,</span> <span class='ocrx_word' id='word_1_236' title='bbox 900 2729 939 2748; x_wconf 83' lang='lat' dir='ltr'>xv</span> <span class='ocrx_word' id='word_1_237' title='bbox 958 2719 1068 2748; x_wconf 87' lang='lat' dir='ltr'>kalen-</span> 
     </span>
     <span class='ocr_line' id='line_1_41' title="bbox 63 2767 501 2809; baseline 0.002 -11"><span class='ocrx_word' id='word_1_238' title='bbox 63 2767 118 2799; x_wconf 87' lang='lat' dir='ltr'>das</span> <span class='ocrx_word' id='word_1_239' title='bbox 134 2769 242 2808; x_wconf 87' lang='lat' dir='ltr'>aprilis</span> <span class='ocrx_word' id='word_1_240' title='bbox 253 2793 260 2806; x_wconf 85' lang='lat'><strong>,</strong></span> <span class='ocrx_word' id='word_1_241' title='bbox 277 2779 363 2800; x_wconf 90' lang='lat' dir='ltr'>anno</span> <span class='ocrx_word' id='word_1_242' title='bbox 378 2775 501 2809; x_wconf 84' lang='lat' dir='ltr'>quarto.</span> 
     </span>
    </p>

    <p class='ocr_par' dir='ltr' id='par_1_24' title="bbox 66 2822 1068 2915">
     <span class='ocr_line' id='line_1_42' title="bbox 101 2822 1068 2861; baseline 0.003 -9"><span class='ocrx_word' id='word_1_243' title='bbox 101 2822 140 2851; x_wconf 90' lang='lat' dir='ltr'>In</span> <span class='ocrx_word' id='word_1_244' title='bbox 157 2831 184 2852; x_wconf 88' lang='lat' dir='ltr'>e.</span> <span class='ocrx_word' id='word_1_245' title='bbox 200 2831 244 2852; x_wconf 92' lang='lat' dir='ltr'>m.</span> <span class='ocrx_word' id='word_1_246' title='bbox 267 2846 286 2852; x_wconf 88' lang='lat'>..</span> <span class='ocrx_word' id='word_1_247' title='bbox 308 2823 456 2853; x_wconf 88' lang='lat' dir='ltr'>ministro</span> <span class='ocrx_word' id='word_1_248' title='bbox 481 2823 668 2861; x_wconf 85' lang='lat' dir='ltr'>provinciali</span> <span class='ocrx_word' id='word_1_249' title='bbox 694 2824 828 2854; x_wconf 84' lang='lat' dir='ltr'>fratrum</span> <span class='ocrx_word' id='word_1_250' title='bbox 851 2825 1014 2855; x_wconf 88' lang='lat' dir='ltr'>minorum</span> <span class='ocrx_word' id='word_1_251' title='bbox 1033 2825 1068 2854; x_wconf 92' lang='lat' dir='ltr'>in</span> 
     </span>
     <span class='ocr_line' id='line_1_43' title="bbox 66 2875 656 2915; baseline 0.003 -11"><span class='ocrx_word' id='word_1_252' title='bbox 66 2875 226 2913; x_wconf 87' lang='lat' dir='ltr'>provincia</span> <span class='ocrx_word' id='word_1_253' title='bbox 243 2876 392 2914; x_wconf 81' lang='lat' dir='ltr'>Angliae.</span> <span class='ocrx_word' id='word_1_254' title='bbox 410 2877 480 2906; x_wconf 86' lang='lat' dir='ltr'>Dat.</span> <span class='ocrx_word' id='word_1_255' title='bbox 498 2881 533 2906; x_wconf 86' lang='lat' dir='ltr'>nt</span> <span class='ocrx_word' id='word_1_256' title='bbox 551 2886 656 2915; x_wconf 85' lang='lat' dir='ltr'>supra.</span> 
     </span>
    </p>
   </div>
   <div class='ocr_carea' id='block_1_18' title="bbox 94 2993 646 3024">
    <p class='ocr_par' dir='ltr' id='par_1_25' title="bbox 94 2993 646 3024">
     <span class='ocr_line' id='line_1_44' title="bbox 94 2993 646 3024; baseline 0.004 -7"><span class='ocrx_word' id='word_1_257' title='bbox 94 2993 127 3024; x_wconf 72' lang='lat' dir='ltr'>(f)</span> <span class='ocrx_word' id='word_1_258' title='bbox 144 2993 227 3018; x_wconf 78' lang='lat' dir='ltr'>Datee</span> <span class='ocrx_word' id='word_1_259' title='bbox 243 2994 279 3018; x_wconf 87' lang='lat' dir='ltr'>du</span> <span class='ocrx_word' id='word_1_260' title='bbox 297 2994 325 3018; x_wconf 78' lang='lat'>18</span> <span class='ocrx_word' id='word_1_261' title='bbox 342 3002 412 3018; x_wconf 84' lang='lat' dir='ltr'>mars</span> <span class='ocrx_word' id='word_1_262' title='bbox 429 2995 496 3018; x_wconf 80' lang='lat' dir='ltr'>dans</span> <span class='ocrx_word' id='word_1_263' title='bbox 514 2994 646 3019; x_wconf 84' lang='lat' dir='ltr'>Pottbast.</span> 
     </span>
    </p>
   </div>
   <div class='ocr_carea' id='block_1_19' title="bbox 1144 380 2148 473">
    <p class='ocr_par' dir='ltr' id='par_1_26' title="bbox 1144 380 2148 473">
     <span class='ocr_line' id='line_1_45' title="bbox 1185 380 2148 420; baseline -0.001 -9"><span class='ocrx_word' id='word_1_264' title='bbox 1185 383 1221 411; x_wconf 90' lang='lat' dir='ltr'>In</span> <span class='ocrx_word' id='word_1_265' title='bbox 1243 391 1270 411; x_wconf 90' lang='lat' dir='ltr'>e.</span> <span class='ocrx_word' id='word_1_266' title='bbox 1288 392 1331 411; x_wconf 89' lang='lat' dir='ltr'>m.</span> <span class='ocrx_word' id='word_1_267' title='bbox 1357 405 1377 411; x_wconf 91' lang='lat'>..</span> <span class='ocrx_word' id='word_1_268' title='bbox 1402 382 1550 411; x_wconf 83' lang='lat' dir='ltr'>ministro</span> <span class='ocrx_word' id='word_1_269' title='bbox 1572 380 1762 420; x_wconf 84' lang='lat' dir='ltr'>provinciali</span> <span class='ocrx_word' id='word_1_270' title='bbox 1780 380 1915 410; x_wconf 83' lang='lat' dir='ltr'>fratrum</span> <span class='ocrx_word' id='word_1_271' title='bbox 1934 380 2097 410; x_wconf 88' lang='lat' dir='ltr'>minorum</span> <span class='ocrx_word' id='word_1_272' title='bbox 2114 381 2148 410; x_wconf 88' lang='lat' dir='ltr'>in</span> 
     </span>
     <span class='ocr_line' id='line_1_46' title="bbox 1144 435 1524 473; baseline -0.003 -9"><span class='ocrx_word' id='word_1_273' title='bbox 1144 435 1307 473; x_wconf 86' lang='lat' dir='ltr'>provincia</span> <span class='ocrx_word' id='word_1_274' title='bbox 1329 435 1524 473; x_wconf 68' lang='lat' dir='ltr'>Hyberniae.</span> 
     </span>
    </p>
   </div>
   <div class='ocr_carea' id='block_1_20' title="bbox 1217 633 1461 662">
    <p class='ocr_par' dir='ltr' id='par_1_27' title="bbox 1217 633 1461 662">
     <span class='ocr_line' id='line_1_47' title="bbox 1217 633 1461 662; baseline 0 -1"><span class='ocrx_word' id='word_1_275' title='bbox 1217 633 1461 662; x_wconf 74' lang='grc'><strong>66936695</strong></span> 
     </span>
    </p>
   </div>
   <div class='ocr_carea' id='block_1_21' title="bbox 1146 695 2152 824">
    <p class='ocr_par' dir='ltr' id='par_1_28' title="bbox 1146 695 2152 824">
     <span class='ocr_line' id='line_1_48' title="bbox 1184 695 2152 730; baseline 0 -9"><span class='ocrx_word' id='word_1_276' title='bbox 1184 695 1402 721; x_wconf 79' lang='lat' dir='ltr'>Declarationes</span> <span class='ocrx_word' id='word_1_277' title='bbox 1418 695 1628 722; x_wconf 83' lang='lat' dir='ltr'>dubitationum</span> <span class='ocrx_word' id='word_1_278' title='bbox 1645 704 1717 730; x_wconf 75' lang='lat' dir='ltr'>quae</span> <span class='ocrx_word' id='word_1_279' title='bbox 1735 696 1761 721; x_wconf 93' lang='lat' dir='ltr'>in</span> <span class='ocrx_word' id='word_1_280' title='bbox 1783 696 1892 722; x_wconf 81' lang='lat' dir='ltr'>decima</span> <span class='ocrx_word' id='word_1_281' title='bbox 1908 695 2066 729; x_wconf 86' lang='lat' dir='ltr'>colligenda</span> <span class='ocrx_word' id='word_1_282' title='bbox 2081 695 2152 721; x_wconf 92' lang='lat' dir='ltr'>sub-</span> 
     </span>
     <span class='ocr_line' id='line_1_49' title="bbox 1147 744 2151 778; baseline 0.001 -9"><span class='ocrx_word' id='word_1_283' title='bbox 1147 745 1213 770; x_wconf 82' lang='lat' dir='ltr'>oriri</span> <span class='ocrx_word' id='word_1_284' title='bbox 1238 745 1351 778; x_wconf 84' lang='lat' dir='ltr'>possint</span> <span class='ocrx_word' id='word_1_285' title='bbox 1376 745 1554 770; x_wconf 81' lang='lat' dir='ltr'>transmittit.</span> <span class='ocrx_word' id='word_1_286' title='bbox 1578 745 1661 777; x_wconf 65' lang='lat' dir='ltr'>(Rea.</span> <span class='ocrx_word' id='word_1_287' title='bbox 1689 746 1731 777; x_wconf 75' lang='lat'>46,</span> <span class='ocrx_word' id='word_1_288' title='bbox 1754 754 1779 772; x_wconf 83' lang='lat' dir='ltr'>c.</span> <span class='ocrx_word' id='word_1_289' title='bbox 1802 745 1844 775; x_wconf 80' lang='lat'>10,</span> <span class='ocrx_word' id='word_1_290' title='bbox 1866 745 1885 771; x_wconf 86' lang='lat' dir='ltr'>f.</span> <span class='ocrx_word' id='word_1_291' title='bbox 1905 745 1954 771; x_wconf 68' lang='lat'>162</span> <span class='ocrx_word' id='word_1_292' title='bbox 1972 751 2015 778; x_wconf 71' lang='grc' dir='ltr'>νος</span> <span class='ocrx_word' id='word_1_293' title='bbox 2034 744 2151 774; x_wconf 78' lang='grc' dir='ltr'>ΡοτΤΗ.,</span> 
     </span>
     <span class='ocr_line' id='line_1_50' title="bbox 1146 792 1255 824; baseline 0 -6"><span class='ocrx_word' id='word_1_294' title='bbox 1146 792 1255 824; x_wconf 64' lang='grc' dir='ltr'><strong>ῗ3615.)</strong></span> 
     </span>
    </p>
   </div>
   <div class='ocr_carea' id='block_1_22' title="bbox 1711 632 2078 663">
    <p class='ocr_par' dir='ltr' id='par_1_29' title="bbox 1711 632 2078 663">
     <span class='ocr_line' id='line_1_51' title="bbox 1711 632 2078 663; baseline -0.003 -4"><span class='ocrx_word' id='word_1_295' title='bbox 1711 632 1838 663; x_wconf 85' lang='lat' dir='ltr'>Orvieto,</span> <span class='ocrx_word' id='word_1_296' title='bbox 1859 632 1891 659; x_wconf 85' lang='lat'>18</span> <span class='ocrx_word' id='word_1_297' title='bbox 1907 641 1983 659; x_wconf 88' lang='lat' dir='ltr'>mars</span> <span class='ocrx_word' id='word_1_298' title='bbox 2000 632 2078 659; x_wconf 73' lang='lat'>1291.</span> 
     </span>
    </p>
   </div>
   <div class='ocr_carea' id='block_1_23' title="bbox 1145 894 2155 1244">
    <p class='ocr_par' dir='ltr' id='par_1_30' title="bbox 1145 894 2153 985">
     <span class='ocr_line' id='line_1_52' title="bbox 1191 894 2153 930; baseline 0 -8"><span class='ocrx_word' id='word_1_299' title='bbox 1191 895 1411 922; x_wconf 67' lang='lat' dir='ltr'>Vener-abiciam</span> <span class='ocrx_word' id='word_1_300' title='bbox 1430 895 1582 930; x_wconf 77' lang='lat' dir='ltr'>fratribus</span> <span class='ocrx_word' id='word_1_301' title='bbox 1602 917 1622 924; x_wconf 86' lang='lat'>..</span> <span class='ocrx_word' id='word_1_302' title='bbox 1647 894 1846 923; x_wconf 67' lang='lat' dir='ltr'>wintoniensi</span> <span class='ocrx_word' id='word_1_303' title='bbox 1862 899 1887 923; x_wconf 84' lang='lat' dir='ltr'>et</span> <span class='ocrx_word' id='word_1_304' title='bbox 1909 917 1928 923; x_wconf 94' lang='lat'>..</span> <span class='ocrx_word' id='word_1_305' title='bbox 1949 895 2153 924; x_wconf 74' lang='lat' dir='ltr'>Lt&#39;ncolnc‘ensi</span> 
     </span>
     <span class='ocr_line' id='line_1_53' title="bbox 1145 949 1298 985; baseline 0 -9"><span class='ocrx_word' id='word_1_306' title='bbox 1145 949 1298 985; x_wconf 73' lang='lat' dir='ltr'>episcopis.</span> 
     </span>
    </p>

    <p class='ocr_par' dir='ltr' id='par_1_31' title="bbox 1145 1000 2152 1092">
     <span class='ocr_line' id='line_1_54' title="bbox 1188 1000 2152 1038; baseline 0 -10"><span class='ocrx_word' id='word_1_307' title='bbox 1188 1014 1199 1026; x_wconf 71' lang='lat' dir='ltr'>a</span> <span class='ocrx_word' id='word_1_308' title='bbox 1226 1001 1263 1029; x_wconf 88' lang='lat' dir='ltr'>In</span> <span class='ocrx_word' id='word_1_309' title='bbox 1284 1000 1454 1029; x_wconf 85' lang='lat' dir='ltr'>commissa</span> <span class='ocrx_word' id='word_1_310' title='bbox 1474 1000 1599 1029; x_wconf 87' lang='lat' dir='ltr'>vobis...</span> <span class='ocrx_word' id='word_1_311' title='bbox 1619 1017 1657 1021; x_wconf 90' lang='lat'>—</span> <span class='ocrx_word' id='word_1_312' title='bbox 1680 1000 1741 1029; x_wconf 85' lang='lat' dir='ltr'>Dat</span> <span class='ocrx_word' id='word_1_313' title='bbox 1765 1000 1849 1038; x_wconf 86' lang='lat' dir='ltr'>apud</span> <span class='ocrx_word' id='word_1_314' title='bbox 1870 1001 2131 1030; x_wconf 79' lang='lat' dir='ltr'>Urbemveterem</span> <span class='ocrx_word' id='word_1_315' title='bbox 2145 1024 2152 1036; x_wconf 87' lang='lat'><strong>,</strong></span> 
     </span>
     <span class='ocr_line' id='line_1_55' title="bbox 1145 1053 1773 1092; baseline 0 -10"><span class='ocrx_word' id='word_1_316' title='bbox 1145 1063 1184 1083; x_wconf 84' lang='lat' dir='ltr'>xv</span> <span class='ocrx_word' id='word_1_317' title='bbox 1202 1053 1356 1083; x_wconf 80' lang='lat' dir='ltr'>kalendas</span> <span class='ocrx_word' id='word_1_318' title='bbox 1374 1053 1500 1092; x_wconf 78' lang='lat' dir='ltr'>aprilis,</span> <span class='ocrx_word' id='word_1_319' title='bbox 1516 1062 1601 1083; x_wconf 84' lang='lat' dir='ltr'>anno</span> <span class='ocrx_word' id='word_1_320' title='bbox 1618 1058 1739 1092; x_wconf 85' lang='lat' dir='ltr'>quarto.</span> <span class='ocrx_word' id='word_1_321' title='bbox 1760 1066 1773 1079; x_wconf 77' lang='lat' dir='ltr'>n</span> 
     </span>
    </p>

    <p class='ocr_par' dir='ltr' id='par_1_32' title="bbox 1186 1106 2058 1145">
     <span class='ocr_line' id='line_1_56' title="bbox 1186 1106 2058 1145; baseline -0.001 -9"><span class='ocrx_word' id='word_1_322' title='bbox 1186 1108 1223 1137; x_wconf 91' lang='lat' dir='ltr'>In</span> <span class='ocrx_word' id='word_1_323' title='bbox 1240 1116 1267 1136; x_wconf 88' lang='lat' dir='ltr'>e.</span> <span class='ocrx_word' id='word_1_324' title='bbox 1286 1116 1328 1136; x_wconf 90' lang='lat' dir='ltr'>m.</span> <span class='ocrx_word' id='word_1_325' title='bbox 1349 1130 1368 1136; x_wconf 91' lang='lat'>..</span> <span class='ocrx_word' id='word_1_326' title='bbox 1384 1106 1580 1136; x_wconf 81' lang='lat' dir='ltr'>Carleolensi</span> <span class='ocrx_word' id='word_1_327' title='bbox 1599 1111 1629 1136; x_wconf 85' lang='lat' dir='ltr'>et</span> <span class='ocrx_word' id='word_1_328' title='bbox 1644 1130 1663 1138; x_wconf 89' lang='lat'>..</span> <span class='ocrx_word' id='word_1_329' title='bbox 1681 1107 1878 1136; x_wconf 85' lang='lat' dir='ltr'>Cathanensi</span> <span class='ocrx_word' id='word_1_330' title='bbox 1894 1107 2058 1145; x_wconf 83' lang='lat' dir='ltr'>episcopis.</span> 
     </span>
    </p>

    <p class='ocr_par' dir='ltr' id='par_1_33' title="bbox 1148 1159 2155 1244">
     <span class='ocr_line' id='line_1_57' title="bbox 1189 1159 2155 1198; baseline -0.001 -9"><span class='ocrx_word' id='word_1_331' title='bbox 1189 1162 1223 1189; x_wconf 92' lang='lat' dir='ltr'>ln</span> <span class='ocrx_word' id='word_1_332' title='bbox 1249 1169 1276 1189; x_wconf 88' lang='lat' dir='ltr'>e.</span> <span class='ocrx_word' id='word_1_333' title='bbox 1302 1169 1344 1191; x_wconf 89' lang='lat' dir='ltr'>m.</span> <span class='ocrx_word' id='word_1_334' title='bbox 1370 1182 1389 1189; x_wconf 88' lang='lat'>..</span> <span class='ocrx_word' id='word_1_335' title='bbox 1410 1160 1555 1198; x_wconf 86' lang='lat' dir='ltr'>episcopo</span> <span class='ocrx_word' id='word_1_336' title='bbox 1579 1159 1740 1189; x_wconf 85' lang='lat' dir='ltr'>Middensi</span> <span class='ocrx_word' id='word_1_337' title='bbox 1761 1164 1790 1189; x_wconf 87' lang='lat' dir='ltr'>et</span> <span class='ocrx_word' id='word_1_338' title='bbox 1815 1182 1834 1189; x_wconf 92' lang='lat'>..</span> <span class='ocrx_word' id='word_1_339' title='bbox 1861 1160 1981 1189; x_wconf 87' lang='lat' dir='ltr'>decano</span> <span class='ocrx_word' id='word_1_340' title='bbox 2004 1159 2155 1189; x_wconf 85' lang='lat' dir='ltr'>ecclesiae</span> 
     </span>
     <span class='ocr_line' id='line_1_58' title="bbox 1148 1214 1368 1244; baseline -0.005 0"><span class='ocrx_word' id='word_1_341' title='bbox 1148 1214 1368 1244; x_wconf 88' lang='lat' dir='ltr'>Dubliuensis.</span> 
     </span>
    </p>
   </div>
   <div class='ocr_carea' id='block_1_24' title="bbox 1219 1411 1467 1440">
    <p class='ocr_par' dir='ltr' id='par_1_34' title="bbox 1219 1411 1467 1440">
     <span class='ocr_line' id='line_1_59' title="bbox 1219 1411 1467 1440; baseline -0.004 0"><span class='ocrx_word' id='word_1_342' title='bbox 1219 1411 1467 1440; x_wconf 78' lang='grc'><strong>66966698</strong></span> 
     </span>
    </p>
   </div>
   <div class='ocr_carea' id='block_1_25' title="bbox 1149 1471 2158 1656">
    <p class='ocr_par' dir='ltr' id='par_1_35' title="bbox 1149 1471 2158 1656">
     <span class='ocr_line' id='line_1_60' title="bbox 1185 1471 2155 1505; baseline -0.004 -4"><span class='ocrx_word' id='word_1_343' title='bbox 1185 1474 1227 1501; x_wconf 87' lang='lat' dir='ltr'>De</span> <span class='ocrx_word' id='word_1_344' title='bbox 1239 1475 1405 1500; x_wconf 84' lang='lat' dir='ltr'>collectione</span> <span class='ocrx_word' id='word_1_345' title='bbox 1418 1474 1545 1499; x_wconf 79' lang='lat' dir='ltr'>decimae</span> <span class='ocrx_word' id='word_1_346' title='bbox 1556 1473 1819 1499; x_wconf 84' lang='lat' dir='ltr'>ecclesiasticorum</span> <span class='ocrx_word' id='word_1_347' title='bbox 1832 1472 1994 1498; x_wconf 81' lang='lat' dir='ltr'>reddituum</span> <span class='ocrx_word' id='word_1_348' title='bbox 2006 1471 2155 1505; x_wconf 74' lang='lat' dir='ltr'>Edwardo,</span> 
     </span>
     <span class='ocr_line' id='line_1_61' title="bbox 1150 1520 2158 1558; baseline -0.004 -8"><span class='ocrx_word' id='word_1_349' title='bbox 1150 1525 1210 1558; x_wconf 83' lang='lat' dir='ltr'>regi</span> <span class='ocrx_word' id='word_1_350' title='bbox 1226 1523 1359 1557; x_wconf 75' lang='lat' dir='ltr'>Angliue,</span> <span class='ocrx_word' id='word_1_351' title='bbox 1373 1522 1407 1549; x_wconf 81' lang='lat' dir='ltr'>ad</span> <span class='ocrx_word' id='word_1_352' title='bbox 1426 1523 1572 1556; x_wconf 74' lang='lat' dir='ltr'>nogotium</span> <span class='ocrx_word' id='word_1_353' title='bbox 1587 1521 1692 1548; x_wconf 86' lang='lat' dir='ltr'>Terrae</span> <span class='ocrx_word' id='word_1_354' title='bbox 1709 1521 1831 1547; x_wconf 79' lang='lat' dir='ltr'>Sanctae</span> <span class='ocrx_word' id='word_1_355' title='bbox 1848 1520 2090 1555; x_wconf 80' lang='lat' dir='ltr'>prosequendum,</span> <span class='ocrx_word' id='word_1_356' title='bbox 2108 1528 2158 1555; x_wconf 81' lang='lat' dir='ltr'>per</span> 
     </span>
     <span class='ocr_line' id='line_1_62' title="bbox 1149 1570 2157 1600; baseline -0.004 -1"><span class='ocrx_word' id='word_1_357' title='bbox 1149 1582 1200 1600; x_wconf 84' lang='lat' dir='ltr'>sex</span> <span class='ocrx_word' id='word_1_358' title='bbox 1216 1581 1307 1599; x_wconf 89' lang='lat' dir='ltr'>annos</span> <span class='ocrx_word' id='word_1_359' title='bbox 1322 1581 1337 1598; x_wconf 93' lang='lat' dir='ltr'>a</span> <span class='ocrx_word' id='word_1_360' title='bbox 1353 1573 1427 1598; x_wconf 81' lang='lat' dir='ltr'>festo</span> <span class='ocrx_word' id='word_1_361' title='bbox 1443 1571 1609 1597; x_wconf 84' lang='lat' dir='ltr'>Nativitatis</span> <span class='ocrx_word' id='word_1_362' title='bbox 1620 1571 1710 1597; x_wconf 85' lang='lat' dir='ltr'>sancti</span> <span class='ocrx_word' id='word_1_363' title='bbox 1723 1570 1865 1596; x_wconf 86' lang='lat' dir='ltr'>Johannis</span> <span class='ocrx_word' id='word_1_364' title='bbox 1881 1570 2074 1596; x_wconf 85' lang='lat' dir='ltr'>numerandos</span> <span class='ocrx_word' id='word_1_365' title='bbox 2089 1578 2157 1595; x_wconf 86' lang='lat' dir='ltr'>con-</span> 
     </span>
     <span class='ocr_line' id='line_1_63' title="bbox 1149 1619 1946 1656; baseline -0.004 -8"><span class='ocrx_word' id='word_1_366' title='bbox 1149 1630 1260 1649; x_wconf 79' lang='lat' dir='ltr'>cessae.</span> <span class='ocrx_word' id='word_1_367' title='bbox 1276 1621 1359 1656; x_wconf 68' lang='lat' dir='ltr'>(nm.</span> <span class='ocrx_word' id='word_1_368' title='bbox 1376 1621 1419 1652; x_wconf 80' lang='lat'>46,</span> <span class='ocrx_word' id='word_1_369' title='bbox 1438 1629 1463 1647; x_wconf 86' lang='lat' dir='ltr'>c.</span> <span class='ocrx_word' id='word_1_370' title='bbox 1481 1621 1522 1653; x_wconf 83' lang='grc'>11,</span> <span class='ocrx_word' id='word_1_371' title='bbox 1540 1621 1557 1646; x_wconf 82' lang='lat' dir='ltr'>f.</span> <span class='ocrx_word' id='word_1_372' title='bbox 1577 1620 1626 1647; x_wconf 82' lang='lat'>163</span> <span class='ocrx_word' id='word_1_373' title='bbox 1642 1626 1686 1650; x_wconf 86' lang='lat' dir='ltr'>v⁰;</span> <span class='ocrx_word' id='word_1_374' title='bbox 1706 1619 1821 1650; x_wconf 56' lang='lat' dir='ltr'>Poma,</span> <span class='ocrx_word' id='word_1_375' title='bbox 1838 1619 1946 1653; x_wconf 62' lang='lat'>23635.)</span> 
     </span>
    </p>
   </div>
   <div class='ocr_carea' id='block_1_26' title="bbox 1719 1410 2084 1443">
    <p class='ocr_par' dir='ltr' id='par_1_36' title="bbox 1719 1410 2084 1443">
     <span class='ocr_line' id='line_1_64' title="bbox 1719 1410 2084 1443; baseline 0 -7"><span class='ocrx_word' id='word_1_376' title='bbox 1719 1410 1845 1443; x_wconf 82' lang='lat' dir='ltr'>Orvieto,</span> <span class='ocrx_word' id='word_1_377' title='bbox 1866 1411 1901 1436; x_wconf 75' lang='lat' dir='ltr'>ie‘</span> <span class='ocrx_word' id='word_1_378' title='bbox 1916 1411 1986 1436; x_wconf 79' lang='lat' dir='ltr'>avril</span> <span class='ocrx_word' id='word_1_379' title='bbox 2008 1411 2084 1437; x_wconf 71' lang='lat'>1291.</span> 
     </span>
    </p>
   </div>
   <div class='ocr_carea' id='block_1_27' title="bbox 1149 1723 2158 2076">
    <p class='ocr_par' dir='ltr' id='par_1_37' title="bbox 1149 1723 2158 1818">
     <span class='ocr_line' id='line_1_65' title="bbox 1195 1723 2158 1760; baseline -0.003 -6"><span class='ocrx_word' id='word_1_380' title='bbox 1195 1725 1418 1754; x_wconf 62' lang='lat' dir='ltr'>Venerabilibus</span> <span class='ocrx_word' id='word_1_381' title='bbox 1440 1724 1594 1760; x_wconf 72' lang='lat' dir='ltr'>fratribus</span> <span class='ocrx_word' id='word_1_382' title='bbox 1613 1744 1634 1752; x_wconf 90' lang='lat'>..</span> <span class='ocrx_word' id='word_1_383' title='bbox 1658 1723 1857 1751; x_wconf 75' lang='lat' dir='ltr'>Wintonz&#39;ensi</span> <span class='ocrx_word' id='word_1_384' title='bbox 1872 1727 1898 1751; x_wconf 77' lang='lat' dir='ltr'>ec</span> <span class='ocrx_word' id='word_1_385' title='bbox 1915 1744 1935 1752; x_wconf 87' lang='lat'>..</span> <span class='ocrx_word' id='word_1_386' title='bbox 1958 1723 2158 1751; x_wconf 76' lang='lat' dir='ltr'>Lincolniensi</span> 
     </span>
     <span class='ocr_line' id='line_1_66' title="bbox 1149 1780 1303 1818; baseline 0 -9"><span class='ocrx_word' id='word_1_387' title='bbox 1149 1780 1303 1818; x_wconf 75' lang='lat' dir='ltr'>episcopis.</span> 
     </span>
    </p>

    <p class='ocr_par' dir='ltr' id='par_1_38' title="bbox 1150 1828 2158 1921">
     <span class='ocr_line' id='line_1_67' title="bbox 1192 1828 2158 1866; baseline -0.002 -7"><span class='ocrx_word' id='word_1_388' title='bbox 1192 1845 1205 1859; x_wconf 82' lang='lat' dir='ltr'>(t</span> <span class='ocrx_word' id='word_1_389' title='bbox 1230 1830 1460 1862; x_wconf 87' lang='lat' dir='ltr'>Collectionem</span> <span class='ocrx_word' id='word_1_390' title='bbox 1483 1829 1605 1859; x_wconf 87' lang='lat' dir='ltr'>decime</span> <span class='ocrx_word' id='word_1_391' title='bbox 1627 1828 1811 1858; x_wconf 87' lang='lat' dir='ltr'>omnium...</span> <span class='ocrx_word' id='word_1_392' title='bbox 1837 1844 1875 1849; x_wconf 92' lang='lat'><em>-</em></span> <span class='ocrx_word' id='word_1_393' title='bbox 1897 1828 1968 1857; x_wconf 86' lang='lat' dir='ltr'>Dat.</span> <span class='ocrx_word' id='word_1_394' title='bbox 1991 1828 2074 1866; x_wconf 84' lang='lat' dir='ltr'>apud</span> <span class='ocrx_word' id='word_1_395' title='bbox 2096 1828 2158 1858; x_wconf 89' lang='lat' dir='ltr'>Ur-</span> 
     </span>
     <span class='ocr_line' id='line_1_68' title="bbox 1150 1882 1966 1921; baseline -0.007 -6"><span class='ocrx_word' id='word_1_396' title='bbox 1150 1886 1380 1919; x_wconf 78' lang='lat' dir='ltr'>bemvetereni‚</span> <span class='ocrx_word' id='word_1_397' title='bbox 1399 1883 1544 1912; x_wconf 82' lang='lat' dir='ltr'>kalendis</span> <span class='ocrx_word' id='word_1_398' title='bbox 1560 1882 1685 1921; x_wconf 75' lang='lat' dir='ltr'>aprilis⁷</span> <span class='ocrx_word' id='word_1_399' title='bbox 1707 1889 1792 1910; x_wconf 84' lang='lat' dir='ltr'>anno</span> <span class='ocrx_word' id='word_1_400' title='bbox 1808 1885 1930 1920; x_wconf 83' lang='lat' dir='ltr'>quarto.</span> <span class='ocrx_word' id='word_1_401' title='bbox 1954 1893 1966 1905; x_wconf 77' lang='grc' dir='ltr'><strong>υ</strong></span> 
     </span>
    </p>

    <p class='ocr_par' dir='ltr' id='par_1_39' title="bbox 1191 1934 2062 1973">
     <span class='ocr_line' id='line_1_69' title="bbox 1191 1934 2062 1973; baseline -0.006 -5"><span class='ocrx_word' id='word_1_402' title='bbox 1191 1940 1229 1969; x_wconf 94' lang='lat' dir='ltr'>In</span> <span class='ocrx_word' id='word_1_403' title='bbox 1246 1949 1272 1968; x_wconf 87' lang='lat' dir='ltr'>e.</span> <span class='ocrx_word' id='word_1_404' title='bbox 1293 1947 1336 1967; x_wconf 87' lang='lat' dir='ltr'>m.</span> <span class='ocrx_word' id='word_1_405' title='bbox 1356 1960 1375 1967; x_wconf 92' lang='lat'>..</span> <span class='ocrx_word' id='word_1_406' title='bbox 1392 1936 1586 1967; x_wconf 86' lang='lat' dir='ltr'>Carleolensi</span> <span class='ocrx_word' id='word_1_407' title='bbox 1602 1940 1632 1965; x_wconf 88' lang='lat' dir='ltr'>et</span> <span class='ocrx_word' id='word_1_408' title='bbox 1649 1958 1669 1964; x_wconf 89' lang='lat'>..</span> <span class='ocrx_word' id='word_1_409' title='bbox 1687 1935 1881 1964; x_wconf 86' lang='lat' dir='ltr'>Cathanensi</span> <span class='ocrx_word' id='word_1_410' title='bbox 1898 1934 2062 1973; x_wconf 88' lang='lat' dir='ltr'>episcopis.</span> 
     </span>
    </p>

    <p class='ocr_par' dir='ltr' id='par_1_40' title="bbox 1150 1988 2158 2076">
     <span class='ocr_line' id='line_1_70' title="bbox 1189 1988 2158 2029; baseline -0.004 -8"><span class='ocrx_word' id='word_1_411' title='bbox 1189 1993 1227 2022; x_wconf 88' lang='lat' dir='ltr'>In</span> <span class='ocrx_word' id='word_1_412' title='bbox 1253 2002 1279 2021; x_wconf 89' lang='lat' dir='ltr'>e.</span> <span class='ocrx_word' id='word_1_413' title='bbox 1304 2001 1346 2020; x_wconf 89' lang='lat' dir='ltr'>m.</span> <span class='ocrx_word' id='word_1_414' title='bbox 1376 2013 1396 2020; x_wconf 93' lang='lat'>..</span> <span class='ocrx_word' id='word_1_415' title='bbox 1420 1991 1565 2029; x_wconf 85' lang='lat' dir='ltr'>episcopo</span> <span class='ocrx_word' id='word_1_416' title='bbox 1584 1989 1745 2018; x_wconf 86' lang='lat' dir='ltr'>Middensi</span> <span class='ocrx_word' id='word_1_417' title='bbox 1769 1992 1799 2018; x_wconf 87' lang='lat' dir='ltr'>et</span> <span class='ocrx_word' id='word_1_418' title='bbox 1821 2011 1841 2017; x_wconf 76' lang='lat'>..</span> <span class='ocrx_word' id='word_1_419' title='bbox 1863 1988 1982 2018; x_wconf 86' lang='lat' dir='ltr'>decano</span> <span class='ocrx_word' id='word_1_420' title='bbox 2007 1988 2158 2018; x_wconf 89' lang='lat' dir='ltr'>ecclesiae</span> 
     </span>
     <span class='ocr_line' id='line_1_71' title="bbox 1150 2045 1372 2076; baseline -0.018 1"><span class='ocrx_word' id='word_1_421' title='bbox 1150 2045 1372 2076; x_wconf 75' lang='lat' dir='ltr'>Dublinensis</span> 
     </span>
    </p>
   </div>
   <div class='ocr_carea' id='block_1_28' title="bbox 1187 2232 2085 2332">
    <p class='ocr_par' dir='ltr' id='par_1_41' title="bbox 1187 2232 2085 2332">
     <span class='ocr_line' id='line_1_72' title="bbox 1222 2232 2085 2267; baseline -0.008 -1"><span class='ocrx_word' id='word_1_422' title='bbox 1222 2235 1470 2266; x_wconf 65' lang='lat' dir='ltr'>Gonu-6701</span> <span class='ocrx_word' id='word_1_423' title='bbox 1724 2233 1856 2267; x_wconf 85' lang='lat' dir='ltr'>Orvieto,</span> <span class='ocrx_word' id='word_1_424' title='bbox 1873 2233 1905 2260; x_wconf 70' lang='lat'>‘2⁶3</span> <span class='ocrx_word' id='word_1_425' title='bbox 1919 2233 1989 2259; x_wconf 86' lang='lat' dir='ltr'>avril</span> <span class='ocrx_word' id='word_1_426' title='bbox 2009 2232 2085 2260; x_wconf 59' lang='lat'>1291.</span> 
     </span>
     <span class='ocr_line' id='line_1_73' title="bbox 1187 2295 1911 2332; baseline -0.008 -5"><span class='ocrx_word' id='word_1_427' title='bbox 1187 2300 1229 2326; x_wconf 88' lang='lat' dir='ltr'>De</span> <span class='ocrx_word' id='word_1_428' title='bbox 1245 2299 1345 2326; x_wconf 85' lang='lat' dir='ltr'>eodem</span> <span class='ocrx_word' id='word_1_429' title='bbox 1363 2297 1478 2332; x_wconf 83' lang='lat' dir='ltr'>negotio</span> <span class='ocrx_word' id='word_1_430' title='bbox 1494 2296 1576 2330; x_wconf 74' lang='lat' dir='ltr'>(Rae.</span> <span class='ocrx_word' id='word_1_431' title='bbox 1596 2296 1637 2327; x_wconf 80' lang='lat'>46,</span> <span class='ocrx_word' id='word_1_432' title='bbox 1656 2304 1682 2322; x_wconf 86' lang='lat' dir='ltr'>c.</span> <span class='ocrx_word' id='word_1_433' title='bbox 1701 2296 1742 2328; x_wconf 73' lang='lat'>12,</span> <span class='ocrx_word' id='word_1_434' title='bbox 1760 2295 1779 2322; x_wconf 84' lang='lat' dir='ltr'>f.</span> <span class='ocrx_word' id='word_1_435' title='bbox 1798 2295 1847 2322; x_wconf 85' lang='lat'>164</span> <span class='ocrx_word' id='word_1_436' title='bbox 1865 2295 1911 2330; x_wconf 71' lang='grc' dir='ltr'>νῦ.)</span> 
     </span>
    </p>
   </div>
   <div class='ocr_carea' id='block_1_29' title="bbox 1150 2398 2158 2967">
    <p class='ocr_par' dir='ltr' id='par_1_42' title="bbox 1150 2398 2158 2814">
     <span class='ocr_line' id='line_1_74' title="bbox 1197 2398 2158 2437; baseline -0.007 -5"><span class='ocrx_word' id='word_1_437' title='bbox 1197 2402 1420 2432; x_wconf 69' lang='lat' dir='ltr'>Vener-abilibns</span> <span class='ocrx_word' id='word_1_438' title='bbox 1434 2401 1585 2437; x_wconf 75' lang='lat' dir='ltr'>fratribus</span> <span class='ocrx_word' id='word_1_439' title='bbox 1601 2422 1620 2428; x_wconf 89' lang='lat'>..</span> <span class='ocrx_word' id='word_1_440' title='bbox 1641 2400 1766 2427; x_wconf 72' lang='lat' dir='ltr'>Darensi</span> <span class='ocrx_word' id='word_1_441' title='bbox 1781 2403 1806 2427; x_wconf 78' lang='lat' dir='ltr'>et</span> <span class='ocrx_word' id='word_1_442' title='bbox 1824 2420 1844 2428; x_wconf 91' lang='lat'>..</span> <span class='ocrx_word' id='word_1_443' title='bbox 1862 2398 2031 2436; x_wconf 73' lang='lat' dir='ltr'>Leylinensi</span> <span class='ocrx_word' id='word_1_444' title='bbox 2047 2399 2158 2435; x_wconf 71' lang='lat' dir='ltr'>episeo-</span> 
     </span>
     <span class='ocr_line' id='line_1_75' title="bbox 1150 2450 2157 2495; baseline -0.006 -9"><span class='ocrx_word' id='word_1_445' title='bbox 1150 2459 1196 2495; x_wconf 84' lang='lat' dir='ltr'>pis</span> <span class='ocrx_word' id='word_1_446' title='bbox 1211 2455 1342 2485; x_wconf 86' lang='lat' dir='ltr'>mandat</span> <span class='ocrx_word' id='word_1_447' title='bbox 1358 2459 1392 2483; x_wconf 90' lang='lat' dir='ltr'>ut</span> <span class='ocrx_word' id='word_1_448' title='bbox 1408 2453 1565 2483; x_wconf 83' lang='lat' dir='ltr'>decimam</span> <span class='ocrx_word' id='word_1_449' title='bbox 1584 2451 1871 2482; x_wconf 72' lang='lat' dir='ltr'>ecclesiasticorum</span> <span class='ocrx_word' id='word_1_450' title='bbox 1889 2451 2071 2481; x_wconf 86' lang='lat' dir='ltr'>reddituum</span> <span class='ocrx_word' id='word_1_451' title='bbox 2090 2450 2157 2488; x_wconf 78' lang='lat' dir='ltr'>regi</span> 
     </span>
     <span class='ocr_line' id='line_1_76' title="bbox 1152 2503 2157 2547; baseline -0.007 -8"><span class='ocrx_word' id='word_1_452' title='bbox 1152 2509 1290 2547; x_wconf 74' lang='lat' dir='ltr'>Angliae</span> <span class='ocrx_word' id='word_1_453' title='bbox 1306 2508 1470 2545; x_wconf 80' lang='lat' dir='ltr'>assignent</span> <span class='ocrx_word' id='word_1_454' title='bbox 1483 2511 1513 2536; x_wconf 90' lang='lat' dir='ltr'>et</span> <span class='ocrx_word' id='word_1_455' title='bbox 1527 2506 1567 2535; x_wconf 87' lang='lat' dir='ltr'>ab</span> <span class='ocrx_word' id='word_1_456' title='bbox 1583 2514 1618 2535; x_wconf 89' lang='lat' dir='ltr'>eo</span> <span class='ocrx_word' id='word_1_457' title='bbox 1636 2505 1788 2544; x_wconf 84' lang='lat' dir='ltr'>apocham</span> <span class='ocrx_word' id='word_1_458' title='bbox 1804 2504 1969 2544; x_wconf 79' lang='lat' dir='ltr'>recipiant,</span> <span class='ocrx_word' id='word_1_459' title='bbox 1985 2517 1998 2531; x_wconf 85' lang='lat'>«</span> <span class='ocrx_word' id='word_1_460' title='bbox 2012 2504 2094 2533; x_wconf 85' lang='lat' dir='ltr'>circa</span> <span class='ocrx_word' id='word_1_461' title='bbox 2107 2503 2157 2532; x_wconf 88' lang='lat' dir='ltr'>de-</span> 
     </span>
     <span class='ocr_line' id='line_1_77' title="bbox 1152 2556 2158 2599; baseline -0.007 -7"><span class='ocrx_word' id='word_1_462' title='bbox 1152 2563 1268 2593; x_wconf 89' lang='lat' dir='ltr'>cimam</span> <span class='ocrx_word' id='word_1_463' title='bbox 1283 2560 1469 2599; x_wconf 83' lang='lat' dir='ltr'>hujusmodi</span> <span class='ocrx_word' id='word_1_464' title='bbox 1483 2558 1672 2596; x_wconf 84' lang='lat' dir='ltr'>exigendam</span> <span class='ocrx_word' id='word_1_465' title='bbox 1687 2558 1726 2587; x_wconf 90' lang='lat' dir='ltr'>ab</span> <span class='ocrx_word' id='word_1_466' title='bbox 1739 2557 1960 2588; x_wconf 84' lang='lat' dir='ltr'>executoribus</span> <span class='ocrx_word' id='word_1_467' title='bbox 1973 2556 2158 2586; x_wconf 84' lang='lat' dir='ltr'>memoratis</span> 
     </span>
     <span class='ocr_line' id='line_1_78' title="bbox 1153 2610 2157 2651; baseline -0.007 -6"><span class='ocrx_word' id='word_1_468' title='bbox 1153 2616 1242 2645; x_wconf 83' lang='lat' dir='ltr'>illam</span> <span class='ocrx_word' id='word_1_469' title='bbox 1262 2612 1406 2643; x_wconf 86' lang='lat' dir='ltr'>habituri</span> <span class='ocrx_word' id='word_1_470' title='bbox 1429 2621 1483 2651; x_wconf 87' lang='lat' dir='ltr'>per</span> <span class='ocrx_word' id='word_1_471' title='bbox 1503 2612 1612 2641; x_wconf 89' lang='lat' dir='ltr'>omnia</span> <span class='ocrx_word' id='word_1_472' title='bbox 1631 2614 1814 2650; x_wconf 86' lang='lat' dir='ltr'>potestatem</span> <span class='ocrx_word' id='word_1_473' title='bbox 1833 2619 1895 2649; x_wconf 90' lang='lat' dir='ltr'>que</span> <span class='ocrx_word' id='word_1_474' title='bbox 1916 2610 1993 2649; x_wconf 88' lang='lat' dir='ltr'>ipsis</span> <span class='ocrx_word' id='word_1_475' title='bbox 2013 2613 2157 2639; x_wconf 80' lang='lat' dir='ltr'>executo-</span> 
     </span>
     <span class='ocr_line' id='line_1_79' title="bbox 1153 2662 2158 2703; baseline -0.007 -5"><span class='ocrx_word' id='word_1_476' title='bbox 1153 2670 1240 2699; x_wconf 79' lang='lat' dir='ltr'>ribus</span> <span class='ocrx_word' id='word_1_477' title='bbox 1259 2668 1342 2697; x_wconf 82' lang='lat' dir='ltr'>circa</span> <span class='ocrx_word' id='word_1_478' title='bbox 1358 2666 1516 2695; x_wconf 82' lang='lat' dir='ltr'>decimam</span> <span class='ocrx_word' id='word_1_479' title='bbox 1534 2664 1735 2703; x_wconf 86' lang='lat' dir='ltr'>prestandam</span> <span class='ocrx_word' id='word_1_480' title='bbox 1752 2663 1791 2693; x_wconf 87' lang='lat' dir='ltr'>ab</span> <span class='ocrx_word' id='word_1_481' title='bbox 1804 2663 1877 2692; x_wconf 90' lang='lat' dir='ltr'>aliis</span> <span class='ocrx_word' id='word_1_482' title='bbox 1894 2672 1948 2702; x_wconf 89' lang='lat' dir='ltr'>per</span> <span class='ocrx_word' id='word_1_483' title='bbox 1962 2662 2158 2701; x_wconf 84' lang='lat' dir='ltr'>supradictas</span> 
     </span>
     <span class='ocr_line' id='line_1_80' title="bbox 1152 2715 2158 2756; baseline -0.007 -5"><span class='ocrx_word' id='word_1_484' title='bbox 1152 2722 1274 2752; x_wconf 80' lang='lat' dir='ltr'>litteras</span> <span class='ocrx_word' id='word_1_485' title='bbox 1300 2724 1344 2749; x_wconf 85' lang='lat' dir='ltr'>est</span> <span class='ocrx_word' id='word_1_486' title='bbox 1367 2726 1531 2755; x_wconf 86' lang='lat' dir='ltr'>concessa,</span> <span class='ocrx_word' id='word_1_487' title='bbox 1552 2726 1688 2756; x_wconf 85' lang='lat' dir='ltr'>quarum</span> <span class='ocrx_word' id='word_1_488' title='bbox 1704 2716 1835 2755; x_wconf 59' lang='lat' dir='ltr'>raliquas</span> <span class='ocrx_word' id='word_1_489' title='bbox 1856 2715 2046 2745; x_wconf 88' lang='lat' dir='ltr'>mandamus</span> <span class='ocrx_word' id='word_1_490' title='bbox 2070 2715 2158 2744; x_wconf 88' lang='lat' dir='ltr'>vobis</span> 
     </span>
     <span class='ocr_line' id='line_1_81' title="bbox 1153 2769 1812 2814; baseline -0.011 -9"><span class='ocrx_word' id='word_1_491' title='bbox 1153 2785 1208 2814; x_wconf 86' lang='lat' dir='ltr'>per</span> <span class='ocrx_word' id='word_1_492' title='bbox 1224 2772 1353 2812; x_wconf 77' lang='lat' dir='ltr'>sepefati</span> <span class='ocrx_word' id='word_1_493' title='bbox 1371 2771 1454 2809; x_wconf 82' lang='lat' dir='ltr'>regis</span> <span class='ocrx_word' id='word_1_494' title='bbox 1473 2770 1605 2800; x_wconf 84' lang='lat' dir='ltr'>nuntios</span> <span class='ocrx_word' id='word_1_495' title='bbox 1621 2769 1778 2799; x_wconf 81' lang='lat' dir='ltr'>exhiberi.</span> <span class='ocrx_word' id='word_1_496' title='bbox 1797 2780 1812 2796; x_wconf 88' lang='lat'>»</span> 
     </span>
    </p>

    <p class='ocr_par' dir='ltr' id='par_1_43' title="bbox 1153 2822 2154 2915">
     <span class='ocr_line' id='line_1_82' title="bbox 1195 2822 2154 2861; baseline -0.006 -6"><span class='ocrx_word' id='word_1_497' title='bbox 1195 2841 1206 2855; x_wconf 86' lang='lat'>«</span> <span class='ocrx_word' id='word_1_498' title='bbox 1225 2826 1399 2858; x_wconf 82' lang='lat' dir='ltr'>Carissimo</span> <span class='ocrx_word' id='word_1_499' title='bbox 1415 2826 1447 2853; x_wconf 91' lang='lat' dir='ltr'>in</span> <span class='ocrx_word' id='word_1_500' title='bbox 1465 2823 1629 2854; x_wconf 84' lang='lat' dir='ltr'>Christo...</span> <span class='ocrx_word' id='word_1_501' title='bbox 1646 2839 1685 2845; x_wconf 92' lang='lat'>—</span> <span class='ocrx_word' id='word_1_502' title='bbox 1700 2823 1769 2852; x_wconf 89' lang='lat' dir='ltr'>Dat.</span> <span class='ocrx_word' id='word_1_503' title='bbox 1785 2823 1868 2861; x_wconf 86' lang='lat' dir='ltr'>apud</span> <span class='ocrx_word' id='word_1_504' title='bbox 1881 2822 2154 2855; x_wconf 73' lang='lat' dir='ltr'>Urbemveterem,</span> 
     </span>
     <span class='ocr_line' id='line_1_83' title="bbox 1153 2878 1731 2915; baseline -0.01 -4"><span class='ocrx_word' id='word_1_505' title='bbox 1153 2891 1169 2911; x_wconf 86' lang='lat' dir='ltr'><strong>x</strong></span> <span class='ocrx_word' id='word_1_506' title='bbox 1188 2880 1342 2911; x_wconf 80' lang='lat' dir='ltr'>kalendas</span> <span class='ocrx_word' id='word_1_507' title='bbox 1360 2878 1454 2913; x_wconf 87' lang='lat' dir='ltr'>maii,</span> <span class='ocrx_word' id='word_1_508' title='bbox 1475 2886 1559 2906; x_wconf 87' lang='lat' dir='ltr'>anno</span> <span class='ocrx_word' id='word_1_509' title='bbox 1575 2880 1698 2915; x_wconf 86' lang='lat' dir='ltr'>quarto.</span> <span class='ocrx_word' id='word_1_510' title='bbox 1718 2888 1731 2903; x_wconf 71' lang='grc' dir='ltr'>ι)</span> 
     </span>
    </p>

    <p class='ocr_par' dir='ltr' id='par_1_44' title="bbox 1191 2925 2153 2967">
     <span class='ocr_line' id='line_1_84' title="bbox 1191 2925 2153 2967; baseline -0.008 -5"><span class='ocrx_word' id='word_1_511' title='bbox 1191 2935 1228 2963; x_wconf 88' lang='grc' dir='ltr'>Ιιι</span> <span class='ocrx_word' id='word_1_512' title='bbox 1247 2943 1273 2962; x_wconf 87' lang='lat' dir='ltr'>e.</span> <span class='ocrx_word' id='word_1_513' title='bbox 1290 2942 1332 2961; x_wconf 87' lang='lat' dir='ltr'>m.</span> <span class='ocrx_word' id='word_1_514' title='bbox 1348 2931 1500 2960; x_wconf 79' lang='lat' dir='ltr'>..decano</span> <span class='ocrx_word' id='word_1_515' title='bbox 1519 2934 1549 2959; x_wconf 86' lang='lat' dir='ltr'>et</span> <span class='ocrx_word' id='word_1_516' title='bbox 1566 2930 1718 2967; x_wconf 85' lang='lat' dir='ltr'>magistro</span> <span class='ocrx_word' id='word_1_517' title='bbox 1733 2928 1906 2958; x_wconf 84' lang='lat' dir='ltr'>Guillelmo</span> <span class='ocrx_word' id='word_1_518' title='bbox 1922 2927 1959 2956; x_wconf 87' lang='lat' dir='ltr'>de</span> <span class='ocrx_word' id='word_1_519' title='bbox 1973 2925 2153 2962; x_wconf 81' lang='lat' dir='ltr'>Greveseld,</span> 
     </span>
    </p>
   </div>
   <div class='ocr_carea' id='block_1_30' title="bbox 1116 2982 1711 3017">
    <p class='ocr_par' dir='ltr' id='par_1_45' title="bbox 1116 2982 1711 3017">
     <span class='ocr_line' id='line_1_85' title="bbox 1116 2982 1711 3017; baseline -0.012 0"><span class='ocrx_word' id='word_1_520' title='bbox 1116 2982 1117 2990; x_wconf 51' lang='lat'>¹</span> <span class='ocrx_word' id='word_1_521' title='bbox 1151 2987 1305 3017; x_wconf 88' lang='lat' dir='ltr'>canonico</span> <span class='ocrx_word' id='word_1_522' title='bbox 1321 2984 1473 3014; x_wconf 79' lang='lat' dir='ltr'>ecclesiae</span> <span class='ocrx_word' id='word_1_523' title='bbox 1492 2982 1711 3012; x_wconf 88' lang='lat' dir='ltr'>Eboracensis.</span> 
     </span>
    </p>
   </div>
  </div>
 </body>
</html>
