2393 3496
906 289 1156 336 QUATRIEME
1178 288 1333 327 ANNEE.

83 369 302 403 ecclesiarum,
319 366 359 396 ad
375 366 545 396 arbitrium
560 367 661 405 ipsius
677 367 831 406 episcopi,
854 375 993 404 congrua
1009 375 1081 405 por-

84 423 169 452 tione
182 421 343 450 i'ructuum
362 428 398 448 ex
414 419 459 448 eis
476 417 644 456 illegitime
662 424 898 458 perceptorum,
917 419 1080 449 residuum

83 474 185 505 eidem
199 472 367 502 Francisco
382 472 531 502 remittat.

124 538 138 553 ι
162 526 255 555 Lecta
278 533 384 554 coram
407 525 536 554 nobis...
553 542 592 546 —
608 525 680 555 Dat.
699 525 780 564 apud
799 525 1059 555 Urbemveterem
1071 547 1079 560 ‚

85 579 176 611 nonis
190 578 327 616 augusti,
343 586 429 607 anno
443 581 565 616 quarto.
584 590 598 604 »

155 749 270 778 5⁷¹2&

120 812 163 840 De
177 812 347 839 excessibus
356 811 509 843 Johannis,
521 811 633 838 abbatis
649 813 814 838 monasterii
829 812 926 839 Sancti
936 812 1085 839 Michaelis

85 863 115 890 in
122 861 252 888 Periculo
263 860 359 894 maris,
368 860 559 886 Abrincensis
567 859 803 893 dioecesis.(Rae.
812 860 855 891 46,
866 869 891 886 c.
899 861 960 892 401,
968 861 986 887 f.
996 861 1028 888 79
1034 862 1085 895 vo.)

678 749 803 781 Orvieto‚
822 751 836 776 Ξ)
851 751 918 776 aout
937 750 1012 776 1291.

127 987 146 994 ..
163 963 376 992 archidiacono
395 962 430 991 de
450 961 529 991 Valle
547 962 704 991 illoreeonii
724 963 756 991 in
773 963 893 991 ecclesia
908 963 1086 992 Abrincensi

84 1016 215 1047 mandat
226 1019 261 1045 ut
273 1015 396 1045 duobus
411 1014 461 1044 vel
478 1015 579 1044 tribus
594 1014 760 1044 monachis
775 1015 962 1044 monasterii
978 1015 1087 1045 Sancti

84 1068 251 1100 Michaelis
266 1069 301 1098 in
317 1068 466 1099 Periculo
478 1069 588 1106 maris,
602 1068 842 1107 inquirentibus
855 1069 894 1098 de
907 1069 1086 1099 excessibus

83 1122 223 1160 abbatis,
243 1122 339 1152 faciat
359 1122 399 1151 ab
419 1121 530 1152 eodem
547 1121 658 1151 abbate
676 1122 888 1152 sufficientem
906 1122 1087 1152 cautionem

84 1175 238 1216 praestari
261 1175 346 1214 quod
371 1175 439 1213 ipse
464 1175 525 1212 eis,
552 1175 765 1214 inquisitione
789 1175 939 1211 durante,
962 1174 1087 1204 nullam

84 1228 265 1260 molestiam
280 1229 407 1258 inferat.

125 1294 140 1310 α
156 1282 208 1312 Ad
222 1282 421 1312 audientiam
440 1286 619 1313 nos-tram...
638 1298 676 1304 —
692 1282 763 1312 Dat.
781 1282 864 1321 apud
881 1282 1089 1312 Urbemvete-

85 1344 165 1373 rem,
183 1336 277 1366 nonis
293 1336 432 1374 augusti,
452 1344 537 1365 anno
555 1339 679 1374 quarto.
699 1347 712 1362 n

156 1509 274 1540 5228

123 1571 250 1598 Licentia
264 1570 443 1605 ingrediendi
456 1571 674 1597 monasterium.
690 1569 770 1602 (Rae.
784 1570 827 1603 46,
840 1578 865 1597 e.
879 1571 951 1603 4012,
966 1571 984 1596 t’.
998 1571 1031 1598 79
1042 1571 1092 1601 νο.)

683 1507 810 1537 Orvieto‚
827 1509 842 1535 5
857 1509 924 1534 aout
943 1508 1019 1535 1291.

128 1674 227 1704 Nobili
253 1674 379 1703 mulieri
401 1673 537 1709 Isabelle,
564 1675 658 1703 uxori
682 1673 782 1702 dilecti
807 1674 868 1710 filii
892 1674 1006 1702 nobilis
1031 1675 1093 1703 viri

91 1727 253 1763 Guidonis,
269 1727 388 1756 comitis
404 1727 564 1761 Flandrie,
582 1725 729 1763 indulget
748 1730 782 1755 ut
800 1726 1032 1756 monasterium
1055 1726 1093 1755 de

91 1779 261 1816 Belloloco‚
277 1778 400 1808 ordinis
420 1782 546 1808 sanctae
561 1778 685 1816 Clarae,
703 1779 912 1814 Tornacensis
928 1779 1091 1814 dioecesis,

91 1832 174 1872 quod
187 1831 305 1870 Gnido,
320 1840 425 1862 comes
440 1831 623 1867 Flandriae,
638 1832 687 1861 vir
701 1833 780 1870 eJ‘us,
798 1832 836 1862 de
851 1833 943 1862 bonis
958 1833 1094 1871 propriis

89 1886 238 1916 fundavit
255 1890 285 1916 et
300 1885 436 1921 dotavit,
452 1885 500 1915 bis
518 1885 551 1914 in
568 1894 670 1922 anno,
687 1894 761 1915 cum
779 1890 849 1916 octo
866 1885 1009 1915 honestis
1026 1895 1093 1916 ma-

89 1939 189 1970 tronis
210 1939 332 1969 intrare
353 1939 471 1975 valeat,
492 1939 666 1969 dummodo
682 1939 765 1969 inibi
782 1948 841 1969 nec
858 1939 927 1978 ipsa
943 1948 1002 1969 nec
1021 1949 1093 1969 eae-

89 1992 162 2023 dem
177 1997 340 2022 matronae
356 1991 524 2022 comedant
541 1991 591 2021 vel
609 1996 804 2034 pernoctent.

89 2083 92 2086 ⁴
131 2058 145 2073 (ι
162 2046 346 2076 Devotionis
363 2051 414 2075 tue
432 2050 611 2075 meretur...
627 2061 667 2067 —
684 2045 755 2074 Dat.
774 2050 808 2075 ut
824 2053 929 2084 supra.
952 2058 964 2072 n

106 2206 109 2207 ⁷
160 2218 407 2247 5239-5'281
690 2217 815 2248 Orvieto‚
833 2217 848 2244 6
863 2218 930 2244 aout
946 2217 1024 2244 1291.

128 2281 236 2308 Paulus
250 2280 357 2307 Acerbi
373 2280 512 2306 ecclesiae
529 2279 650 2307 Sanctae
665 2279 770 2306 Mariae
786 2279 821 2306 de
836 2279 938 2315 Carpo,
955 2279 1097 2306 Mutinen-

92 2330 135 2357 sis
162 2329 318 2362 dioecesis,
343 2329 574 2364 archipresbyter
602 2329 775 2364 praeficitur.
802 2329 884 2363 (Rae.
910 2329 958 2360 46,
979 2324 1008 2356 c.'
1029 2328 1095 2360 402,

91 2380 112 2406 f.
129 2379 162 2406 79
179 2380 232 2411 νο.)

136 2482 232 2511 Paulo
249 2481 353 2510 Acerbi
369 2481 402 2509 de
416 2481 568 2518 Euqubio,
586 2481 841 2518 archipresbytero
857 2482 973 2510 ecclesie
992 2481 1097 2510 Sancte

92 2535 187 2564 Marie
206 2535 240 2564 de
257 2534 366 2571 Carpo,
387 2534 426 2563 ad
443 2542 603 2563 romanam
620 2534 771 2564 ecclesiam
788 2535 872 2563 nullo
890 2535 986 2563 medio
1001 2535 1098 2571 perti-

94 2589 213 2623 nemis,
239 2587 358 2616 ordinis
386 2586 416 2616 S.
443 2588 624 2624 Auyuslinz',
650 2588 829 2616 Mutinensis
857 2588 990 2616 diocesis.
1017 2586 1097 2616 Cum

94 2641 175 2670 Aeto
192 2640 328 2670 Galvaui
344 2640 383 2669 de
403 2639 519 2678 Carpo,
538 2639 596 2678 qui
612 2649 644 2669 se
661 2639 810 2669 ecclesiae
827 2639 960 2669 Sanctae
979 2640 1098 2669 Mariae

95 2692 135 2722 de
165 2692 266 2731 Carpo
295 2692 608 2731 archipresbyterum
639 2691 774 2722 electum
805 2697 922 2722 temere
951 2696 1098 2731 praeten-

96 2745 199 2781 debat,
220 2754 325 2776 coram
343 2745 416 2775 sede
431 2745 602 2783 apostolica
618 2746 742 2778 citatus,
759 2746 793 2774 in
809 2745 960 2774 manibus
976 2746 1025 2781 L.,
1046 2744 1101 2774 Os-

96 2799 209 2829 tiensis
225 2800 379 2837 episcopi,
399 2798 546 2829 electioni
563 2799 602 2828 de
619 2808 651 2828 se
673 2799 770 2828 factae
785 2799 830 2837 (1)
848 2799 1098 2835 renuntiaverit,

129 2931 162 2961 (i)
181 2931 213 2955 Je
228 2931 310 2954 laisse
325 2930 358 2954 de
375 2930 434 2954 cote
450 2931 489 2953 les
506 2930 602 2954 details
623 2930 656 2952 de
677 2932 747 2953 cette
768 2929 898 2959 election,
920 2937 1000 2959 parce
1019 2929 1101 2959 qu'on

98 2975 138 2998 les
157 2983 172 2998 a
191 2982 242 2999 vus
262 2975 322 3006 plus
342 2975 408 2998 haut
424 2975 491 2998 dans
506 2975 532 2998 la
546 2975 625 2998 lettre
642 2974 686 2998 233
702 2975 739 3003 (η’
755 2974 837 3004 5174),
854 2974 920 2997 dont
935 2974 959 2997 la
975 2974 1101 3004 presente

2101 303 2154 333 781

1161 373 1243 403 papa
1261 365 1399 394 Paulum
1422 365 1555 402 Acerbi,
1579 365 1770 396 canonicum
1788 365 1937 396 ecclesiae
1956 367 2157 405 Eugubinae,

1161 418 1291 448 obtentu
1316 418 1473 456 Mathaei,
1493 418 1602 449 Sancti
1624 419 1790 449 Laurentii
1813 420 1846 448 in
1868 420 2004 450 Damaso
2030 422 2158 460 presby-

1162 471 1231 507 teri,
1251 475 1282 500 et
1298 471 1395 505 Petri,
1416 471 1525 501 Sancti
1542 472 1703 501 Eustachii
1717 471 1845 502 diaconi
1861 472 2091 505 cardinalium,
2110 483 2160 504 ec-

1163 523 1276 554 clesiae
1295 523 1428 553 Sanctae
1447 524 1567 554 Mariae
1582 524 1893 563 archipresbyterum
1909 525 2059 563 praeficit.

1205 588 1218 602 ει
1240 577 1386 606 Rationis
1406 577 1509 606 oculis
1528 578 1726 607 intuentes...
1743 593 1781 601 —
1797 578 1867 607 Dat.
1885 578 1969 616 apud
1985 579 2161 609 Urbemve-

1165 633 1275 665 terem,
1292 639 1350 658 vm
1366 630 1438 659 idus
1454 631 1591 668 augusti,
1608 639 1694 660 anno
1712 635 1834 669 quarto.
1857 643 1870 657 »

1204 683 1243 711 In
1263 691 1290 712 e.
1318 691 1360 712 m.
1383 683 1520 720 capitulo
1541 683 1689 713 ecclesiae
1709 684 1841 714 Sanctae
1862 685 1982 714 Mariae
2003 685 2040 714 de
2062 685 2162 724 Carpo

1165 735 1294 764 mandat
1321 740 1355 764 ut
1380 736 1482 765 eidem
1510 736 1609 766 Paulo
1633 737 1905 776 archipresbytero
1926 738 2064 768 debitam
2088 739 2163 769 obe-

1166 788 1320 818 dientiam
1337 789 1495 826 praebeat.

1206 841 1243 870 In
1261 850 1287 870 e.
1306 850 1349 870 m.
1370 864 1388 870 ..
1407 841 1551 879 episcopo
1569 842 1774 878 Bononiensi,
1793 843 1950 874 Bonifatio
1965 845 2003 874 de
2019 845 2161 881 Loliano,

1168 893 1394 929 Bononiensis,
1411 898 1441 922 et
1456 893 1600 924 Conrado
1618 895 1657 924 de
1673 895 1848 933 Brunforti,
1867 896 2102 926 Ebredunensis
2117 906 2164 927 ec-

1167 945 1338 975 clesiarum
1355 947 1528 982 canonicis,
1543 947 1714 985 capellanis
1730 948 1806 984 suis,
1823 949 1953 978 mandat
1968 955 2001 979 ut
2017 950 2164 980 eumdem

1167 999 1305 1028 Paulum
1325 999 1373 1028 vel
1395 1004 1627 1038 procuratorem
1645 1001 1713 1039 ejus
1732 1001 1765 1030 in
1783 1001 1975 1039 corporalem
1996 1004 2164 1040 possessio-

1168 1061 1242 1081 nem
1260 1051 1402 1090 ejusdem
1420 1052 1746 1092 archipresbyteratus
1764 1054 1926 1084 inducant.

1239 1231 1355 1260 5782

1205 1293 1337 1320 Castrum
1354 1292 1463 1320 Ficardi
1479 1293 1533 1320 sub
1550 1302 1602 1320 sua
1618 1294 1794 1327 protectione
1809 1295 1932 1329 suscipit
1947 1296 2067 1329 eJusque
2083 1296 2170 1329 privi-

1170 1342 1243 1376 legia
1258 1341 1416 1368 confirmat.
1434 1342 1517 1375 (Rs-20.
1534 1341 1577 1374 46,
1595 1350 1620 1368 c.
1638 1342 1697 1375 403,
1713 1342 1733 1367 f.
1749 1342 1781 1369 80
1798 1349 1838 1373 νος
1856 1341 1973 1373 Pori-n„
1990 1342 2098 1374 23756.)

1761 1230 1886 1265 Orvieto,
1905 1232 1919 1258 5
1935 1233 2002 1258 aaut
2020 1232 2097 1260 1291.

1213 1444 1375 1473 Communi
1394 1450 1420 1473 et
1437 1445 1548 1481 populo
1566 1445 1660 1473 castri
1680 1445 1819 1480 Ficardi,
1836 1445 2018 1474 Humanatis
2038 1446 2168 1475 diocesis.

1174 1509 1188 1524 <t
1208 1497 1305 1527 Sedes
1320 1496 1492 1535 apostolica
1507 1497 1596 1535 pia...
1613 1497 1770 1527 Personas
1785 1502 1903 1526 vestras
1920 1502 1950 1527 et
1963 1501 2102 1527 castrum
2118 1498 2171 1527 Fi-

1173 1549 1261 1579 cardi
1279 1549 1337 1579 sub
1356 1549 1526 1587 apostolice
1545 1549 1628 1579 sedis
1651 1554 1680 1579 et
1701 1554 1807 1580 nostra
1827 1551 2017 1588 protectione
2037 1550 2172 1589 suscipi-

1173 1612 1257 1632 mus.
1275 1602 1456 1640 Spetialiter
1471 1607 1577 1632 autem
1592 1608 1730 1632 castrum
1746 1603 1861 1641 ipsum,
1877 1612 1947 1632 cum
1965 1604 2112 1633 omuibus
2124 1604 2174 1642 ju-

1174 1655 1262 1685 ribus
1291 1659 1321 1685 et
1350 1656 1551 1694 pertinentiis
1578 1656 1660 1692 suis,
1690 1655 1851 1685 libertates
1879 1661 1907 1686 et
1937 1657 2171 1693 immunitateS,

1174 1708 1342 1747 privilegia
1354 1713 1384 1738 et
1396 1708 1615 1746 indulgentias
1629 1718 1646 1738 a
1659 1709 1932 1747 predecessoribus
1945 1711 2060 1739 nostris
2070 1719 2173 1739 roma-

1175 1763 1226 1791 nis
1242 1762 1445 1801 pontificibus
1464 1762 1552 1792 vobis
1570 1770 1746 1799 concessaS,
1763 1763 1843 1792 sicut
1862 1772 1897 1792 ea
1912 1763 2020 1792 omnia
2034 1762 2176 1800 legitime

1176 1815 1305 1855 pacifice
1322 1816 1500 1855 possidetis,
1521 1816 1609 1846 vobis
1625 1816 1802 1854 vestrisque
1818 1817 2049 1846 successoribus
2069 1817 2103 1845 in
2122 1817 2175 1846 de-

1176 1869 1304 1899 votione
1326 1877 1458 1899 romane
1481 1869 1613 1899 ecclesie
1630 1869 1885 1908 persistentibus,
1902 1869 1941 1899 ad
1958 1870 2058 1899 instar
2075 1869 2177 1899 felicis

1176 1921 1402 1952 recordationis
1418 1921 1593 1951 Alexandri
1609 1931 1685 1960 pape
1701 1922 1798 1956 unci,
1817 1922 2044 1960 predecessoris
2062 1921 2173 1956 nostri,

1176 1974 1360 2004 auctoritate
1387 1974 1556 2013 apostolica
1587 1974 1624 2003 de
1650 1974 1774 2012 spetiali
1802 1975 1902 2012 gratia
1930 1974 2173 2009 confirmamus,

1176 2032 1248 2063 etc,
1264 2036 1364 2066 usque
1381 2028 1627 2067 communimus.
1647 2027 1738 2057 Nulli
1753 2036 1837 2065 ergo,
1854 2032 1923 2060 etc..
1939 2033 2043 2058 nostre
2059 2032 2175 2066 protec-

1175 2081 1274 2110 tionis
1296 2085 1326 2110 et
1345 2080 1592 2116 constitutionis,
1615 2085 1672 2111 etc.
1699 2081 1768 2110 Dat.
1791 2080 1873 2119 apud
1898 2081 2174 2116 Urbemveterem,

1176 2134 1271 2164 nonis
1288 2134 1426 2172 augusti,
1445 2142 1531 2164 anno
1546 2140 1669 2173 quarto.
1690 2146 1701 2160 n

1247 2305 1364 2334 5283

1213 2367 1339 2394 Licentia
1355 2367 1487 2394 testandi.
1508 2367 1587 2399 (Rea.
1609 2368 1651 2397 46,
1668 2376 1693 2394 c.
1711 2367 1771 2401 404,
1788 2368 1807 2394 f.
1824 2368 1857 2394 80
1877 2374 1918 2399 νος
1936 2367 2051 2398 Ροττιῑ.,
2069 2368 2176 2399 ῧ3ῖ53.)

1730 2305 1856 2338 Orvieto‚
1874 2306 1903 2331 31
1918 2306 2012 2339 juillet
2031 2306 2105 2332 1291.

1221 2470 1391 2505 Gztillelmo,
1411 2471 1541 2507 episcopo
1558 2470 1632 2498 Dum
1639 2470 1783 2498 blaviensi.

1223 2534 1236 2548 <c
1257 2522 1339 2558 Quia
1358 2522 1513 2560 presentis
1535 2522 1635 2551 vite...
1654 2539 1690 2543 —
1707 2523 1777 2552 Dat.
1797 2522 1879 2560 apud
1899 2522 2156 2552 Urhemveterem
2169 2544 2176 2558 ,

1180 2584 1201 2604 11
1218 2574 1370 2604 kalendas
1388 2575 1526 2611 augusti,
1545 2583 1630 2604 anno
1647 2580 1769 2613 quarto.
1789 2587 1802 2600 n

1181 2708 1249 2731 n'est
1265 2708 1348 2737 gut-re
1364 2707 1462 2736 qu'une
1479 2707 1571 2737 copie,
1593 2714 1662 2737 pour
1678 2710 1737 2730 tout
1753 2713 1783 2730 ce
1799 2707 1845 2736 qui
1862 2707 1974 2737 precede
1994 2708 2018 2729 la
2037 2708 2178 2729 reuoucia-

1182 2753 1240 2776 tion
1257 2752 1290 2775 de
1307 2753 1384 2775 Acto.
1401 2751 1452 2775 Les
1469 2758 1546 2774 nonis
1562 2751 1609 2774 des
1626 2752 1772 2774 chanoines
1789 2751 1821 2774 de
1836 2751 1937 2781 l'cglise
1954 2750 1981 2774 S.
1996 2751 2029 2774 M.
2044 2751 2076 2773 de
2091 2750 2178 2780 Carpo

1183 2799 1244 2819 sont
1261 2796 1329 2818 ainsi
1346 2796 1426 2818 i-crits
1443 2795 1510 2818 dans
1524 2796 1549 2818 la
1564 2795 1690 2826 presente
1710 2796 1788 2818 lettre
1805 2802 1809 2817 z
1829 2804 1839 2815 «
1857 2794 1986 2819 Giliolus.
2008 2800 2178 2825 praepos-uus

1183 2841 1314 2864 ecclesiae
1338 2839 1431 2863 Sancti
1456 2839 1568 2865 Marini,
1594 2839 1707 2869 Egidius
1731 2839 1860 2868 Symonis
1883 2839 1915 2861 de
1938 2838 2036 2862 Sancto
2060 2838 2178 2867 Marino,

1183 2885 1300 2908 Giliolus
1316 2883 1348 2906 de
1365 2883 1492 2911 Brochis,
1514 2883 1652 2907 Johannes
1669 2883 1702 2906 de
1718 2883 1813 2912 Curte,
1836 2882 1971 2905 Gerardus
1993 2882 2024 2905 de
2041 2881 2161 2905 Martinis
2173 2901 2178 2906 .

1183 2928 1341 2951 Albertinus
1358 2927 1390 2950 de
1408 2927 1573 2951 Belloncinis
1584 2946 1589 2956 ,
1607 2927 1771 2951 Petribonus
1787 2931 1811 2950 et
1828 2927 1955 2956 magister
1971 2926 2060 2949 Pizius
2076 2926 2109 2948 ilc
2127 2926 2178 2949 Be-

1141 2989 1145 3001 .
1183 2972 1309 2995 lentanis.
1328 2980 1338 2992 ι»
