2393 3496
915 329 1127 360 REGISTRE
1149 317 1365 358 CAMnRAL.
2118 325 2193 356 1003

97 405 226 441 biensis,
242 402 364 434 ordinis
381 404 488 430 sancte
500 399 602 437 Clare⁷
618 400 768 439 petitione
782 401 1001 428 monstrarunt
1018 396 1102 435 quod

99 459 172 491 olim
188 463 357 487 commuue
377 463 432 483 seu
456 452 590 492 populus
614 452 713 483 Urbis
734 452 818 491 ipsas
839 450 972 481 ecclesia
994 448 1103 479 Sancti

99 510 207 545 Sentii,
228 515 322 548 prope
338 506 509 536 Civitatem
526 506 674 536 Veterem
690 505 871 540 constituta,
891 501 1104 532 Viterbiensis

98 562 245 598 diocesis,
269 570 304 590 ac
317 560 390 599 (eis)
406 559 509 588 eidem
536 559 730 589 monasterio
747 558 840 597 pleno
861 558 934 595 jure
950 556 1101 593 subjecta,

99 625 190 658 quam
219 618 292 644 tunc
321 612 472 642 tenebant
493 616 523 642 et
545 611 751 650 possidebant
777 610 907 649 pacifice
931 613 962 638 et
985 608 1102 647 quiete,

99 673 204 701 contra
219 666 378 706 justitiam
400 665 589 704 spoliarunt.
612 664 819 694 Postmodum
840 667 947 693 autem
970 661 1104 691 dilectus

99 722 183 754 filius
203 719 320 751 nobilis
338 719 387 748 vir
401 718 570 748 Johannes
591 717 629 747 de
646 716 826 755 Columpna
848 716 886 745 de
904 715 1008 749 Urbe,
1026 713 1103 742 dum

99 775 218 816 pridem
239 773 398 803 senatorie
423 771 564 801 officium
587 774 762 805 exerceret,
782 769 860 799 visis
881 767 1059 798 rationibus
1075 770 1105 796 et

95 828 217 870 J'uribus
243 835 304 865 que
327 825 485 854 abbatissa
512 828 542 854 et
565 827 741 854 conventus
766 822 905 862 predicte
932 822 966 850 in
992 819 1102 850 eadem

99 880 226 913 ecclesia
241 884 271 909 et
286 878 488 918 pertinentiis
504 877 573 915 ejus
587 877 705 906 habere
722 880 908 911 noscuntur,
921 874 1037 904 dictam
1052 882 1103 902 ec-

98 934 224 966 clesiam
249 940 322 962 cum
345 931 472 970 juribus
502 935 532 960 et
557 930 762 969 pertinentiis
789 929 867 968 ipsis
891 927 1048 958 abbatisse
1074 930 1105 955 et

98 986 266 1020 conventui
292 984 483 1023 supradictis
507 983 646 1013 restituit
663 982 788 1022 justitia
812 982 970 1020 exigente.
995 980 1106 1018 Nuper

98 1047 170 1071 vero
187 1061 208 1068 ..
225 1036 418 1068 castellanus
434 1036 572 1075 predicte
588 1035 736 1066 Civitatis
749 1034 885 1070 Veteris,
898 1043 915 1063 a
929 1037 956 1063 te
968 1032 1057 1067 illuc.
1071 1036 1106 1061 ut

98 1093 220 1129 dicitur,
234 1091 422 1127 destinatus,
436 1099 576 1129 sequens
595 1089 721 1129 proprie
737 1088 909 1118 voluntatis
924 1087 1104 1122 arbitrium,

98 1155 159 1178 non
173 1145 332 1185 judicium
348 1144 495 1179 rationis,
513 1143 705 1173 abbatissam
725 1146 754 1172 et
771 1146 965 1172 conventum
982 1139 1105 1179 predic-

99 1204 144 1230 tas
165 1196 315 1234 ecclesia,
338 1197 467 1236 juribus
492 1200 522 1226 et
550 1195 753 1235 pertinentiis
778 1194 942 1233 prelibatis
965 1193 1003 1223 de
1024 1201 1106 1222 novo

99 1250 242 1292 spoliavit
256 1250 387 1289 injuste,
405 1249 568 1288 quendam
587 1249 719 1278 asinum
738 1253 768 1278 et
783 1257 833 1278 res
850 1247 930 1276 alias
948 1246 983 1276 in
999 1246 1106 1276 domi-

99 1305 157 1336 bus
179 1303 310 1335 ecclesie
326 1302 428 1342 ipsius
450 1303 598 1332 inventos
619 1302 767 1340 nequiter
784 1300 978 1337 auferendo,
998 1300 1033 1329 in
1053 1309 1106 1329 ea-

99 1368 169 1390 rum
195 1366 259 1388 non
290 1356 455 1387 modicum
482 1356 694 1396 prejudicium
723 1360 754 1385 et
782 1363 970 1393 gravamen.
1001 1354 1107 1390 Quare

99 1412 189 1444 nobis
213 1410 381 1441 humiliter
405 1409 625 1449 supplicarunt
651 1413 686 1439 ut
713 1409 879 1448 providere
905 1408 982 1446 ipsis
1013 1417 1108 1446 super

102 1465 164 1496 hiis
179 1464 218 1494 de
233 1463 434 1502 benignitate
452 1462 543 1493 solita
558 1463 781 1501 dignaremur.
805 1461 887 1491 Cum
905 1461 1014 1499 itaque
1035 1470 1107 1499 per-

103 1525 210 1548 sonam
226 1520 327 1554 tuam,
344 1524 443 1555 quam
459 1516 543 1545 circa
559 1515 836 1546 conservationem
848 1514 1004 1544 bonorum
1019 1513 1107 1552 etju-

102 1570 204 1607 rium,
223 1568 392 1609 presertim
419 1568 459 1598 ad
485 1567 652 1607 religiosas
676 1567 902 1607 spectantium,
928 1571 1108 1606 promptam

102 1632 167 1655 esse
181 1622 332 1661 cupimus
347 1626 378 1652 et
392 1625 546 1660 paratam,
561 1622 647 1660 juste
665 1630 814 1652 revocare
830 1621 938 1651 deceat
953 1621 1038 1660 quod
1053 1630 1109 1659 per

101 1674 247 1708 officiales
274 1679 343 1706 tuos
373 1680 483 1706 contra
505 1675 664 1714 justitiam
690 1675 836 1706 noscitur
863 1678 1085 1714 attemptatum
1101 1699 1108 1712 ,

96 1728 296 1760 'nobilitatem
328 1733 414 1759 tuam
452 1737 604 1767 rogamus
633 1733 663 1759 et
698 1728 867 1759 hortamur
901 1733 1021 1758 attente
1054 1737 1110 1767 per

102 1782 268 1823 apostolica
290 1783 347 1813 tibi
370 1783 487 1822 scripta
510 1783 702 1813 mandantes
724 1782 898 1822 quatinus,
921 1790 977 1822 pro
998 1781 1111 1812 diviua

103 1840 132 1868 et
155 1836 325 1876 apostolice
352 1837 437 1867 sedis
460 1837 661 1875 reverentia,
692 1836 859 1867 ecclesiam
886 1837 1006 1876 ipsam,
1037 1845 1110 1867 cum

104 1890 249 1922 omnibus
266 1890 397 1930 juribus
418 1895 448 1920 et
472 1890 673 1930 pertinentiis
693 1889 884 1929 supradictis
902 1899 938 1919 ac
954 1890 1111 1920 fructibus

103 1942 255 1982 perceptis
277 1952 314 1973 ex
337 1943 383 1973 eis
405 1948 434 1974 et
458 1943 554 1974 etiam
575 1943 668 1974 asino
688 1947 718 1973 et
737 1943 833 1973 rebus
855 1943 988 1981 eisdem,
1015 1943 1112 1972 facias

105 1995 224 2026 sublato
253 1995 451 2026 difficultatis
479 1995 642 2027 obstaculo
671 2005 745 2026 cum
774 1996 956 2034 integritate
988 1996 1112 2026 restitui

104 2048 259 2080 abbatisse
274 2054 305 2080 et
319 2050 494 2080 conventui
510 2050 716 2086 memoratis3
735 2049 781 2080 sic
801 2054 828 2080 te
847 2050 880 2079 in
898 2049 957 2080 hoc
976 2050 1112 2080 efficaci-

99 2105 149 2132 'ter
170 2102 341 2133 habiturus
366 2107 402 2133 ut
418 2103 599 2134 devotionis
623 2108 676 2133 tue
699 2103 987 2142 promptitudinem
1004 2103 1113 2141 dignis

103 2155 137 2185 in
164 2155 300 2187 Domino
325 2156 477 2186 laudibus
495 2156 689 2187 attollamus.
718 2157 752 2186 Si
779 2165 854 2187 vero
879 2157 1052 2196 quisquam
1077 2157 1110 2187 in

104 2208 234 2240 ecclesia
253 2209 322 2249 ipsa
342 2209 393 2240 vel
413 2210 617 2249 pertinentiis
640 2210 710 2249 ejus
732 2209 862 2249 aliquod
878 2211 930 2249 jus
946 2210 1063 2241 habere
1079 2220 1113 2241 se

105 2262 229 2301 asserit,
253 2263 354 2302 parati
379 2272 493 2293 sumus
518 2263 621 2293 facere
648 2263 709 2293 sibi
734 2272 808 2293 cum
835 2264 984 2303 requisiti
1014 2264 1112 2294 sueri-

104 2324 175 2346 mus
200 2317 346 2348 exbiberi
368 2317 492 2356 justitie
516 2316 801 2357 complementum.
833 2318 904 2347 Dat.
935 2317 1019 2356 apud
1049 2318 1110 2349 Ur-

105 2368 335 2407 bemveterem‚
362 2379 395 2400 111
422 2379 524 2401 nonas
546 2370 640 2410 julii,
663 2371 869 2410 pontificatus
897 2371 999 2401 nostri
1026 2380 1113 2402 anno

106 2426 226 2461 quarto.
242 2434 257 2450 »ι

177 2621 293 2650 ‘²334
681 2622 808 2655 Orvieto,
825 2623 840 2649 5
851 2623 947 2658 juillet
964 2623 1042 2650 129¹.

145 2682 187 2710 De
202 2683 346 2719 emptione
363 2683 432 2711 salis
446 2683 574 2711 Cerviae.
590 2683 662 2717 (Fol.
680 2685 713 2712 58
728 2686 780 2717 νο.)

153 2785 319 2815 Venerabili
337 2787 434 2823 fratri
450 2786 495 2822 I.‚
515 2788 650 2824 episcopo
668 2787 810 2822 tirocino,
835 2788 946 2817 rectori
960 2789 1118 2825 provincie

109 2837 291 2868 Romaniole.
312 2850 325 2865 α
351 2838 402 2868 Ad
426 2842 571 2868 nostrum
593 2840 738 2878 pervenit
759 2840 905 2870 auditum
928 2840 1013 2879 quod
1035 2849 1117 2870 non-

110 2890 197 2921 nulle
220 2891 443 2921 universitates
469 2900 506 2922 ae
528 2891 708 2929 singulares
731 2901 865 2931 persone
887 2893 927 2923 de
952 2894 1117 2933 provincia

112 2943 318 2981 Romaniole‚
335 2944 477 2975 comodis
492 2944 628 2983 propriis
643 2944 818 2983 inhiantes,
838 2946 937 2976 salem
954 2947 1009 2985 qui
1028 2947 1064 2976 fit
1082 2947 1115 2976 in

113 2995 224 3027 Cervia
239 2997 356 3036 portari
372 2996 473 3027 libere
489 3006 553 3027 non
570 2998 769 3037 permittunt,
790 3004 914 3038 propter
928 3000 1012 3039 quod
1034 3009 1117 3030 mer-

1187 397 1307 424 catores
1328 394 1385 433 qui
1405 392 1629 423 abductionem
1647 392 1715 421 sive
1731 391 1912 431 passagium
1924 391 1999 421 salis
2016 392 2158 430 ejusdem
2176 401 2194 422 a

1188 455 1313 477 camera
1335 450 1442 476 nostra
1460 446 1575 476 emisse
1592 449 1769 475 noscuntur
1787 444 1926 484 dampna
1941 453 2004 475 non
2020 445 2145 474 modica
2161 455 2193 475 se

1188 504 1334 529 asserunt
1357 500 1554 536 incurrisse;
1582 522 1602 530 ..
1628 502 1765 537 potestas
1789 506 1936 537 quoque,
1963 497 2138 528 consilium
2166 502 2196 528 et

1188 561 1359 583 commune
1388 552 1575 582 Cervienses
1608 552 1728 581 dictum
1756 550 1856 581 salem
1886 551 2009 581 faciunt
2037 552 2194 590 asportari

1188 610 1339 635 consueto
1359 604 1476 635 salario
1495 604 1614 635 eisdem
1633 604 1861 634 mercatoribus
1878 613 1942 634 non
1959 604 2070 634 soluto.
2092 616 2105 630 n
2123 604 2195 634 Tibi

1188 658 1380 688 mandamus
1406 663 1440 688 ut
1461 659 1535 696 jura
1559 657 1708 688 ecclesiae
1731 666 1882 688 romanae
1906 662 1937 687 et
1960 657 2195 696 praedictorum

1189 716 1402 741 mercatorum
1418 712 1463 740 ita
1479 710 1563 741 laedi
1579 719 1644 741 non
1661 712 1835 750 permittas,

1231 776 1244 791 α
1268 764 1318 793 Ad
1343 769 1488 794 nostrum
1509 765 1689 803 pervenit...
1713 781 1751 786 —
1773 764 1857 803 [Dat.
1879 764 1964 803 apud
1987 765 2198 795 Urbemvete-

1189 818 1282 854 rem],
1301 827 1334 846 111
1353 826 1455 848 nonas
1468 817 1553 856 julii,
1572 817 1774 856 pontificatus
1788 818 1890 847 nostri
1909 826 1994 848 anno
2012 818 2159 857 [quarto].
2181 830 2195 845 n

1261 1017 1377 1045 *2335
1771 1016 1904 1051 Orviem,
1918 1016 1952 1043 ‘29
1965 1017 2029 1050 juin
2048 1016 2127 1043 1291.

1226 1078 1322 1105 Tadeo
1338 1078 1373 1105 de
1390 1077 1564 1104 Montefiltro
1580 1078 1723 1104 licentiam
1736 1077 1869 1104 concedit
1879 1077 2016 1104 redeundi
2029 1078 2055 1104 in
2068 1077 2199 1104 civitates

1192 1127 1363 1155 Urbinatem
1379 1131 1408 1154 et
1424 1126 1665 1154 Pensauriensem
1683 1130 1710 1153 et
1725 1127 1752 1153 in
1769 1126 1811 1153 eis
1826 1126 1965 1153 morandi.
1982 1125 2052 1160 (Fol.
2070 1126 2103 1153 59
2119 1127 2165 1161 νο.)

1232 1244 1354 1283 [Dilecto
1379 1244 1445 1281 filio
1468 1244 1566 1273 nobili
1591 1246 1659 1273 viro
1680 1243 1785 1282 T]adeo
1803 1244 1839 1272 de
1857 1243 2048 1280 Montefiltro.
2068 1254 2082 1269 «
2104 1243 2197 1279 Cum,

1191 1297 1272 1327 sicut
1290 1306 1326 1326 ex
1344 1300 1431 1335 parte
1453 1301 1505 1326 tua
1521 1296 1583 1326 suit
1600 1296 1798 1336 propositum
1818 1304 1926 1326 coram
1945 1296 2057 1333 nobis,
2075 1300 2202 1335 propter

1191 1350 1365 1380 seditiones
1387 1354 1418 1380 et
1440 1350 1590 1380 scandala
1613 1359 1675 1388 que
1694 1350 1727 1379 in
1750 1349 1902 1380 Urbinati
1921 1353 1950 1379 et
1970 1349 2201 1379 Pensauriensi

1190 1404 1374 1434 civitatibus
1391 1404 1538 1434 suscitari
1554 1403 1710 1434 hactenus
1728 1412 1783 1442 per
1798 1403 1971 1433 nonnullos
1988 1402 2111 1433 nobiles
2126 1402 2200 1432 illa-

1191 1467 1264 1488 rum
1292 1458 1431 1496 partium
1469 1457 1675 1492 dicebantur,
1708 1457 1842 1487 dilectus
1877 1456 1965 1486 filins
1999 1456 2117 1486 nobilis
2153 1457 2202 1487 vir

1167 1512 1356 1542 -Johannes
1384 1510 1423 1540 de
1451 1510 1650 1550 Columpna,
1680 1510 1824 1540 Marcbie
1849 1510 2053 1540 Anconitane
2079 1514 2198 1548 rector,

1192 1564 1322 1603 provide
1344 1564 1470 1594 duxerit
1487 1564 1693 1594 statuendum
1712 1568 1747 1594 ut
1762 1563 1872 1593 nullus
1887 1573 1923 1593 ex
1942 1563 2022 1602 ipsis
2038 1562 2201 1593 nobilibus

1191 1618 1334 1647 civitates
1357 1617 1581 1655 ingrederetur
1605 1616 1746 1653 easdem,
1772 1616 1864 1646 nobis
1888 1615 2056 1646 humiliter
2077 1615 2202 1654 suppli-

1192 1670 1270 1700 casti
1285 1674 1329 1706 ut,
1345 1679 1418 1700 cum
1435 1669 1584 1699 scandala
1598 1674 1627 1699 et
1640 1669 1813 1700 seditiones
1826 1668 2013 1708 hujusmodi
2029 1668 2064 1698 in
2081 1668 2203 1698 eisdem

1193 1723 1377 1754 civitatibus
1402 1723 1536 1753 omnino
1558 1722 1752 1753 cessaverint
1774 1725 1804 1752 et
1828 1722 1971 1761 ipsarum
1996 1725 2094 1751 status
2119 1726 2205 1751 tran-

1193 1776 1315 1816 quillus
1331 1780 1361 1807 et
1376 1776 1526 1815 pacificus
1542 1776 1715 1813 habeatur,
1733 1779 1832 1814 tuque
1847 1775 1882 1804 in
1899 1775 2058 1805 scandalis
2073 1779 2104 1805 et
2119 1775 2204 1805 sedi-

1194 1830 1334 1860 tionibus
1350 1829 1428 1868 ipsis
1444 1828 1615 1868 culpabilis
1631 1833 1775 1868 repertus
1791 1836 1854 1858 non
1874 1828 1984 1863 fueris,
2003 1828 2057 1858 sed
2073 1828 2108 1857 in
2125 1828 2204 1858 fide-

1194 1884 1283 1914 litate
1302 1891 1435 1913 romane
1454 1882 1586 1913 ecclesie
1602 1887 1753 1912 constans
1774 1881 1989 1920 permanseris
2006 1886 2036 1910 et
2051 1881 2201 1918 devotus,

1194 1938 1234 1968 ad
1257 1937 1387 1967 easdem
1410 1937 1553 1966 civitates
1575 1935 1680 1966 redire
1702 1939 1731 1965 et
1753 1935 1788 1964 in
1811 1935 1856 1965 eis
1875 1934 1995 1964 morari
2018 1934 2121 1964 valeas
2145 1934 2204 1964 tibi

1194 1990 1359 2021 licentiam
1378 1989 1582 2027 largiremur.
1602 1989 1669 2018 Nos
1685 1988 1801 2026 igitur,
1819 1988 1882 2018 tuis
1897 1988 1930 2017 iu
1949 1988 2009 2018 hac
2025 1991 2110 2027 parte
2127 1996 2204 2026 sup-

1194 2043 1422 2083 plicationibus
1435 2042 1586 2072 inclinati
1598 2050 1634 2072 ac
1648 2041 1809 2072 fidelitatis
1827 2046 1879 2071 tue
1895 2041 2106 2071 constantiam
2121 2048 2204 2070 com-

1195 2096 1397 2134 mendantes,
1412 2095 1554 2125 intrandi
1570 2094 1715 2124 civitates
1730 2094 1886 2132 predictas
1900 2098 1930 2123 et
1945 2093 2091 2123 morandi
2107 2093 2142 2122 in
2159 2093 2204 2123 eis

1197 2149 1326 2190 quando
1353 2153 1383 2179 et
1407 2148 1556 2188 quotiens
1582 2147 1731 2186 expedire
1758 2146 1940 2186 putaveris,
1966 2155 2032 2176 non
2059 2146 2204 2176 obstante

1196 2203 1423 2233 constitutione
1445 2201 1578 2232 rectoris
1598 2200 1754 2240 ejusdem,
1780 2199 1910 2238 plenam
1935 2204 1965 2229 et
1986 2199 2121 2229 liberam
2147 2198 2204 2228 tibi

1198 2260 1308 2286 tenore
1331 2254 1530 2294 presentium
1553 2253 1718 2284 licentiam
1741 2252 1927 2291 elargimur.
1948 2252 2020 2282 Dat.
2038 2252 2123 2291 apud
2140 2251 2203 2282 Ur·

1196 2309 1424 2345 bemveterem,
1445 2317 1480 2337 111
1500 2306 1654 2337 kalendas
1667 2306 1757 2345 julii,
1776 2305 1981 2345 pontificatus
2000 2305 2102 2335 nostri
2119 2313 2205 2335 anno

1195 2366 1318 2402 quarto.
1338 2374 1351 2388 n

1270 2553 1387 2582 *2338
1750 2550 1882 2585 Orvieto,
1897 2550 1931 2577 27
1943 2551 2039 2585 juillet
2056 2550 2134 2577 1291.

1234 2615 1411 2643 Guiducium
1426 2613 1461 2641 de
1477 2613 1713 2649 Serraiongarina
1728 2613 1762 2640 ab
1784 2613 1919 2640 omnibus
1940 2612 2206 2648 condempnationi—

1198 2669 1253 2695 bus
1269 2667 1401 2694 absolvit.
1419 2664 1491 2699 (Fol.
1507 2666 1541 2692 59
1556 2665 1605 2698 r⁰.)

1247 2782 1415 2813 Venerabili
1432 2782 1529 2818 fratri
1546 2781 1591 2817 R.,
1613 2780 1745 2817 episcopo
1771 2779 1941 2814 Valentino,
1961 2778 2091 2807 Marcht‘e
2107 2778 2205 2806 Anco-

1199 2838 1306 2866 nitane
1327 2834 1448 2865 rectori.
1474 2846 1487 2860 «
1516 2832 1660 2863 Exhibita
1681 2832 1772 2862 nobis
1794 2831 1900 2861 dilecti
1923 2830 1981 2860 filii
2004 2829 2121 2860 nobilis
2144 2829 2206 2859 viri

1202 2889 1355 2921 Guiducii
1372 2888 1410 2918 de
1428 2886 1706 2924 Serralongarina,
1723 2885 1803 2915 civis
1821 2884 1988 2920 Fanensis,
2005 2883 2113 2922 petitio
2130 2890 2205 2912 cou-

1204 2944 1326 2974 tinebat
1349 2941 1432 2981 quod
1458 2939 1607 2970 nonnulli
1631 2938 1773 2969 Marcbie
1795 2937 1998 2968 Anconitane
2019 2940 2154 2965 rectores
2177 2939 2207 2965 et

1201 2996 1353 3028 officiales
1375 2995 1517 3034 ipsorum
1530 3017 1537 3031 ,
1555 2992 1721 3023 occasione
1744 2990 1922 3021 invasionis
1944 2994 1974 3019 et
1992 2987 2207 3027 occupationis
