2393 3496
25 97 32 291 Ἣ--

942 293 1196 339 QUATRIEME
1219 292 1375 333 ANNEE.

155 379 168 394 a
191 367 367 396 Personam
389 370 476 396 tuam
497 366 574 396 de...
593 383 630 389 —
646 367 718 397 Dat.
735 368 818 406 apud
837 369 1116 404 Urbemveterem,

114 430 145 451 vt
161 420 233 450 idus
250 420 338 454 maii,
354 428 441 449 anno
455 424 579 458 quarto.
598 433 612 447 »

153 473 192 502 In
201 481 228 502 e.
241 481 284 501 m.
299 495 318 501 ..
331 472 435 502 abbati
445 474 633 503 monasterii
646 474 754 504 Sancti
764 475 874 505 Jacobi
886 475 1082 511 Leodiensis,
1098 497 1117 504 ..

114 525 338 556 archidiacono
355 525 568 556 Bononiensis
584 531 614 556 et
631 550 652 556 ..
670 528 849 566 praeposito
862 529 1118 564 Davantriensis,

115 578 324 617 Trajectensis
342 578 506 615 dioecesis,
528 580 750 616 ecclesiarum,
771 581 901 611 mandat
919 585 953 610 ut
970 581 1119 611 eumdem

113 630 322 662 Godefridum
339 630 388 660 vel
404 637 642 668 procuratorem
655 634 724 672 ejus
739 634 773 662 in
788 633 919 663 ecclesia
934 633 1119 663 Coloniensi

113 682 208 720 recipi
223 682 341 711 faciant
355 682 389 711 in
408 684 614 720 canonicum,
631 693 769 723 eumque
786 685 821 714 in
836 684 1030 723 corporalem
1047 693 1119 723 pos-

114 735 287 765 sessionem
304 735 512 765 canonicatus
529 741 558 765 et
574 737 771 774 praebendae
788 738 954 767 inducant.

154 800 169 816 «
184 789 358 818 Personam
373 787 483 818 dilecti
499 788 597 818 filii...
618 807 657 811 -
673 790 744 820 Dat.
764 795 796 820 ut
813 800 918 829 supra.
940 802 952 816 ι)

181 1000 299 1030 5584

146 1062 189 1089 De
203 1067 298 1090 castro
314 1062 464 1089 Monticuli
481 1063 516 1089 de
531 1062 707 1089 Nor-mannis
723 1071 738 1089 a
755 1063 929 1089 monasterio
947 1061 1117 1094 Vultuensi,

111 1111 284 1147 Rapollanae
306 1112 462 1142 dioecesis,
490 1111 639 1146 Raynaldo
663 1111 698 1137 de
723 1111 848 1142 Avellis,
867 1111 964 1144 militi,
988 1111 1118 1138 locando.

113 1160 194 1192 (Rae.
210 1161 254 1194 46,
271 1169 297 1187 c.
315 1160 379 1191 335,
397 1161 417 1187 f.
434 1160 466 1187 67
484 1163 530 1188 r0.)

668 999 795 1033 Orvieto,
816 1000 845 1026 10
858 1000 953 1034 juillet
970 1000 1048 1026 1291.

155 1290 377 1320 Venerabilibus
389 1291 539 1327 fratribus
555 1314 573 1319 ..
587 1290 809 1327 archiepiscopo
825 1289 960 1318 Consano
973 1295 998 1319 et
1015 1313 1033 1318 ..
1048 1291 1122 1327 epis—

111 1351 180 1381 copo
195 1343 341 1380 Melfiensi
361 1343 494 1372 mandat
512 1346 546 1372 ut
568 1342 737 1381 inquirant
757 1342 795 1372 de
813 1343 1046 1380 opportunitate
1065 1351 1119 1381 pe-

111 1395 234 1426 titionis
250 1404 314 1434 qua
332 1420 352 1425 ..
370 1396 467 1426 abbas
483 1399 512 1425 et
527 1399 703 1426 conventus
719 1395 905 1425 monasterii
917 1395 1119 1432 Vultuensis,

110 1449 150 1479 ad
166 1458 334 1479 romanam
349 1448 517 1479 ecclesiam
536 1448 625 1478 nullo
642 1449 747 1478 medio
763 1449 973 1487 pertinentis,
997 1449 1121 1478 ordinis

112 1502 144 1533 S.
171 1502 356 1539 Benedicti,
383 1502 580 1541 Rapollanae
603 1502 772 1538 dioecesis,
799 1506 934 1540 poscunt
957 1502 1121 1531 licentiam

111 1555 307 1585 concedendi
318 1564 373 1585 seu
386 1555 514 1585 locandi
525 1559 664 1585 castrum
677 1554 846 1584 Monticuli
857 1555 896 1584 de
910 1555 1120 1591 Normannis,

113 1609 216 1639 eidem
235 1609 431 1639 monasterio
454 1609 642 1639 immediate
661 1609 857 1648 subjectum,
881 1612 911 1638 et
933 1608 972 1637 ab
989 1608 1122 1646 antiquo

113 1666 301 1692 consuetum
313 1662 460 1701 personis
471 1662 569 1693 locari
583 1662 685 1699 laicis,
700 1662 799 1692 nobili
815 1662 883 1691 viro
899 1661 1068 1700 Raynaldo
1083 1661 1121 1690 de

112 1714 254 1752 AveHis,
271 1715 385 1751 militi,
403 1719 434 1745 et
452 1716 521 1754 ejus
537 1715 710 1745 heredibus
726 1724 763 1745 ex
779 1724 815 1745 eo
831 1715 974 1753 legitime
991 1715 1120 1745 descen-

113 1767 280 1804 dentibus,
304 1777 405 1807 usque
427 1768 466 1798 ad
488 1769 608 1806 viginti
627 1773 658 1798 et
679 1777 929 1812 novem-anno&
950 1777 1006 1807 pro
1023 1777 1121 1798 censu

113 1829 221 1851 annuo
245 1821 456 1860 quadraginta
477 1822 648 1852 unciarum
668 1822 757 1861 auri,
777 1821 834 1851 illa
851 1822 1053 1860 potissimum
1076 1830 1122 1851 ra-

112 1875 198 1904 tione
213 1874 297 1913 quod
313 1875 435 1904 fructus
452 1879 482 1905 et
496 1879 669 1913 proventus
685 1875 829 1913 ejusdem
846 1876 939 1905 castri
955 1885 991 1905 ex
1007 1875 1121 1905 indus-

113 1929 172 1958 tria
194 1933 225 1959 et
245 1929 402 1967 probitate
422 1928 542 1959 nobilis
568 1929 740 1968 supradicti
765 1938 830 1959 non
855 1929 1018 1959 modicum
1043 1938 1122 1967 aug-

111 1982 249 2012 mentari
279 1983 313 2011 in
342 1982 508 2018 futurum,
536 1986 566 2011 et
589 1982 685 2012 etiam
714 1987 854 2012 castrum
881 1983 988 2021 ipsum
1000 2005 1008 2018 ,
1038 1982 1122 2021 quod

111 2035 312 2077 reparatione
335 2034 614 2074 quamplurimum
638 2030 779 2073 indiget,
802 2035 942 2074 reparari
961 2039 1119 2074 poterunt.

152 2100 165 2115 α
184 2087 229 2117 Ex
245 2091 333 2127 parte
348 2088 578 2118 dilectorum...
596 2105 634 2110 -—
651 2089 721 2118 Dat.
739 2089 824 2127 apud
843 2089 1118 2124 Urbemvetfflem,

111 2151 142 2171 VI
157 2141 328 2180 idusjulii‚
345 2149 432 2171 anno
447 2146 570 2180 quarto.
590 2153 603 2168 »

181 2353 298 2382 5585

147 2415 331 2450 Dispensatio
359 2424 448 2451 super
471 2416 585 2443 defectu
610 2417 712 2443 aetatis
736 2420 763 2443 et
789 2416 932 2443 ordinum.
957 2415 1045 2449 (Rae.
1071 2416 1117 2449 46,

111 2475 136 2494 c.
158 2466 220 2502 336,
236 2467 255 2493 f.
274 2467 306 2494 67
324 2468 374 2497 vo.)

689 2353 815 2384 Orvieto,
834 2354 848 2379 7
866 2353 955 2386 juillet
973 2353 1050 2380 1291.

149 2596 315 2634 Raynaldo,
336 2597 454 2632 clerico,
473 2601 545 2625 nato
562 2597 673 2626 nobilis
689 2597 752 2626 viri
770 2597 941 2626 Theverutit
957 2597 992 2626 de
1007 2597 1120 2626 Monte-

110 2650 235 2686 melino,
253 2649 397 2678 Perusine
411 2650 545 2679 diocesis.
563 2649 645 2679 Cum
660 2657 706 2687 eo,
725 2649 980 2679 consideratione
997 2672 1017 2678 ..
1035 2650 1119 2688 epis-

110 2702 180 2741 copi
195 2702 356 2738 Perusini,
371 2702 419 2741 cuj
427 2711 462 2731 us
477 2707 523 2732 est
537 2711 646 2741 nepos,
661 2702 823 2741 dispensat
837 2707 881 2739 ut,
898 2711 963 2732 non
976 2703 1120 2733 obstante

111 2756 234 2786 defectu
250 2756 361 2786 aetatis
378 2760 408 2785 et
425 2764 587 2785 sacrorum
603 2756 753 2785 ordinum
767 2764 863 2794 quem
880 2756 1009 2795 patitur,
1026 2756 1119 2785 bene-

109 2810 219 2840 ficium
236 2809 507 2844 ecclesiasticum,
527 2809 654 2839 etiamsi
676 2818 786 2839 curam
805 2810 989 2839 animarum
1007 2809 1121 2839 habeat

68 2893 78 2902 ⁴
111 2868 142 2893 et
155 2856 296 2901 dignitas
310 2862 361 2892 vel
377 2866 564 2901 personatus
581 2862 706 2899 existat,
725 2862 866 2900 recipere
881 2863 989 2901 possit.

155 2929 168 2943 ‹
188 2915 368 2955 Apostolice
389 2916 473 2945 sedis
488 2915 712 2953 benignitas...
729 2931 768 2937 -—
784 2915 855 2945 Dat.
875 2916 960 2955 apud
981 2915 1119 2946 Urbem-

111 2973 262 3006 veterem,
277 2969 370 3000 nonis
383 2969 471 3008 Julii,
487 2977 573 2998 anno
588 2972 711 3006 quarto.
731 2980 745 2994 n

2148 312 2204 341 757

1273 370 1389 398 5586

1239 431 1423 466 Dispensatio
1439 434 1622 460 matrimonii.
1643 434 1723 461 (Hm.
1742 435 1784 465 46,
1802 444 1827 462 c.
1846 436 1906 468 337,
1923 436 1941 461 f.
1960 436 1991 462 67
2008 442 2060 469 vo.)

1776 372 1900 403 orvieto,
1920 374 1933 399 7
1946 375 2040 407 juillet
2059 376 2133 404 1291.

1250 534 1415 563 Venerabili
1437 537 1532 571 fratri
1563 559 1582 566 ..
1612 538 1744 573 episcopo
1769 538 1951 566 Bononiensi
1975 539 2145 568 committit
2173 544 2206 570 ut

1203 594 1276 615 cum
1293 586 1392 616 nobili
1411 588 1478 617 viro
1495 589 1658 626 Raynerio
1679 589 1802 619 Alberti
1823 594 1853 619 et
1873 590 1975 620 nobili
1996 592 2131 621 muliere
2149 593 2206 622 Ja-

1203 639 1279 667 coba
1301 639 1494 669 Bernardini
1518 641 1556 670 de
1579 641 1853 679 Carbonensibus,
1876 643 1999 673 civibus
2024 644 2207 675 Bononien-

1204 691 1307 727 sibus,
1336 692 1499 729 dispenset
1523 697 1557 722 ut
1581 694 1615 722 in
1643 695 1848 725 matrimonio
1871 697 1955 734 quod
1980 697 2080 734 olim,
2105 698 2207 736 impe-

1203 744 1384 773 dimentum
1399 754 1466 774 esse
1479 746 1673 784 ignorantes,
1688 753 1912 778 contraxerunt
1926 751 1998 779 etin
2013 760 2075 789 quo
2087 751 2206 789 prolem

1204 803 1411 834 procrearunt
1446 807 1612 829 remanere
1646 800 1788 837 valeant,
1824 812 2009 841 quanquam
2045 805 2205 843 quondam

1203 851 1370 880 Johannes
1387 851 1425 880 de
1440 852 1607 889 Asinellis,
1625 854 1702 883 civis
1720 855 1942 893 Bononiensis,
1959 857 2095 887 Jacobae
2112 859 2206 887 mari-

1206 908 1265 939 tus,
1283 904 1447 942 Raynerio
1464 909 1576 943 quarto
1593 908 1881 944 consanguinitatis
1893 910 1993 946 gradu
2009 911 2171 941 attinebat.

1247 968 1259 982 ιι
1281 957 1394 987 Petitio
1413 957 1519 987 dilecti
1539 959 1634 988 filii...
1652 976 1691 982 —
1707 960 1776 989 Dat.
1797 965 1830 990 ut
1848 970 1953 999 snpra.
1975 975 1987 988 >v

1275 1114 1391 1143 558³?

1238 1176 1281 1202 Dc
1296 1179 1452 1204 mutatione
1468 1180 1654 1213 quarumdam
1671 1183 1890 1215 possessionum
1907 1184 2071 1210 monasterii
2087 1184 2207 1211 Sanctae

1203 1225 1366 1252 Genovefae
1384 1226 1565 1254 parisiensis.
1584 1228 1666 1261 (Hm.
1685 1230 1727 1259 46,
1745 1238 1770 1257 c.
1785 1230 1845 1261 338,
1860 1231 1879 1257 f.
1896 1231 1928 1257 67
1944 1234 1993 1263 vo.)

1778 1118 1904 1152 Orvieto‚
1922 1121 1935 1146 7
1949 1121 2043 1154 juillet
2059 1121 2135 1149 1291.

1246 1350 1266 1357 ..
1281 1329 1380 1356 abbati
1397 1331 1577 1358 7110.=2aste7·ii
1590 1330 1693 1359 Sam-(s
1711 1332 1853 1360 Germani
1866 1333 1900 1361 cle
1913 1333 2014 1362 Pratis
2027 1334 2209 1364 Parisiensis

1204 1380 1335 1410 mandat
1359 1385 1393 1410 ut
1422 1382 1565 1420 inquirat
1590 1382 1628 1412 de
1654 1385 1888 1422 opportunitate
1914 1386 2073 1423 petitionis
2099 1397 2161 1425 qua
2187 1411 2206 1418 ..

1204 1434 1300 1463 abbas
1320 1439 1349 1464 et
1364 1440 1540 1465 conventus
1559 1438 1746 1467 monasterii
1766 1438 1899 1468 Sanctae
1917 1439 2130 1478 Genovephae
2148 1441 2208 1471 Pa-

1204 1487 1363 1524 risiensis,
1378 1488 1417 1517 ad
1429 1497 1595 1519 romanam
1611 1490 1778 1520 ecclesiam
1790 1491 1879 1521 nullo
1891 1492 1995 1522 medio
2008 1493 2207 1531 pertinentiS,

1205 1540 1328 1570 ordinis
1356 1541 1463 1571 Sancti
1488 1543 1684 1581 Augustini,
1712 1549 1844 1583 poscunt
1871 1545 2033 1575 licentiam
2063 1546 2209 1576 mutandi

1205 1594 1359 1631 quasdam
1376 1596 1593 1633 possessiones
1608 1605 1626 1625 a
1641 1596 1723 1626 dicto
1738 1598 1933 1628 monasterio
1946 1599 2044 1628 nimis
2057 1599 2208 1629 distantes

1205 1655 1261 1685 pro
1276 1646 1350 1677 aliis
1365 1649 1617 1686 possessionibus
1636 1650 1831 1681 utilioribus.

1247 1712 1260 1726 <‹
1280 1700 1323 1730 Ex
1341 1706 1428 1740 parte
1443 1701 1670 1732 dilectorum...
1689 1720 1726 1725 —
1742 1704 1811 1733 Dat.
1831 1708 1865 1734 ut
1879 1713 1983 1743 supra.
2004 1718 2017 1732 »

1277 1861 1396 1889 5588

1240 1923 1387 1950 Ordinatio
1406 1928 1597 1958 proventuum
1613 1925 1752 1951 ecclesiae
1772 1926 1870 1952 Sancti
1893 1926 2031 1961 Hippoliti
2048 1926 2137 1953 Vallis
2159 1927 2209 1953 La-

1204 1981 1267 2006 cus,
1285 1972 1484 2000 Urbevetanae
1500 1974 1654 2002 dioecesis.
1674 1975 1755 2007 (ΗΕΘ.
1772 1975 1814 2008 46,
1830 1984 1855 2002 c.
1873 1976 1933 2008 339,
1950 1976 1970 2003 f.
1988 1977 2020 2003 67
2037 1978 2087 2009 vo.)

1782 1863 1907 1894 Orvieto,
1923 1864 2043 1898 7ji1illet
2060 1864 2137 1891 1291.

1247 2091 1266 2098 ..
1285 2070 1543 2106 archipresbytero
1557 2075 1583 2098 ec
1599 2071 1731 2107 capitulo
1747 2072 1861 2100 ecclesie
1880 2072 2066 2101 L‘rbevetane.
2086 2083 2099 2098 «
2116 2072 2157 2102 Ut
2173 2072 2208 2101 in

1206 2122 1363 2151 divinis...
1391 2122 1586 2151 Ordinamus
1612 2127 1644 2152 ut
1665 2123 1802 2159 fruetus,
1825 2123 1966 2153 redditus
1988 2129 2018 2153 et
2037 2129 2208 2162 proventus

1205 2175 1338 2205 ecclesie
1359 2175 1467 2204 Sancti
1488 2175 1611 2213 Ypoliti
1632 2175 1731 2205 Vallis
1749 2176 1866 2212 Lacus,
1888 2177 2087 2207 Urbevetane
2104 2178 2210 2208 dioce-

1204 2227 1267 2264 sis,
1289 2236 1324 2257 ac
1346 2231 1518 2264 terrarum,
1538 2228 1723 2266 vinearum,
1744 2228 1897 2258 silvarum
1915 2234 1945 2259 et
1961 2229 2096 2260 aliorum
2114 2231 2209 2261 bono-

1204 2289 1275 2309 rum
1301 2279 1414 2318 ipsius,
1437 2289 1498 2318 que
1523 2281 1556 2310 in
1583 2282 1910 2320 recompensationem
1933 2282 1992 2312 soli
2012 2283 2046 2312 in
2068 2292 2130 2322 quo
2155 2293 2209 2323 pro

1203 2336 1291 2371 parte
1308 2333 1410 2371 maJ‘or
1428 2333 1560 2363 ecclesia
1579 2334 1781 2365 Urbevetana
1799 2335 1838 2364 de
1859 2344 1941 2365 novo
1963 2337 2158 2366 construitur
2180 2342 2209 2367 et

1203 2394 1259 2424 pro
1277 2386 1468 2424 quibusdam
1485 2385 1558 2416 aliis
1573 2387 1667 2416 rebus
1683 2396 1738 2426 per
1754 2388 1970 2418 venerabilem
1986 2389 2116 2419 fratrem
2132 2398 2208 2420 nos-

1204 2443 1289 2467 trum
1308 2461 1327 2467 ..
1346 2438 1588 2468 Urbevetanum
1606 2441 1789 2478 episcopum
1805 2447 1880 2470 sunt
1898 2449 1934 2470 ex
1951 2446 2059 2471 nostra
2077 2442 2207 2481 permis-

1203 2491 1292 2521 sione
1306 2500 1466 2526 concessa,
1482 2492 1516 2520 in
1530 2492 1707 2522 cotidianas
1720 2493 1961 2524 distributiones
1971 2493 2059 2533 (que)
2073 2495 2208 2532 singulis

1203 2549 1362 2580 vestrum,
1380 2554 1453 2574 cum
1470 2545 1557 2574 horis
1573 2546 1735 2575 canonicis
1751 2546 1963 2577 interfueritis
1977 2572 1983 2584 ,
2001 2547 2207 2585 personaliter

1204 2597 1423 2627 tantummodo
1445 2599 1670 2635 assignentur,
1695 2603 1724 2629 et
1746 2608 1811 2629 non
1832 2600 1866 2629 in
1888 2609 1963 2630 usus
1984 2600 2062 2630 alios
2079 2609 2207 2630 conver-

1205 2654 1348 2680 tantur...
1368 2651 1438 2680 Dat.
1457 2655 1609 2690 utsupra.
1631 2664 1644 2678 ι,

1273 2809 1389 2838 5589
1776 2808 1907 2843 Orvieto,
1923 2809 1938 2835 2
1950 2808 2041 2844 juillet
2058 2809 2133 2836 1291.

1238 2870 1355 2897 Collatio
1372 2870 1512 2896 beneficii.
1534 2870 1614 2901 (Rea.
1631 2869 1674 2901 46,
1691 2877 1716 2896 c.
1735 2869 1794 2901 340,
1815 2871 1833 2896 f.
1851 2870 1883 2897 67
1899 2871 1951 2902 vo.)

1245 2988 1265 2996 ..
1291 2966 1511 3002 archiepiscopo
1541 2964 1712 2994 Coloniensi
1738 2964 1869 2994 mandat
1898 2968 1930 2995 ut
1957 2964 2098 2995 Johanni
2122 2966 2204 2997 dicto
