2393 3496
907 272 1160 320 QUATRIEME
1182 272 1339 312 ANNnn.
2109 285 2166 316 823

147 353 198 381 61
209 351 398 380 15-8124
558 351 683 383 Orvieto‚
703 351 734 378 13
750 351 913 386 septembre
931 350 1008 377 1291.

112 413 318 447 Indulgentiae.
335 412 417 445 (Rm.
436 411 479 444 46,
495 421 521 439 c.
539 412 599 443 535,
618 413 636 439 s.
657 413 703 440 106
719 414 771 445 vo.)

121 515 273 545 Universis
296 514 411 544 Christi
431 514 566 553 fidelibus
582 521 732 553 presentes
754 516 870 544 litteras
891 515 1081 551 inspecturis.

80 568 318 606 indulgentiam
339 568 435 597 unius
450 569 528 597 anni
549 572 579 598 et
596 578 633 598 XL
650 568 775 598 dierum
791 567 934 597 concedit
949 567 1083 596 visitan-

82 621 163 651 tibus
183 620 351 650 ecclesiam
373 621 481 650 Sancti
505 620 660 659 Stephani
685 621 940 655 Lausanensem,
964 620 998 648 in
1021 620 1084 649 As-

80 673 269 712 sumptionis
292 674 401 703 beatae
426 674 557 709 Mariae,
586 674 618 703 S.
645 674 799 712 Stephani
817 678 847 703 et
870 673 902 703 S.
921 672 1085 702 Laurentii

81 726 321 763 festivitatibus,
340 736 396 765 per
412 731 481 757 octo
497 727 564 756 dies
582 731 750 765 sequentes
766 730 794 756 et
812 727 845 756 in
865 725 1086 755 anniversario

80 781 133 811 die
150 780 359 810 dedicationis
375 780 518 818 ejusdem
535 780 699 810 ecclesiae.

124 846 137 860 ει
157 833 347 863 Sanctorum
363 834 486 863 meritis
502 833 652 863 inclita...
671 850 708 855 ——-
725 834 797 863 Dat.
814 834 896 872 apud
913 833 1087 864 Urbemve-

83 891 192 923 terem,
209 887 317 916 idibus
333 886 534 925 septembris,
552 895 638 916 anno
656 891 779 925 quarto.
801 899 813 913 n

560 966 692 996 Orvieto‚
709 966 742 992 ‘27
759 966 922 1001 septembre
940 967 1017 993 1291.

120 1029 158 1059 In
174 1037 202 1059 e.
222 1038 280 1066 m.,
297 1037 352 1068 pro
370 1029 502 1059 ecclesia
519 1029 628 1059 Sancti
644 1029 730 1058 Petri
748 1029 958 1066 Lansanensi⁷
973 1029 1007 1057 in
1024 1030 1089 1058 An-

81 1082 294 1112 nuntiationis
312 1083 421 1112 beatae
440 1082 578 1119 Mariae,
598 1082 630 1112 S.
652 1082 739 1112 Petri
759 1086 788 1111 et
805 1082 836 1111 S.
857 1082 1005 1111 Andreae
1025 1082 1088 1111 fes-

82 1135 273 1172 tivitatibus,
291 1139 368 1172 etc.,
389 1140 424 1164 nt
446 1144 542 1173 supra
558 1144 661 1173 usque
685 1135 755 1164 Dat.
775 1135 858 1173 apud
879 1135 1087 1165 Urbemvete-

82 1198 161 1226 rem,
177 1198 198 1218 v
212 1188 366 1218 kalendas
382 1188 537 1223 octobris,
558 1197 644 1218 anno
662 1193 788 1226 quarto.

120 1241 160 1272 In
181 1251 208 1271 e.
231 1251 288 1277 m.,
310 1250 365 1280 pro
384 1241 516 1271 ecclesia
539 1242 726 1271 monasterii
746 1241 784 1271 de
803 1241 955 1271 Custodia
974 1242 1090 1271 Beatae

32 1306 37 1312 ’
81 1295 213 1331 Mariae,
232 1295 271 1324 ad
289 1303 455 1324 romanam
474 1294 642 1324 ecclesiam
660 1294 748 1324 nullo
764 1294 869 1324 medio
888 1295 1088 1333 pertinentis,

82 1349 206 1379 ordinis
231 1349 365 1378 Sanctae
388 1348 516 1383 Clarae,
540 1348 745 1378 Carnotensis
763 1348 935 1384 dioecesis,
956 1349 988 1377 in
1008 1348 1092 1377 beati

82 1401 243 1433 Johannis
265 1402 446 1441 Baptistae,
466 1406 649 1431 sanctorum
673 1401 837 1431 Francisci
859 1406 888 1430 et
908 1402 1042 1430 Antonii
1064 1406 1093 1431 et

83 1460 209 1486 sanctae
229 1454 341 1485 Clarae
362 1455 586 1485 festivitatibus
608 1460 637 1484 et
656 1464 711 1493 per
731 1460 799 1484 octo
822 1455 888 1484 dies
910 1459 1090 1493 sequentes.

83 1509 156 1539 Dat.
175 1513 209 1538 ut
224 1517 330 1547 supra.

563 1574 695 1607 Orvieto,
715 1575 747 1602 ‘28
763 1576 926 1610 septembre
944 1577 1021 1603 1291.

125 1639 164 1668 In
186 1647 213 1668 e.
234 1647 301 1675 m.,
323 1647 379 1677 pro
403 1637 534 1668 ecclesia
556 1637 664 1667 Sancti
685 1637 819 1667 Eudaldi
842 1638 881 1667 de
901 1638 1091 1677 Rivopullo,

86 1691 233 1722 Vicensis
255 1691 424 1726 dioecesis,
442 1691 477 1720 in
500 1691 532 1720 S.
554 1691 691 1720 Eudaldi
715 1695 744 1720 et
763 1691 796 1720 S.
818 1692 988 1721 Maximini
1012 1693 1094 1722 sesti-

87 1745 253 1781 vitatibus‚
277 1754 331 1774 ner
352 1748 421 1775 octo
442 1744 511 1774 dies
530 1748 699 1783 sequentes
715 1749 744 1774 et
758 1745 790 1773 in
808 1745 1029 1775 anniversario
1043 1746 1094 1775 die

87 1797 297 1828 dedicationis
313 1798 457 1838 ejusdem
474 1797 635 1828 ecclesiae.

128 1863 141 1878 α
156 1851 230 1881 Vite
244 1851 396 1890 perennis
411 1850 552 1888 gloria...
567 1867 606 1873 —
621 1851 692 1880 Dat.
708 1854 860 1890 utsupra,
881 1861 926 1881 1111
944 1852 1094 1882 kalendas

86 1904 232 1941 octobris,
249 1913 336 1934 anno
351 1909 474 1943 quarto.
495 1916 507 1931 n

126 1958 163 1987 In
181 1967 208 1987 e.
227 1967 284 1995 m.,
301 1967 357 1996 pro
371 1957 505 1988 ecclesia
521 1957 630 1987 Sancti
648 1958 805 1987 Leonardi
821 1959 859 1988 de
879 1959 988 1989 Vineis
1002 1969 1095 1998 prope

88 2011 277 2048 Provinnm,
295 2010 493 2041 Senonensis
510 2011 676 2047 dioecesis,
694 2012 727 2040 in
745 2011 776 2041 S.
798 2012 955 2042 Leonardi
976 2014 1096 2043 festivi-

89 2068 159 2102 tate,
177 2074 232 2104 per
247 2069 315 2094 octo
330 2064 410 2099 dies,
430 2069 502 2100 etc.,
519 2069 675 2102 utsupra.

569 2145 701 2177 Orvieto,
719 2146 751 2171 ς27
769 2147 930 2180 septembre
949 2147 1025 2173 1991.

128 2208 165 2238 In
188 2217 215 2237 e.
237 2217 300 2242 m.,
324 2216 379 2247 pro
401 2207 534 2237 ecclesia
560 2207 726 2246 hospitalis
747 2208 855 2238 Sancti
876 2209 1042 2239 Michaelis
1062 2210 1097 2238 in

91 2262 197 2300 Burgo
219 2261 469 2299 Sarmingnaui,
494 2261 715 2291 Urbevetanae
735 2262 906 2299 dioecesis,
926 2263 958 2291 in
980 2262 1010 2292 S.
1035 2263 1098 2292 Mi-

90 2314 210 2345 chaelis
230 2314 416 2352 archangeli
439 2319 470 2344 et
489 2315 728 2354 Assumptionis
750 2315 857 2345 beatae
876 2316 997 2345 Mariae
1012 2316 1099 2346 festi-

91 2368 241 2398 vitatibus
257 2372 287 2398 et
301 2377 356 2406 per
374 2372 442 2397 octo
457 2368 524 2397 dies
540 2373 720 2407 sequentes.
739 2369 810 2397 Dat.
828 2369 911 2407 apud
925 2369 1099 2399 Urbemve-

93 2424 202 2457 terem,
220 2431 239 2450 v
258 2420 412 2450 kalendas
428 2421 577 2457 octobris,
595 2429 682 2451 anno
697 2425 821 2460 quarto.

576 2501 704 2535 Orvieto,
721 2502 751 2527 11
770 2502 933 2536 septembre
950 2502 1028 2530 1291.

132 2565 213 2597 In,e.
231 2573 293 2601 m.,
311 2572 366 2603 pro
386 2563 522 2594 ecclesia
542 2564 729 2593 monasterii
749 2563 939 2594 monialium
959 2564 1100 2594 inclusa-

91 2626 163 2647 rum
177 2617 310 2647 Sanctae
325 2617 446 2647 Mariae
461 2617 501 2647 de
517 2617 612 2654 Rivo,
626 2617 849 2646 Cisterciensis
863 2617 997 2653 ordinis,
1014 2617 1100 2647 Nau-

92 2670 190 2700 tensis
207 2670 378 2706 dioecesis,
397 2671 431 2699 in
449 2674 587 2709 quatuor
606 2670 716 2699 beatae
738 2670 857 2699 Mariae
873 2674 903 2699 et
919 2674 1100 2699 sanctorum

94 2723 258 2753 Benedicti
277 2728 307 2753 et
330 2723 487 2753 Bernardi
508 2723 733 2753 festivitatibus
755 2728 785 2752 et
806 2732 861 2761 per
879 2727 948 2753 octo
968 2723 1034 2753 dies
1053 2732 1102 2752 se-

93 2782 238 2815 quentes.
255 2777 327 2807 Dat.
344 2776 429 2815 apud
452 2776 732 2813 Urbemveterem‚
752 2785 785 2805 111
806 2776 879 2806 idus
899 2776 1101 2814 septembris,

92 2837 179 2859 anno
197 2833 320 2868 quarto.

573 2894 705 2926 Orvieto,
723 2893 754 2921 27
772 2895 937 2929 septembre
954 2895 1032 2922 1291.

138 2957 174 2986 In
194 2966 220 2988 e.
238 2967 296 2994 m.,
313 2966 368 2996 pro
384 2957 516 2987 ecclesia
533 2956 718 2986 monasterii
734 2956 843 2986 Sancti
860 2956 1001 2986 Thomae
1017 2961 1104 2986 extra

1163 357 1271 378 muros
1284 349 1420 379 civitatis
1433 350 1619 386 Perusinae,
1633 349 1755 379 ordinis
1771 349 1802 379 S.
1822 350 2006 387 Augustini,
2024 350 2058 380 in
2075 360 2167 381 sanc-

1163 404 1266 432 torum
1286 402 1426 432 Thomae
1444 402 1589 441 apostoli,
1608 403 1750 433 Thomae
1772 404 1925 442 martyris
1948 407 1978 433 et
1996 404 2168 442 Augustini

1164 455 1393 486 festivitatibus
1409 461 1439 486 et
1454 466 1509 496 per
1524 462 1591 487 octo
1605 457 1674 487 dies
1690 461 1870 495 sequentes.

1210 521 1221 534 ι
1240 509 1427 539 Sanctorum
1447 510 1568 539 meritis
1584 510 1733 540 inclita...
1751 527 1787 531 —
1806 510 1876 540 Dat.
1893 510 1977 549 apud
1993 510 2170 541 Urbemve-

1167 565 1277 596 terem,
1298 571 1318 591 v
1334 561 1486 592 kalendas
1504 563 1651 600 octobris,
1670 571 1756 593 anno
1773 567 1896 602 quarto.
1916 575 1930 590 »

1644 642 1776 675 Orvieto,
1793 642 1825 669 28
1841 643 2004 677 septembre
2022 642 2098 670 1291.

1208 703 1245 731 In
1265 712 1291 732 e.
1313 712 1369 739 m.,
1387 713 1442 741 pro
1459 704 1592 734 ecclesia
1610 706 1724 735 Beatae
1742 706 1861 735 Mariae
1880 706 1918 735 de
1935 706 2076 742 Varscat,
2092 706 2172 736 Tor-

1168 757 1315 784 nacensis
1344 756 1517 793 dioecesis,
1550 758 1583 786 in
1616 763 1752 796 quatuor
1784 759 1892 788 beatae
1925 760 2044 788 Mariae
2075 762 2104 788 et
2138 758 2170 790 S.

1167 808 1328 837 Johannis
1346 809 1506 846 Baptistae
1524 810 1761 847 festivitatibus,
1775 820 1829 849 per
1843 816 1909 841 octo
1924 812 1990 841 dies
2006 815 2173 850 sequentes

1169 866 1200 890 et
1215 862 1248 890 in
1265 862 1487 892 anniversario
1501 863 1552 892 die
1568 863 1776 892 dedicationis
1793 864 1935 902 ejusdem
1951 865 2111 895 ecclesiae.

1212 926 1226 941 «
1249 914 1411 944 Gloriosus
1434 916 1518 944 Dens
1538 916 1611 946 in...
1633 932 1670 937 —
1693 916 1763 945 Dat.
1786 917 1870 954 apud
1892 918 2173 955 Urbemveterem,

1171 976 1217 995 1111
1233 966 1387 996 kalendas
1403 967 1551 1005 octobriS‚
1569 977 1655 997 anno
1672 973 1794 1006 quarto.
1815 981 1827 995 ι

1749 1048 1826 1080 Orte,
1847 1049 1877 1075 17
1893 1049 2008 1075 octobre
2028 1050 2103 1076 1291.

1212 1110 1249 1138 In
1270 1118 1295 1138 e.
1315 1118 1356 1138 111,
1373 1134 1379 1145 ,
1400 1119 1455 1147 pro
1474 1110 1649 1140 cathedrali
1670 1110 1802 1140 ecclesia
1820 1111 1955 1147 Ortana,
1977 1112 2088 1142 Beatae
2106 1112 2176 1141 Ma·

1172 1163 1238 1191 riae
1256 1163 1407 1192 vocabulo
1424 1163 1599 1200 insignita,
1618 1163 1653 1192 in
1672 1168 1808 1202 quatuor
1824 1165 1931 1194 beatae
1952 1166 2070 1194 Mariae
2089 1165 2175 1194 festi-

1172 1216 1340 1252 vitatibus,
1359 1225 1414 1254 per
1430 1221 1498 1246 octo
1514 1217 1580 1246 dies
1598 1222 1766 1255 sequentes
1785 1223 1815 1247 et
1833 1219 1865 1247 in
1886 1219 2107 1249 anniversario
2125 1220 2177 1250 die

1173 1268 1379 1299 dedicationis
1397 1270 1542 1308 ejusdem
1560 1270 1722 1300 ecclesiae.

1215 1334 1228 1348 u
1249 1323 1412 1352 Gloriosus
1429 1324 1514 1353 Dens
1532 1324 1604 1353 in...
1624 1340 1663 1345 —
1685 1324 1751 1353 ilat.
1772 1325 1855 1362 apud
1871 1324 1978 1361 Ortas,
1998 1335 2048 1354 xv1
2066 1325 2176 1354 kalen—

1174 1376 1229 1405 das
1246 1376 1442 1413 novembris,
1461 1386 1546 1407 anno
1563 1382 1685 1416 quarto.
1706 1390 1719 1404 ι)

1246 1555 1364 1584 6125

1212 1616 1254 1642 De
1273 1617 1430 1643 mutatione
1445 1617 1666 1651 possessionum
1682 1621 1709 1644 et
1726 1618 1835 1652 jurium
1854 1619 1927 1645 inter
1942 1620 2110 1654 episcopum
2125 1619 2179 1646 Fa-

1176 1666 1326 1692 ventinum
1349 1670 1375 1692 et
1401 1668 1608 1693 monasterium
1627 1666 1747 1693 Sanctae
1772 1667 1873 1694 Crucis
1896 1667 1995 1695 Fontis
2010 1668 2178 1703 Avellanae,

1176 1714 1345 1749 Eugubinae
1361 1714 1514 1742 dioecesis„
1533 1715 1615 1748 (Rae.
1634 1716 1675 1746 46,
1697 1724 1722 1743 c.
1740 1716 1800 1747 536,
1817 1717 1836 1743 s.
1857 1717 1904 1743 107
1923 1719 1970 1749 ro.)

1655 1555 1785 1587 Orvieto‚
1803 1557 1834 1583 27
1850 1557 2013 1591 septembre
2030 1557 2108 1585 1291.

1219 1840 1238 1845 ..
1265 1817 1396 1854 episcopo
1422 1817 1561 1846 Cesanacz·
1590 1818 1720 1847 mandat
1748 1823 1781 1848 ut
1806 1819 1948 1857 inquirat
1971 1819 2009 1849 de
2034 1824 2180 1858 opportu-

1178 1869 1276 1898 nitate
1302 1869 1463 1907 petitionis
1489 1879 1550 1908 qua
1579 1891 1600 1901 ..
1626 1871 1712 1908 prior
1739 1875 1770 1900 et
1794 1875 1970 1901 conventus
1997 1873 2181 1902 monasterii

1178 1922 1314 1952 Sanctae
1329 1922 1440 1952 Crucis
1462 1923 1572 1952 Fontis
1590 1924 1773 1961 Avellanae,
1796 1934 1849 1963 per
1866 1925 2003 1963 priorem
2020 1925 2104 1955 soliti
2121 1935 2181 1964 gu-

1178 1976 1317 2011 bernari,
1335 1976 1373 2004 ad
1391 1984 1557 2005 romanam
1574 1976 1738 2006 ecclesiam
1756 1977 1845 2007 nullo
1862 1978 1966 2008 medio
1983 1979 2180 2017 pertinentis,

1178 2029 1300 2058 ordinis
1327 2029 1357 2057 S.
1389 2028 1572 2065 Benedicti,
1600 2029 1787 2067 Eugubinae
1816 2030 1969 2060 dioecesis
1981 2053 1989 2067 ,
2020 2032 2181 2061 licentiam

1181 2085 1312 2120 poscunt
1329 2081 1463 2110 cedendi
1482 2081 1628 2120 episcopo
1645 2082 1832 2121 Faventino,
1852 2092 1907 2121 pro
1922 2084 2048 2122 juribus
2066 2085 2183 2114 confir-

1180 2135 1331 2164 mationis
1343 2135 1466 2164 abbatis
1482 2139 1512 2163 et
1529 2135 1722 2165 visitationis
1738 2145 1817 2175 quae
1833 2137 1865 2165 in
1882 2138 2073 2167 monasterio
2086 2138 2182 2168 Sanc-

1182 2194 1229 2218 tae
1248 2188 1367 2217 Mariae
1384 2188 1573 2225 Faventino,
1591 2189 1694 2219 eidem
1714 2190 1908 2219 monasterio
1926 2190 2059 2220 Sanctae
2074 2191 2184 2221 Crucis

1181 2242 1337 2279 subjecto,
1367 2241 1480 2277 habet,
1512 2241 1678 2271 ecclesiam
1711 2243 1750 2271 de
1781 2243 1963 2281 Camporis,
1993 2244 2185 2274 Faventinae

1181 2295 1353 2329 dioecesis,
1376 2303 1472 2332 qnam
1494 2295 1593 2324 iidem
1614 2296 1697 2333 prior
1715 2301 1746 2326 et
1764 2301 1942 2327 conventus
1960 2299 2110 2327 canonice
2128 2298 2183 2328 ob-

1184 2349 1295 2377 tinent.

1227 2412 1239 2427 «
1259 2402 1301 2430 Ex
1319 2405 1405 2439 parte
1420 2400 1647 2432 dilectorum...
1665 2419 1705 2425 —
1723 2403 1793 2432 Dat.
1812 2403 1894 2442 apud
1914 2404 2184 2442 Urbemveterem‚

1183 2463 1202 2483 v
1217 2453 1370 2484 kalendas
1385 2455 1532 2489 octobris,
1549 2463 1635 2485 anno
1652 2460 1775 2494 quarto.
1795 2468 1808 2483 ι

1255 2639 1376 2666 612ss

1219 2699 1403 2734 Dispensatio
1419 2708 1507 2734 super
1524 2701 1683 2734 pluralitate
1699 2702 1916 2731 beneficiorum.
1930 2702 2011 2735 (Rae.
2025 2704 2066 2737 40,
2084 2712 2109 2729 c.
2126 2704 2186 2737 537,

1184 2749 1203 2775 f.
1222 2748 1270 2775 107
1289 2750 1335 2781 ι··.)

1669 2640 1794 2672 Orvieto,
1812 2640 1844 2667 22
1860 2641 2022 2676 septembre
2039 2642 2115 2668 1291.

1224 2849 1310 2878 Petro
1329 2850 1362 2878 de
1380 2849 1565 2888 Laventone‚
1582 2852 1752 2890 presbytero
1766 2875 1774 2889 ,
1792 2854 1902 2882 rectori
1921 2854 2035 2882 ecclesie
2051 2855 2083 2882 dc
2101 2855 2188 2883 Lede-

1184 2903 1286 2932 cumbe
1309 2902 1424 2939 Basset,
1450 2903 1681 2933 Saresbz‘riensts
1706 2905 1840 2934 diocesis.
1864 2904 1945 2935 Cum
1970 2913 2005 2935 eo
2027 2905 2190 2944 dispensat

1187 2964 1281 2993 super
1303 2963 1338 2984 eo
1359 2955 1442 2993 quod
1465 2955 1612 2986 ecclesias
1633 2957 1671 2986 de
1692 2957 1892 2988 Ledecumbe
1912 2962 1941 2988 et
1961 2958 1998 2988 de
2018 2958 2186 2997 Cheverel,
