2393 3496
896 319 1149 365 QUATRIEME
1165 320 1322 359 ANNEE.
1790 365 1795 370 ,
2102 336 2160 367 873

68 398 190 440 Justitia
216 396 428 435 respondere,
457 400 545 426 extra
573 396 745 426 dioecesim
773 395 988 425 Parisiensem
1019 404 1074 434 per

70 452 189 482 litteras
205 449 288 479 sedis
305 448 495 487 apostolicae
518 448 566 478 vel
583 448 761 487 legatorum
777 449 846 487 ejus
861 449 895 479 in
912 448 1073 487 judicium

71 503 192 536 evocari
207 511 269 532 non
286 502 420 540 possint.

111 569 126 584 «ι
153 555 275 586 Eximie
295 554 472 584 devotionis
498 555 667 585 affectus...
693 572 730 578 —-
757 556 827 585 Dat.
853 556 965 592 Rome,
989 555 1073 594 apud

72 610 217 640 Sanctam
246 608 381 637 Mariam
412 608 585 647 Majorem,
619 618 650 638 vr
683 609 755 638 idus
785 608 955 643 februarii,
988 617 1073 638 anno

71 666 190 702 quarto.
207 672 222 688 »

139 859 255 889 6538

104 922 225 949 Litteras
255 921 359 955 quibus
389 920 559 947 Fredericus
587 920 651 952 llus,
677 921 874 948 Romanorum
900 923 1070 956 imperator,

70 970 239 998 monasterio
255 969 378 996 Cavensi
393 973 486 996 035113
501 968 619 1000 Cilenti,
636 969 745 996 Caveae
761 974 788 996 et
806 970 903 996 Sancti
920 970 1072 1004 AdJutou-is

69 1023 98 1047 et
111 1019 179 1046 alias
194 1019 397 1053 possessiones
413 1018 592 1045 confirmavit
607 1022 636 1045 et
650 1019 789 1053 quaedam
802 1019 957 1052 libertates,
970 1020 1072 1045 immu-

70 1069 182 1102 nitates,
198 1067 397 1102 exemptiones
410 1071 438 1094 et
449 1068 503 1094 alia
515 1068 582 1102 jura
598 1067 675 1094 dedit
686 1068 816 1094 annotari
831 1068 908 1094 facit.
928 1068 1009 1100 (Res.
1026 1068 1070 1099 46,

69 1126 95 1145 c.
111 1117 172 1151 7¹8,
187 1117 207 1143 f.
224 1116 274 1143 143
289 1116 337 1148 ro.)

361 859 728 894 Sainte-Marie-Majeure,
745 860 777 887 27
791 861 905 894 janvier
925 860 998 887 1292.

110 1254 130 1262 ..
149 1232 248 1261 abbaci
265 1235 291 1260 et
307 1232 468 1260 conventui
485 1232 666 1260 monasterii
683 1232 836 1267 Curensis,
854 1232 893 1260 ad
907 1241 1071 1261 romanam

69 1285 215 1314 ecclesiam
228 1283 314 1313 nullo
332 1284 428 1313 medio
440 1285 633 1321 pertinentis,
650 1285 768 1313 ordinis
782 1285 885 1314 Sancti
901 1285 1050 1315 Benedicti
1064 1309 1070 1321 ,

70 1337 258 1367 Salernitane
274 1337 409 1366 diocesis.
981 1329 983 1332 ’

109 1390 319 1420 Instrumenti
335 1391 479 1420 annotati
497 1394 587 1420 tenor
609 1390 662 1420 hic
677 1395 723 1420 est
742 1403 749 1421 2

111 1456 125 1472 ι
150 1444 188 1473 Ιο
211 1444 344 1474 0001100
373 1444 433 1473 Dei
457 1444 559 1474 eterni
592 1447 622 1474 et
652 1444 816 1475 salvatoris
844 1445 920 1475 Jesu
953 1445 1071 1475 Christi

73 1509 87 1525 11
109 1498 226 1527 Amen.
246 1496 426 1526 Fridericus
443 1497 617 1533 secundus,
636 1497 746 1527 divina
763 1498 889 1528 favente
904 1498 1075 1529 clementia

73 1562 86 1578 11
109 1550 327 1580 Romanorum
341 1550 513 1588 imperator
528 1559 652 1588 semper
668 1555 824 1588 augustus
836 1557 865 1581 et
880 1561 934 1581 rex
951 1552 1071 1582 Sicilie.

74 1615 87 1630 ι
109 1603 145 1633 Si
167 1603 332 1641 regnantis
349 1602 524 1641 gloriam...
543 1619 582 1626 —
604 1603 674 1633 Dat.
699 1603 842 1639 Salerni,
866 1609 933 1642 post
949 1605 1073 1635 curiam

71 1668 87 1684 n
108 1655 213 1695 Capue
255 1656 445 1686 celebratam
460 1680 466 1692 ,
512 1665 599 1686 anno
642 1656 801 1687 dominice
841 1657 1074 1688 incarnationis

71 1721 86 1736 ι
107 1716 270 1746 u.cc.xx1⁰,
288 1718 397 1739 mense
413 1709 577 1746 februarii,
595 1718 679 1740 none
696 1710 900 1747 indictionis,
918 1716 1074 1749 regnante

71 1773 86 1790 11
108 1762 238 1793 domino
255 1766 362 1792 nostro
377 1763 551 1799 Friderico,
570 1763 632 1793 Dei
647 1764 748 1801 gratia
770 1763 989 1794 illustrissimo
1008 1766 1073 1795 Ro-

71 1827 86 1842 »
106 1824 274 1846 manorum
294 1816 486 1854 imperatore
509 1825 634 1855 semper
654 1821 790 1855 augusto
805 1822 836 1847 et
857 1827 931 1856 rege
950 1818 1071 1854 Sicilie,

72 1880 87 1896 »
107 1869 233 1908 imperii
249 1869 318 1908 ejus
330 1878 416 1899 anno
427 1870 530 1908 primo
542 1894 549 1906 ,
564 1871 656 1907 regni
669 1879 743 1900 vero
755 1870 864 1900 Sicilie
879 1879 966 1900 anno
982 1871 1073 1900 tertio

72 1933 87 1949 ι
109 1921 241 1951 decimo.
260 1921 410 1952 Feliciter
424 1931 530 1952 amen.
550 1934 564 1948 n

110 1987 126 2003 «
148 1975 264 2005 Petitio
289 1980 341 2005 tua
365 1975 496 2005 nobis...
519 1993 558 1998 —
579 1976 651 2006 Dat.
675 1976 790 2012 Rome,
815 1977 899 2016 apud
923 1977 1073 2007 Sanctam

71 2028 204 2058 Mariam
221 2029 394 2068 Majorem,
412 2038 443 2058 Vl
459 2028 612 2059 kalendas
628 2030 792 2066 februarii,
809 2039 895 2060 anno
911 2035 1033 2069 quarto.
1056 2044 1070 2058 n

137 2227 252 2256 6539

103 2294 286 2330 Dispensatio
302 2303 390 2331 super
401 2289 565 2331 'pluralitate
581 2297 796 2324 beneficiorum.
814 2298 897 2332 (Rea.
910 2299 953 2333 46,
966 2307 991 2325 c.
1009 2300 1070 2330 719,

67 2343 88 2370 ἰ.
105 2343 154 2371 143
169 2345 222 2377 νῦ.)

370 2227 728 2264 Sainte-Marie-MaJeure,
746 2229 780 2256 25
791 2230 905 2264 ,13011101-
922 2230 1000 2258 1292.

105 2460 226 2496 Alfonso
242 2460 382 2497 Martini,
398 2462 547 2497 mayistro
562 2462 714 2491 scolarum
730 2463 848 2492 ecclesie
862 2464 1071 2500 Astorz‘censz's,

67 2511 194 2542 obtentu
207 2513 393 2552 Raynucini
409 2513 447 2543 de
459 2514 563 2552 Muro,
578 2515 797 2545 archidiaconi
812 2516 1022 2546 Vervecensis
1038 2517 1072 2546 iu

68 2564 198 2596 ecclesia
214 2566 373 2604 Burgensi
387 2591 394 2604 ,
415 2567 572 2606 capellani
589 2577 686 2608 papae
704 2573 734 2599 et
748 2569 928 2599 litterarum
947 2574 1072 2609 aposto-

69 2617 202 2649 licarum
224 2620 491 2650 contradictarum
516 2621 688 2659 auditoris,
710 2622 855 2661 indulget
875 2627 920 2659 ut,
950 2628 1074 2661 praeter

68 2672 288 2710 magisterium
308 2673 490 2703 scholarum
511 2674 662 2705 ecclesiae
686 2677 902 2706 Astoricensis
926 2680 956 2705 et
978 2685 1072 2706 cano-

68 2725 206 2762 nicatus,
223 2726 435 2764 praebendas,
454 2728 614 2765 portiones
633 2732 664 2757 et
683 2729 912 2767 praestimonia
934 2738 1015 2768 quae
1037 2730 1072 2759 10

68 2778 276 2815 Α51011001151,
290 2778 533 2817 Calagurritana
548 2783 578 2810 et
593 2780 745 2811 Ovetensi
763 2781 905 2812 ecclesiis
922 2782 1071 2821 possidet,

66 2830 198 2860 unicum
212 2830 302 2860 aliud
316 2832 510 2862 beneficium
524 2834 666 2872 accipere
682 2834 792 2872 possit.

107 2893 123 2910 ι
139 2882 205 2913 Ε151
222 2888 346 2922 propter
361 2885 592 2916 ambitiones...
606 2902 645 2909 —
657 2887 729 2917 Dat.
746 2888 859 2925 Rome,
877 2889 960 2927 apud
977 2889 1074 2918 Sanc-

67 2939 131 2965 tam
156 2936 291 2966 Mariam
319 2937 471 2976 Majorem
483 2962 490 2975 ,
519 2948 576 2969 vm
604 2939 757 2970 kalendas
785 2941 938 2972 februarii
953 2967 960 2980 ,
985 2950 1024 2971 an
1032 2951 1072 2972 no

67 2992 190 3026 quarto.
208 3000 223 3016 »

207 3054 280 3082 Rae.
300 3055 423 3083 Niconis
450 3056 501 3086 IV.

1227 395 1344 424 6540

1191 456 1348 492 Reynaldo,
1363 459 1460 485 comiti
1473 459 1594 493 Gelriae,
1608 461 1826 486 concessionem
1839 462 1925 488 castri
1937 461 1971 487 de
1982 462 2159 498 Novomagio

1156 510 1183 532 et
1202 507 1327 533 thelonei
1343 507 1377 533 de
1394 508 1526 535 Lobedde
1540 509 1567 535 111
1584 509 1701 536 seudum
1717 509 1876 536 confirmat.
1899 510 1979 541 (Hm.
1996 511 2039 544 46,
2056 520 2080 538 c.
2098 513 2159 545 720,

1155 555 1174 581 f.
1196 556 1243 582 143
1260 560 1310 588 vo.)

1484 397 1843 432 Sainte-Marie-Majeure.
1862 399 1876 425 4
1892 399 1995 426 fen-ier
2014 401 2088 428 1292.

1195 658 1293 686 Nobili
1311 659 1375 687 viro
1392 660 1552 696 Reynaldo,
1576 661 1680 689 comiti
1703 660 1816 697 Gelrie‚
1837 662 1939 690 devoto
1956 667 2069 691 nostro.
2089 674 2103 687 «
2122 662 2160 691 In

1157 713 1263 738 tenore
1280 711 1493 748 quarumdam
1513 712 1691 742 litterarum
1710 713 1794 743 clare
1810 715 1965 744 memorie
1981 714 2159 751 Guillelmi,

1155 762 1238 799 regis
1255 763 1486 799 Romanorum,
1500 764 1534 793 in
1548 764 1660 794 litteris
1672 766 1770 795 felicis
1783 767 2010 797 recordationis
2025 768 2162 797 Alexan-

1155 814 1203 843 dri
1225 824 1302 852 pape
1325 815 1420 849 ΙΙΙΙῑῑ,
1444 817 1673 854 predecessoris
1697 819 1808 852 1105111,
1832 819 1964 857 inserto,
1990 820 2075 849 inter
2099 820 2161 850 alia

1154 867 1374 905 perspeximus
1390 870 1548 898 contineri
1565 870 1649 908 quod
1668 871 1754 900 idem
1771 880 1841 907 rex,
1859 872 1897 901 de
1916 873 2051 902 consilio
2069 874 2160 911 prin-

1155 919 1279 957 cipum,
1297 921 1459 958 qnondam
1479 922 1602 958 Ottoni,
1621 922 1768 952 Gelrensi
1787 925 1897 953 comiti
1918 929 1948 954 et
1966 925 2160 963 Sutphanie,

1154 973 1237 1010 patri
1263 977 1330 1010 tuo,
1350 978 1488 1003 castrum
1513 975 1551 1004 de
1573 976 1771 1014 Novomagio
1790 982 1819 1006 et
1844 977 2027 1007 theloneum
2046 978 2083 1007 de
2104 979 2161 1008 Lo-

1154 1025 1270 1062 bedde,
1288 1034 1359 1055 cum
1377 1027 1527 1057 omnibus
1543 1029 1745 1066 pertinentiis
1762 1030 1842 1066 suis,
1860 1030 1892 1058 in
1913 1030 2041 1059 feudum
2061 1031 2161 1069 possi-

1155 1078 1259 1107 denda
1283 1081 1448 1110 concessit.
1468 1081 1535 1111 Nos
1555 1081 1666 1119 igitur,
1687 1082 1749 1111 tuis
1772 1083 1918 1120 precibus
1941 1083 2101 1120 inclinati,
2123 1084 2162 1112 ad

1154 1130 1256 1159 instar
1280 1132 1512 1169 predecessoris
1538 1134 1697 1171 ejusdem,
1727 1134 1965 1164 concessionem
1996 1135 2096 1173 ipsam
2125 1136 2163 1165 de

1155 1189 1256 1213 castro
1281 1190 1311 1214 et
1336 1185 1482 1215 theloneo
1505 1186 1655 1224 predictis
1683 1187 1813 1225 provide
1839 1188 1952 1217 factam
1978 1189 2163 1218 auctoritate

1154 1237 1323 1274 apostolica
1339 1239 1581 1276 confirmamus,
1599 1245 1669 1275 etc.‚
1686 1250 1785 1279 nsque
1801 1242 2052 1271 communimus.
2072 1242 2161 1271 Nulli

1156 1299 1241 1327 ergo,
1261 1296 1332 1325 etc.‚
1356 1296 1461 1322 nostre
1476 1293 1742 1330 confirmationis,
1764 1299 1823 1324 010.
1848 1295 1918 1323 Dat.
1945 1295 2061 1331 Rome,
2079 1295 2162 1333 apud

1156 1343 1306 1373 Sanctam
1336 1345 1472 1374 Mariam
1500 1346 1665 1384 MaJ'orem,
1698 1356 1719 1376 11
1749 1356 1850 1377 nonas
1881 1348 2046 1383 februarii,
2076 1356 2162 1377 anno

1157 1402 1279 1435 quarto.
1302 1410 1315 1423 »

1229 1558 1315 1586 654
1322 1558 1342 1585 Ι

1194 1619 1371 1654 Stephanum
1397 1620 1431 1646 de
1456 1620 1648 1647 Montebarris
1672 1630 1687 1647 a
1716 1621 1916 1647 tabellionatus
1941 1621 2032 1647 officio
2061 1622 2163 1656 privat.

1157 1668 1240 1701 (Rm.
1259 1669 1301 1702 46,
1319 1669 1426 1703 0721,
1443 1670 1462 1695 f.
1484 1669 1531 1696 143
1546 1671 1598 1703 v0.)

1492 1558 1843 1593 Sainte-Marie-Majeure,
1862 1560 1876 1585 5
1892 1559 1996 1585 fex-rior
2017 1559 2092 1586 1292.

1199 1788 1218 1794 ..
1247 1766 1356 1794 decano
1382 1765 1497 1794 ecclesie
1522 1766 1780 1802 Rochomayensis.
1810 1777 1823 1791 ιι
1853 1765 1983 1795 Dudum
2011 1765 2164 1803 magistro

1157 1818 1331 1848 Guillelmo
1355 1819 1393 1848 de
1420 1818 1609 1855 BonavalIe,
1636 1819 1841 1857 presbytero,
1865 1819 2070 1849 Carnotensis
2101 1819 2162 1849 dio·

1157 1872 1254 1908 cesis,
1271 1876 1433 1901 asserente
1455 1872 1538 1910 quod
1561 1872 1756 1901 venerabilis
1772 1872 1869 1901 frater
1885 1878 1990 1901 noster
2012 1895 2032 1901 ..
2052 1872 2163 1902 Ebroi-

1157 1925 1259 1954 censis
1276 1926 1439 1964 episcopus
1453 1926 1557 1963 ipsum
1574 1925 1759 1954 anctoritate
1776 1925 1953 1954 litterarum
1973 1925 2056 1954 sedis
2073 1934 2163 1963 apos-

1157 1977 1248 2007 tolice
1270 1982 1432 2016 receperat
1456 1982 1486 2007 et
1507 1987 1525 2007 a
1549 1978 1672 2007 dilectis
1695 1978 1770 2007 filiis
1796 2001 1814 2007 ..
1840 1978 1959 2008 decano
1975 1983 2004 2008 et
2026 1977 2163 2016 capitulo

1157 2032 1371 2070 Ebroycensis
1392 2031 1524 2061 ecclesie
1541 2032 1637 2070 recipi
1659 2032 1775 2061 1000131
1796 2031 1829 2060 in
1849 2031 1957 2060 eadem
1976 2031 2107 2061 ecclesia
2128 2031 2162 2060 in

1156 2085 1348 2115 canonicum
1369 2089 1398 2114 et
1414 2085 1448 2113 in
1465 2085 1610 2117 fratrem.
1638 2085 1698 2114 sibi
1721 2084 1811 2114 stallo
1830 2085 1863 2113 in
1886 2085 1982 2114 choro
2003 2090 2031 2113 01
2047 2084 2113 2114 1000
2129 2085 2163 2113 111

1155 2138 1293 2176 capitulo
1319 2137 1419 2175 ipsius
1448 2137 1580 2166 ecclesie
1609 2137 1791 2174 assignatis,
1819 2146 1854 2166 ac
1879 2137 1908 2166 ei
1936 2137 1973 2166 de
2001 2137 2163 2175 prebenda

1156 2192 1255 2222 libera
1270 2197 1299 2220 et
1315 2196 1445 2221 vacante
1456 2191 1491 2220 in
1508 2191 1618 2220 eadem
1635 2190 1766 2220 ecclesia
1783 2200 1836 2228 per
1847 2195 1981 2220 mortem
1995 2191 2159 2228 quondam

1156 2245 1299 2283 magistri
1323 2243 1467 2282 Philippi
1490 2244 1528 2273 de
1551 2243 1719 2281 Gurgiaco,
1745 2244 1827 2273 dicte
1849 2243 1981 2273 ecclesie
2002 2243 2161 2280 canonici,

1156 2299 1288 2328 duxerat
1303 2297 1551 2336 providendum,
1577 2302 1607 2327 et
1623 2297 1706 2335 quod
1723 2297 1855 2335 predicti
1872 2297 2012 2326 decanus
2030 2301 2060 2326 et
2075 2297 2161 2335 capi-

1157 2352 1259 2382 tulum
1279 2361 1312 2381 ac
1329 2351 1475 2389 magistri
1494 2350 1684 2380 Eustachius
1700 2350 1737 2380 de
1754 2350 1977 2387 Grandicuria,
1999 2350 2161 2380 archidia-

1155 2414 1253 2435 conus
1265 2405 1302 2434 de
1314 2404 1447 2434 0011310
1459 2403 1590 2434 ecclesia
1600 2403 1785 2433 Ebroicensi
1797 2403 1948 2442 predicta,
1960 2408 2162 2432 conservator

1156 2458 1394 2497 privilegiorum
1418 2457 1639 2487 universitatis
1660 2457 1865 2494 Parisiensis,
1890 2461 1920 2486 et
1943 2456 2099 2486 Radulfus
2124 2457 2162 2486 de

1157 2511 1339 2547 Haricuria‚
1373 2511 1545 2540 canonicus
1573 2511 1764 2540 Parisiensis
1777 2532 1784 2545 ‚
1819 2510 1938 2539 dictum
1971 2510 2162 2547 magistrum

1157 2565 1366 2595 Guillelmnm
1389 2563 1607 2601 impediebant
1629 2563 1805 2602 quominus
1821 2563 2015 2601 prebendam
2031 2562 2161 2600 assequi

1155 2624 1185 2648 et
1200 2619 1342 2648 obtinere
1357 2621 1459 2655 posset
1474 2616 1619 2653 eandem,
1634 2621 1664 2645 et
1677 2616 1760 2655 quod
1780 2640 1799 2646 ..
1815 2616 1954 2645 decanus
1972 2615 2159 2649 Μο111011515,

1156 2673 1205 2702 001
1225 2672 1327 2700 dictus
1346 2670 1510 2709 episcopus
1525 2670 1745 2699 executionem
1764 2669 1954 2708 provisionis
1975 2668 2162 2707 hujusmodi

1156 2724 1369 2759 commiserat,
1390 2726 1482 2760 prout
1501 2731 1537 2751 ex
1556 2722 1656 2752 forma
1674 2722 1886 2760 predictarum
1904 2726 2025 2760 poterat
2041 2722 2160 2750 littera-

1156 2787 1240 2814 rum,
1257 2775 1610 2812 excommunicationis,
1627 2775 1845 2814 suspensionis
1863 2780 1891 2804 et
1911 2775 2070 2804 interdicti
2088 2782 2160 2802 seu-

1157 2832 1269 2862 tentias
1289 2839 1324 2860 ac
1348 2830 1427 2859 alios
1451 2837 1615 2868 processus
1638 2837 1693 2867 pro
1719 2829 1788 2867 ipso
1810 2829 1960 2866 magistro
1987 2827 2159 2857 Guillelmo

1155 2894 1211 2924 per
1237 2883 1375 2914 eundem
1405 2882 1562 2912 decanum
1591 2881 1791 2911 Meldensem
1821 2881 1907 2919 prius
1941 2881 2000 2909 rite
2036 2879 2161 2909 habitos

1156 2942 1262 2977 postea
1277 2939 1448 2966 revocarat.
1466 2936 1532 2965 Nos
1550 2935 1585 2965 10
1601 2944 1696 2965 causa
1712 2944 1773 2973 que
1789 2934 1874 2964 inter
1891 2933 2027 2963 eundem
2045 2933 2157 2970 magis-

1156 2996 1240 3020 trum
1267 2989 1492 3026 Guillelmum,
1519 2998 1554 3018 ex
1583 2992 1670 3027 parte
1692 2996 1766 3021 una,
1793 2991 1823 3016 et
1845 2987 2001 3016 decanum
2026 2990 2055 3015 et
2078 2985 2160 3024 capi-

1973 3051 2020 3077 110
