2393 3496
922 292 1175 339 QUATRIEME
1195 290 1352 331 ANNnE.
2123 305 2180 336 767

137 380 151 396 α
175 368 267 398 Viros
290 367 425 398 scientia
444 368 622 406 preditos...
638 386 677 390 —
696 369 766 399 Dat.
787 369 871 408 apud
892 369 1097 399 Urbemvete-

97 430 176 459 rem,
191 430 237 450 1111
252 428 353 451 nonas
365 420 453 459 julii,
469 430 555 451 311110
573 425 696 460 quarto.
716 434 729 449 n

135 474 174 504 In
202 482 230 503 e.
255 482 299 502 m.
328 495 348 502 ..
376 473 522 512 episcopo
549 474 756 512 Segobiensi,
781 475 924 505 Johanni
951 475 1096 512 Judicis,

97 527 218 558 notario
234 534 344 564 papae,
364 527 541 565 praeposito
556 527 706 557 ecclesiae
726 528 944 565 Maguntinae,
963 533 993 557 et
1011 550 1031 557 ..
1047 537 1097 558 ar-

95 579 281 611 chidiacono
291 579 522 609 Panormitano
535 580 667 609 mandat
680 584 716 610 ut
727 580 876 610 eumdem
888 580 1099 610 Guillelmum

96 632 146 663 vel
168 635 403 671 procuratorem
429 632 498 670 ejus
521 632 621 670 recipi
644 633 761 663 faciant
778 633 814 662 111
834 633 965 663 00010513
986 633 1098 663 Ρ31011-

95 687 162 717 tina
184 686 219 715 in
243 685 434 715 canonicum
457 690 488 715 et
511 686 659 723 fratrem,
685 695 822 725 eumque
846 687 880 716 111
903 687 1097 725 corporalem

95 738 327 779 possessionem
340 738 538 777 praebendae
552 743 582 768 et
594 744 780 777 personatus
796 739 846 769 vel
862 739 1027 777 dignitatis
1041 740 1098 770 hu-

93 791 233 832 jusmodi
247 800 321 821 cum
336 791 503 829 praedictis
520 792 755 830 praestimoniis
770 792 936 822 inducant.

164 976 281 1007 5889
648 975 773 1009 Orvieto,
791 976 823 1002 21
837 976 932 1010 juillet
949 976 1026 1003 1291.

129 1037 261 1066 Facultas
272 1037 430 1065 redimendi
441 1037 568 1065 decimas
578 1046 594 1064 a
606 1038 696 1065 laicis.
710 1038 793 1071 (Rae.
806 1039 849 1070 46,
862 1047 887 1065 0.
900 1039 960 1069 367,
973 1039 992 1065 f.
1005 1039 1039 1066 72
1050 1041 1098 1072 r⁰.)

135 1162 156 1170 ..
175 1141 276 1170 abbati
294 1145 320 1170 et
339 1141 500 1170 conventui
517 1141 697 1170 monasterii
717 1141 803 1170 Beate
823 1142 917 1170 Marte
935 1141 970 1170 de
989 1140 1098 1171 Sancto

93 1194 179 1224 Petro
193 1202 283 1231 super
298 1194 416 1229 Divam,
434 1193 553 1222 ordinis
567 1193 598 1223 S.
616 1193 777 1230 Benedicti,
790 1193 946 1231 Sayiensz's
961 1194 1096 1224 diocesis.

96 1258 112 1275 «
128 1247 254 1277 Affectu
268 1250 344 1276 sunt
358 1246 556 1276 admittende
617 1246 811 1276 Redimendi
823 1247 964 1277 decimas
979 1247 1018 1277 de
1033 1256 1098 1277 ma-

94 1300 189 1330 nibus
203 1299 359 1330 laicorum
377 1299 413 1328 111
433 1295 609 1338 parrochiis
625 1299 755 1335 alienis,
773 1304 932 1330 rectorum
949 1300 1097 1330 ecclesia-

94 1362 166 1384 rum
190 1354 225 1383 111
249 1361 386 1391 quorum
412 1352 590 1391 parrochiis
616 1353 739 1383 decime
766 1353 834 1391 ipse
862 1354 1043 1383 consistunt
1070 1357 1100 1383 et

95 1406 337 1437 diocesanorum
355 1414 465 1436 earum
482 1405 521 1435 ad
538 1406 572 1435 id
588 1405 758 1436 accedente
774 1414 944 1443 consensu⁷
960 1406 1098 1436 auctori-

94 1462 157 1489 tate
172 1458 261 1489 vobis
276 1459 475 1497 presentium
491 1458 696 1488 concedimus
715 1458 911 1496 facultatem,
929 1458 1101 1488 sufficienti

95 1521 115 1542 a
133 1512 222 1542 vohis
242 1512 331 1551 prius
355 1512 485 1550 prestita
507 1513 655 1542 cautione
676 1512 714 1542 de
734 1512 943 1542 restituendis
967 1512 1101 1542 decimis

95 1565 175 1606 ipsis
195 1564 316 1595 eisdem
341 1564 484 1595 ecclesiis
506 1566 776 1604 quandocumque
798 1565 888 1596 1101115
910 1565 949 1595 ab
970 1565 1101 1595 illarum

97 1619 273 1649 rectoribus
303 1619 400 1649 fuerit
429 1618 467 1649 de
497 1619 725 1657 redemptionis
754 1619 855 1658 pretio
883 1619 1100 1649 satifactum.„

97 1672 168 1702 Dat.
192 1672 276 1711 apud
301 1671 583 1709 Urhemveterem,
604 1681 647 1702 xu
672 1672 826 1703 kalendas
850 1673 989 1711 augusti,
1016 1680 1102 1702 anno

97 1729 217 1765 quarto.
241 1736 256 1752 »

167 1911 289 1940 5890
679 1910 806 1945 Orvieto,
823 1911 856 1937 26
869 1911 935 1945 juin
952 1910 1031 1938 1291.

131 1973 262 2001 Waltero
278 1973 313 2000 de
329 1973 470 2007 Ha1ewin,
486 1973 580 2007 militi,
595 1972 787 2000 Tornacensis
798 1973 950 2005 dioecesis,
964 1972 1103 2000 ducentas

95 2022 183 2050 libras
204 2022 424 2057 parisiensium,
446 2030 518 2056 quas
542 2022 589 2048 1110
611 2021 773 2048 destinavit
787 2030 838 2057 pro
863 2024 977 2057 negotio
998 2021 1103 2048 Terrae

91 2071 218 2098 Sanctae
240 2070 412 2105 expendere,
433 2070 572 2106 permittit
593 2070 729 2102 detinere,
752 2070 907 2097 dummodo
924 2071 952 2097 in
969 2071 1103 2105 passagio

96 2120 222 2156 generali
237 2119 413 2146 transfretet.
430 2119 511 2152 (Rae.
530 2119 573 2151 46,
591 2127 616 2146 0.
635 2119 694 2152 368,
712 2120 732 2146 f.
749 2119 781 2146 72
799 2120 850 2154 r0.)

143 2223 310 2252 Venerabili
331 2222 428 2258 fratri
451 2243 470 2251 ..

99 2276 192 2306 nobis
213 2274 347 2305 dilectus
370 2274 458 2304 filius
482 2274 644 2304 Walterus
669 2274 707 2303 de
731 2274 895 2311 Halewin,
919 2274 1025 2312 miles,
1052 2277 1105 2304 tue

99 2329 245 2367 (11οο0515,
261 2328 346 2368 quod
364 2328 528 2367 quondam
544 2328 650 2366 Hugo,
667 2328 772 2365 miles,
789 2327 850 2358 1001
869 2328 1023 2367 eJusdem,
1042 2328 1103 2358 fra-

100 2387 146 2413 ter
168 2392 262 2420 suus,
283 2382 349 2412 zelo
371 2381 446 2411 fidei
467 2386 497 2411 et
518 2381 696 2411 devotionis
715 2390 879 2416 3000115115,
903 2382 979 2411 dum
1000 2381 1105 2411 adhuc

99 2436 231 2474 viveret,
248 2436 336 2466 vovit
351 2435 387 2464 in
403 2436 501 2466 Terre
517 2435 632 2465 Sancte
651 2435 831 2465 subsidium
849 2439 988 2473 tempore
1005 2444 1105 2473 gene-

101 2489 177 2519 ralis
187 2489 324 2528 passagii
339 2498 356 2518 a
373 2489 445 2518 sede
457 2488 630 2527 apostolica
644 2488 805 2518 statuendi
816 2488 1025 2526 personaliter
1035 2496 1106 2526 pro-

98 2542 209 2580 ficisci,
227 2550 340 2572 verum
356 2541 560 2580 postmodum
577 2550 676 2572 sanus
696 2546 726 2571 et
744 2541 916 2571 incolumis
932 2545 962 2570 et
979 2549 1106 2579 compos

99 2595 217 2625 mentis
230 2603 303 2632 5110,
320 2594 446 2624 condito
467 2598 666 2630 testamento,
684 2595 807 2632 rogavit
823 2594 962 2624 eundem
980 2594 1105 2624 Walte-

99 2657 172 2678 rum
194 2652 228 2678 ut
248 2656 303 2687 pro
328 2649 396 2686 ipso
419 2651 529 2677 votum
555 2647 741 2686 hujusmodi
764 2647 965 2685 adimpleret,
987 2656 1023 2677 ac
1045 2648 1106 2677 sibi

99 2705 226 2740 propter
242 2701 303 2731 hoc
323 2700 362 2730 de
383 2700 474 2730 bonis
498 2700 538 2729 ad
560 2700 664 2738 ipsum
685 2700 867 2730 Walterum
890 2701 1106 2739 spectantibus

101 2754 253 2784 ducentas
270 2753 367 2783 libras
387 2753 612 2791 parisiensium
629 2753 772 2782 exhiberi
788 2753 927 2791 precepit
943 2753 977 2783 in
994 2753 1107 2783 ultima

100 2806 279 2843 voluntate;
304 2806 389 2836 idem
412 2814 486 2835 vero
511 2805 674 2834 Walterus
698 2806 734 2835 in
757 2814 790 2835 se
813 2805 1000 2844 hujusmodi
1025 2814 1106 2836 onus

102 2860 280 2898 suscipiens
297 2858 444 2898 promisit
459 2867 515 2898 pro
530 2858 613 2888 dicto
629 2856 766 2896 Hugone
783 2858 819 2887 in
835 2858 946 2888 eodem
962 2859 1107 2898 passagio

103 2912 317 2942 transfretare.
335 2912 440 2948 Quare
460 2911 551 2941 nobis
572 2910 741 2940 humiliter
758 2910 949 2950 supplicavit
967 2917 1013 2949 ut,
1033 2920 1108 2942 cum

103 2965 171 3004 ipse
187 2969 315 3004 paratus
334 2965 375 2994 sit
392 2964 426 2993 in
443 2963 584 3003 predicto
600 2963 756 3002 passagio,
772 2967 807 2993 ut
827 2964 981 3002 promisit,
998 2973 1107 3000 perso-

495 2222 626 2260 episcopo
651 2222 841 2250 Tornacenst.
867 2232 881 2247 a
903 2220 1109 2258 Significavit,

1181 367 1295 397 naliter
1306 369 1520 405 transfretare,
1532 369 1593 399 sibi
1604 369 1688 408 quod
1701 368 1895 408 supradictas
1907 369 2058 400 ducentas
2068 371 2178 410 libras,

1180 430 1258 459 quas
1277 422 1315 451 de
1336 422 1427 452 bonis
1445 422 1596 461 predictis
1619 423 1736 462 recepit
1755 426 1785 452 et
1804 431 1883 461 quas
1905 432 2002 461 penes
2023 433 2056 454 se
2073 424 2178 461 habet,

1179 482 1234 512 pro
1254 474 1441 513 hujusmodi
1461 484 1558 506 onere
1579 475 1797 514 adimplendo,
1812 475 1898 506 licite
1913 476 2050 507 retinere
2066 477 2178 513 valeat,

1179 528 1351 558 concedere
1375 528 1414 558 de
1439 528 1638 567 benignitate
1663 529 1834 567 apostolica
1858 529 2077 567 dignaremur.
2103 531 2179 568 Nos,

1178 580 1280 619 ipsius
1310 581 1594 620 supplicationibus
1626 582 1792 619 inclinati,
1825 583 2015 612 fraternitati
2047 587 2099 613 tue
2127 592 2182 622 per

1179 633 1350 671 apostolica
1365 635 1482 673 scripta
1503 635 1694 665 mandamus
1713 639 1882 674 quatenus,
1902 636 1928 665 si
1946 640 1992 666 est
2006 637 2059 674 ita,
2078 637 2182 667 eidem

1183 685 1336 723 Waltero‚
1361 687 1401 716 ab
1430 687 1498 725 ipso
1525 688 1612 725 prius
1638 688 1809 718 sufficienti
1833 692 1863 718 et
1887 689 2010 728 ydonea
2037 690 2183 720 cautione

1180 742 1304 777 recepta
1320 739 1406 777 quod
1420 740 1455 769 111
1472 740 1615 778 proximo
1629 741 1771 778 generali
1788 742 1930 780 passagio
1946 746 2061 772 statuto
2076 752 2094 772 a
2109 743 2182 774 sede

1181 792 1320 830 predicta
1337 792 1371 821 in
1389 792 1489 830 ipsius
1504 797 1588 823 terre
1602 793 1782 824 subsidium
1798 795 2023 832 transfretabit,
2037 799 2066 825 et
2081 796 2106 825 si
2123 796 2183 826 sor-

1181 853 1238 874 san
1260 853 1333 874 eum
1357 845 1490 875 interim
1515 846 1667 876 decedere
1685 847 1893 885 contingeret,
1910 848 1959 878 vel
1978 848 2057 878 alias
2077 849 2183 888 aliquo

1181 897 1411 935 impedimento
1445 898 1581 928 detineri
1614 899 1785 937 quominus
1815 900 2018 930 transfretare
2047 901 2180 937 valeret⁷

1181 950 1351 988 pecuniam
1367 950 1471 988 ipsam
1488 951 1631 989 personis
1643 951 1683 980 ad
1698 951 1757 981 hoc
1770 960 1788 981 a
1801 952 1874 982 sede
1889 952 2045 991 deputatis
2060 954 2181 991 eadem,

1181 1002 1326 1041 alioquin
1346 1003 1415 1039 tibi,
1433 1004 1566 1033 nomine
1587 1003 1717 1033 ecclesie
1736 1012 1867 1034 romane
1889 1008 1919 1034 et
1938 1005 2080 1043 ejusdem
2103 1010 2184 1037 terre

1182 1055 1382 1093 integraliter
1399 1055 1492 1085 faciet
1510 1056 1686 1094 assignari,
1705 1057 1888 1087 auctoritate
1908 1061 2014 1087 nostra
2032 1059 2184 1089 concedas

1182 1113 1216 1138 ut
1237 1109 1392 1147 predictas
1415 1109 1568 1139 ducentas
1590 1109 1687 1139 libras
1706 1111 1805 1148 possit
1824 1110 1908 1140 licite
1931 1112 2078 1146 retinere,
2099 1116 2129 1141 et
2145 1112 2185 1142 ad

1183 1162 1401 1192 exhibendum
1420 1171 1472 1192 eas
1491 1163 1656 1193 carissimo
1677 1164 1711 1192 111
1729 1164 1853 1193 Christo
1870 1163 1937 1195 filio
1953 1169 2061 1195 nostro
2079 1187 2098 1194 ..
2118 1165 2185 1203 regi

1181 1215 1315 1245 Francie
1341 1215 1476 1253 illustri,
1502 1215 1553 1245 vel
1581 1215 1744 1255 aliquibus
1768 1216 1856 1253 aliis,
1883 1221 2025 1255 pretextu
2049 1217 2186 1256 alicujus

1181 1268 1396 1298 concessionis
1417 1269 1462 1298 eis
1482 1268 1521 1298 de
1540 1268 1652 1307 legatis
1672 1278 1727 1299 seu
1743 1269 1987 1300 obventionibus
2002 1271 2186 1301 indistincte

1182 1321 1301 1351 relictis
1323 1326 1404 1351 terre
1425 1322 1544 1360 prefate
1566 1322 1708 1352 subsidio
1732 1323 1890 1361 deputatis
1914 1332 1932 1353 a
1954 1324 2027 1354 sede
2049 1324 2186 1363 predicta

1181 1374 1261 1404 facte
1281 1375 1415 1405 minime
1429 1379 1584 1412 teneatur,
1600 1384 1659 1406 nec
1674 1377 1713 1405 ad
1728 1375 1761 1405 id
1777 1384 1795 1405 a
1810 1385 1971 1415 quoquam
1984 1377 2087 1407 valeat
2102 1386 2185 1407 coar-

1183 1428 1254 1457 tari.
1275 1428 1346 1458 Dat.
1363 1428 1446 1466 apud
1472 1429 1746 1466 Urbemveterem,
1769 1439 1800 1458 vi
1828 1429 1979 1460 kalendas
1996 1430 2084 1469 julii,
2101 1439 2187 1461 anno

1184 1485 1307 1521 quarto.
1327 1494 1341 1508 1)

1255 1668 1366 1698 5691
1742 1668 1868 1700 Orvieto,
1883 1668 1916 1696 23
1929 1669 2023 1703 juillet
2038 1669 2116 1697 1291.

1221 1731 1379 1758 Licentiam
1395 1732 1570 1758 monasterio
1586 1731 1708 1758 Sanctae
1723 1731 1825 1758 Crucis
1842 1731 1940 1758 Fontis
1955 1732 2119 1763 Avellanae,
2132 1732 2187 1759 Eu-

1186 1780 1311 1815 gubinae
1325 1780 1476 1811 dioecesis,
1491 1779 1622 1807 concedit
1637 1779 1775 1806 liberandi
1790 1780 1929 1814 quosdam
1943 1781 2074 1807 homines
2085 1783 2114 1807 et
2124 1789 2189 1807 vas-

1186 1830 1273 1856 sallos
1293 1833 1321 1855 et
1340 1829 1481 1856 alienandi
1501 1829 1640 1864 quasdam
1659 1829 1872 1864 possessiones.
1893 1829 1977 1862 (Rae.
1999 1829 2050 1861 46,
2071 1838 2096 1856 c.
2116 1830 2187 1861 3682,

1186 1879 1206 1904 f.
1223 1878 1257 1904 72
1273 1881 1324 1911 v0.)

1231 1981 1400 2010 Venerabili
1423 1981 1518 2017 fratri
1541 2004 1559 2009 ..
1581 1981 1713 2018 episcopo
1734 1981 2014 2017 Forosz'nfront'ensi
2038 1986 2064 2010 et
2086 1980 2188 2011 dilecto

1186 2035 1250 2071 filio
1272 2057 1291 2063 ..
1319 2035 1419 2063 abbati
1444 2035 1624 2063 monasterii
1641 2034 1746 2063 Sancti
1765 2034 1848 2063 Petri
1864 2035 2019 2072 Eugubim‘
2043 2035 2188 2064 commit-

1187 2088 1224 2117 tit
1245 2091 1279 2116 ut
1305 2110 1323 2115 ..
1348 2087 1447 2125 priori
1471 2091 1501 2116 et
1521 2087 1693 2116 conventui
1716 2087 1901 2116 monasterii
1924 2086 2056 2117 Sanctae
2078 2087 2189 2117 Crucis

1186 2139 1296 2169 Fontis
1311 2138 1497 2176 Avellanae,
1511 2147 1567 2177 per
1582 2139 1721 2177 priorem
1738 2139 1822 2169 soliti
1837 2140 2019 2177 gubernari,
2032 2140 2071 2169 ad
2086 2148 2189 2170 roma-

1187 2201 1263 2221 nam
1279 2192 1447 2222 ecclesiam
1464 2191 1553 2221 nullo
1568 2191 1673 2222 medio
1688 2192 1890 2230 pertinentis,
1905 2192 2028 2222 ordinis
2045 2192 2075 2223 S.
2091 2193 2190 2222 Bene-

1188 2245 1284 2282 dicti,
1306 2245 1496 2283 Eugubinae
1517 2244 1685 2282 dioecesis,
1706 2245 1836 2283 petitam
1856 2245 2020 2275 licentiam
2042 2246 2192 2276 concedat

1187 2297 1345 2327 liberandi
1374 2298 1523 2327 homines
1545 2301 1576 2327 et
1598 2297 1749 2328 vassallos
1772 2306 1790 2327 a
1814 2298 1972 2336 praedicto
1997 2300 2190 2329 monasterio

1186 2350 1284 2380 nimis
1307 2351 1471 2387 distanteS,
1490 2359 1563 2380 cum
1586 2351 1680 2380 terris
1703 2360 1781 2389 quas
1803 2352 1842 2381 ab
1867 2351 1976 2381 eodem
1999 2353 2190 2382 monasterio

1188 2407 1312 2440 tenent,
1334 2403 1509 2433 nonnullas
1534 2412 1570 2433 ex
1600 2403 1720 2433 eisdem
1747 2404 1838 2434 terris
1867 2413 1922 2444 pro
1951 2404 2022 2435 aliis
2052 2405 2190 2434 utiliori-

1186 2456 1244 2485 bus
1264 2456 1484 2495 permutandi,
1501 2456 1579 2486 alias
1601 2456 1636 2485 in
1664 2456 1887 2496 emphiteosim
1913 2458 2107 2488 concedendi
2136 2462 2190 2487 aut

1186 2509 1353 2538 alienandi
1366 2509 1570 2548 pretiumque
1581 2518 1617 2539 ex
1629 2509 1818 2540 liberatione
1832 2514 1861 2540 et
1872 2510 2063 2540 alienatione
2078 2511 2187 2549 hujus-

1187 2562 1273 2592 modi
1289 2563 1323 2591 in
1339 2562 1482 2592 utiliores
1498 2562 1602 2592 eidem
1620 2563 1814 2593 monasterio
1829 2564 2042 2602 possessiones
2058 2572 2188 2593 conver-

1187 2615 1285 2645 tendi.

1230 2680 1244 2695 α
1269 2668 1333 2699 Sua
1361 2669 1452 2699 nobis
1479 2668 1625 2699 dilecti...
1644 2685 1683 2690 —
1707 2669 1779 2699 Dat.
1799 2669 1883 2708 apud
1915 2669 2188 2705 Urbemveterem,

1188 2730 1206 2750 x
1223 2721 1376 2751 kalendas
1396 2722 1533 2759 augusti,
1551 2730 1636 2752 anno
1654 2726 1777 2760 quarto.
1797 2734 1811 2749 »

1258 2905 1510 2934 &sazawa
1739 2905 1865 2940 Orvieto,
1882 2905 1916 2932 23
1928 2905 2022 2940 J'uillet
2039 2905 2115 2932 1291.

1225 2966 1331 2994 Abbati
1350 2971 1377 2993 et
1399 2968 1553 2994 conventui
1574 2968 1738 2994 monasterii
1759 2966 1855 2994 Sancti
1875 2966 2015 2994 Johannis
2034 2968 2062 2994 in
2080 2966 2188 2994 Valen-
