2393 3496
220 332 294 362 101ss

219 398 335 428 iecerat
353 397 514 433 arrestari,
534 405 601 431 1105,
618 395 818 426 attendentes
832 395 916 434 quod
934 395 994 423 tuis
1007 393 1121 424 honori
1136 397 1165 422 et
1177 401 1226 422 co-

217 450 321 480 modis
338 450 506 480 accedebat
523 453 553 477 et
570 449 733 486 cupientes
750 448 859 483 etiam,
876 447 1007 477 obtentu
1025 454 1157 484 persone
1174 449 1227 474 tue

218 503 310 534 nobis
326 504 358 532 in
377 503 503 532 Christo
520 502 695 537 carissime,
715 505 750 530 ut
763 509 876 531 omnes
892 500 925 529 in
944 499 1054 529 eodem
1071 506 1180 536 regno,
1198 502 1229 527 et

218 556 264 585 illi
283 556 444 594 potissime
456 563 537 593 quos
548 554 586 583 ad
602 554 660 584 hoc
675 553 761 582 sedis
777 552 946 591 apostolice
963 552 1050 581 favor
1069 552 1160 588 fovet,
1176 556 1226 580 tue

216 608 419 648 protectionis
438 607 620 636 munimine
637 606 838 641 fulcirentur,
864 605 1016 635 dilectum
1039 604 1143 633 filium
1160 613 1226 633 ma-

217 661 352 699 gistrum
367 659 531 689 Matheum
548 659 586 688 de
599 658 748 697 Neapoli,
766 658 968 697 capellanum
983 661 1140 692 nostrum,
1156 665 1227 686 can-

217 718 317 743 torem
336 712 467 742 ecclesie
485 712 710 747 Carnotensis,
733 720 806 741 cum
827 711 941 740 litteris
959 710 1076 740 nostris
1096 709 1136 739 ad
1157 719 1225 749 pre-

217 767 352 797 sentiam
367 766 489 804 regiam
506 766 658 795 duximus
675 765 920 801 destinandum,
940 773 994 803 per
1012 772 1065 794 eas
1080 768 1111 793 et
1126 763 1228 801 ipsius

216 819 373 858 capellani
389 818 608 848 ministerium
623 819 828 848 serenitatem
850 823 936 848 tuam
956 817 1040 847 inter
1055 821 1159 847 cetera
1176 825 1227 846 ro-

217 877 328 911 gantes
349 872 503 902 attentius
522 876 551 901 et
570 872 736 901 hortantes
760 876 794 901 ut
817 875 1008 900 mercatores
1031 870 1178 906 eosdem,
1199 874 1229 899 et

217 925 396 965 specialiter
423 925 495 955 illos
517 925 556 955 de
580 925 783 955 societatibus
811 924 1022 962 Bousiguoris
1045 923 1083 953 de
1113 923 1227 957 Senis,

216 979 338 1010 Thome
355 979 481 1018 Spiliati
496 983 527 1008 et
542 979 620 1017 Lapi
638 979 786 1015 Hugonis
802 979 911 1017 Spiue,
930 977 1077 1007 Pulicum
1095 982 1125 1006 et
1140 977 1228 1006 Rim-

217 1033 431 1067 bertinorum,
447 1041 482 1062 ac
500 1032 708 1062 Lambertutii
722 1031 760 1061 de
776 1030 981 1061 Fliscobaldis
998 1030 1036 1059 de
1053 1029 1226 1064 Florentia,

219 1085 447 1116 Riczardorum
463 1085 501 1115 de
520 1086 606 1115 Luca
621 1090 651 1115 et
667 1084 928 1115 Clarentinorum
945 1084 983 1113 de
1003 1084 1152 1119 Pistori0‚
1173 1083 1228 1122 qui

219 1148 424 1180 quorumque
435 1139 512 1169 socii
530 1144 636 1169 nostre
652 1143 728 1169 sunt
739 1147 863 1168 camere
879 1138 1023 1177 precipui
1036 1142 1228 1167 mercatores

219 1198 250 1225 et
270 1193 402 1224 ecclesie
418 1202 549 1223 romane
566 1192 685 1222 diutius
703 1196 731 1221 et
749 1191 868 1221 utiliter
890 1191 1082 1227 servierunt,
1102 1199 1224 1221 necnon

219 1252 249 1278 et
272 1247 472 1278 Ubaldinum
489 1247 528 1276 de
545 1246 726 1284 Insangatis
742 1246 782 1275 ab
800 1245 1030 1283 impedimento
1045 1244 1225 1274 arrestatio—

218 1301 270 1330 nis
291 1300 477 1339 hujusmodi
503 1304 533 1329 et
555 1299 667 1338 quovis
685 1307 782 1329 onere
800 1299 878 1336 ipsis
898 1298 1045 1337 imposito
1060 1297 1225 1327 liberares.

218 1353 258 1383 Et
284 1353 361 1392 quia
388 1352 574 1391 hujusmodi
598 1351 758 1390 gessimus
784 1355 814 1381 et
842 1350 986 1389 gerimus
1013 1350 1101 1380 cordi
1131 1358 1227 1387 nego-

219 1407 313 1443 tium,
329 1410 398 1446 post
413 1405 556 1445 ejusdem
572 1404 731 1444 capellani
747 1404 785 1434 ad
799 1409 902 1443 partes
918 1404 1091 1442 gallicanas
1106 1403 1227 1433 adven-

219 1465 300 1498 tum,
320 1461 400 1491 alias
422 1470 517 1500 super
537 1461 595 1491 hoc
615 1460 671 1490 tibi
689 1461 877 1490 affectuosas
899 1460 1074 1489 direximus
1093 1459 1225 1495 litteras,

220 1524 293 1555 que,
314 1514 390 1545 licet
405 1515 444 1544 ad
461 1519 564 1554 partes
584 1514 782 1553 supradictas
803 1514 1028 1553 pervenerint,
1050 1517 1228 1552 presentate

220 1574 327 1600 tamen
349 1568 448 1607 regali
470 1568 712 1606 magnificentie
737 1576 800 1598 non
823 1568 972 1603 ruerunt,
993 1575 1066 1597 cum
1089 1567 1228 1606 prefatus

221 1622 417 1662 capellanus,
441 1631 496 1661 per
511 1630 607 1661 quem
625 1625 692 1651 erat
709 1621 852 1660 ipsarum
873 1620 1065 1659 presentatio
1084 1619 1229 1649 facienda

221 1681 339 1716 tuaque
353 1676 445 1706 nobis
459 1675 627 1705 reserenda
640 1675 803 1714 responsio
813 1683 908 1713 super
918 1673 996 1710 illis,
1006 1674 1072 1712 Jam
1086 1673 1125 1703 de
1137 1673 1229 1703 dictis

220 1730 366 1770 partibus
380 1729 570 1759 recessisset.
591 1729 630 1758 Et
644 1728 773 1768 quidem
785 1751 792 1764 ,
818 1727 881 1765 fili,
901 1727 1013 1757 mirari
1031 1736 1095 1757 non
1114 1727 1229 1756 imme-

221 1784 284 1814 rito
305 1783 450 1821 cogimur
468 1782 565 1821 quod,
583 1782 693 1812 eodem
716 1781 881 1821 capellano
902 1781 1008 1811 ad'nuc
1029 1781 1063 1810 iu
1088 1781 1230 1820 partibus

223 1837 376 1868 existente
392 1835 540 1875 predictis
555 1840 585 1865 et
600 1844 695 1874 penes
713 1839 741 1865 te
760 1843 814 1874 pro
833 1834 1017 1873 hujusmodi
1034 1834 1160 1871 negotio
1177 1834 1229 1863 in—

223 1890 364 1927 sistente,
384 1894 495 1920 contra
511 1888 685 1919 nonnullos
703 1893 916 1918 mercatorum
933 1888 1093 1927 ipsorum,
1114 1887 1230 1917 nostris

222 1944 402 1984 postpositis
419 1943 576 1982 precihus,
594 1942 793 1981 processisti,
810 1941 962 1971 adversus
981 1949 1033 1971 eos
1048 1940 1231 1978 agi-avando

221 1996 497 2037 quamplurimum
510 2004 643 2025 manum
660 1999 758 2031 tuam,
771 2003 842 2024 cum
859 1994 961 2033 potius
972 1993 1229 2031 magnitudinem

221 2051 343 2089 regiam
361 2049 520 2079 decuisset
532 2053 575 2085 ut,
590 2048 702 2078 saltem
716 2048 755 2078 ob
768 2047 979 2077 reverentiam
995 2046 1165 2085 apostolice
1181 2056 1228 2076 se-

221 2105 272 2135 dis
287 2109 318 2134 et
333 2108 486 2139 nostram,
505 2107 574 2141 post
587 2102 731 2141 ejusdem
748 2101 906 2140 capellani
923 2110 1083 2131 recessum
1100 2101 1138 2131 de
1157 2110 1228 2139 par-

221 2159 305 2188 tibus
328 2158 514 2188 memoratis
553 2165 716 2195 processus
744 2160 774 2185 et
803 2156 987 2193 aggravatio
1021 2154 1228 2193 hujtismodi,

220 2220 406 2251 quanquam
422 2211 502 2240 votis
516 2209 631 2239 nostris
647 2208 809 2245 contrarii,
827 2208 927 2237 habiti
945 2208 1135 2244 extit-issent,
1155 2216 1228 2237 cum

220 2264 362 2304 apertius
383 2268 486 2302 pateat
507 2263 590 2301 quod
611 2266 802 2291 mercatores
826 2261 938 2299 prefati
961 2270 996 2290 ex
1015 2261 1229 2299 predictarum

220 2318 405 2348 interventu
431 2325 558 2355 precum
576 2339 583 2351 ‚
611 2324 690 2353 quas
715 2315 922 2354 sperabamus
947 2314 986 2344 ad
1015 2313 1229 2344 exauditionis

221 2371 355 2411 gratiam
376 2369 499 2399 sublato
520 2368 717 2398 difficultatis
736 2367 898 2398 obstaculo
914 2367 1144 2401 admittendas,
1164 2375 1228 2397 nou

220 2425 288 2455 sint
301 2427 443 2463 optatum
459 2422 628 2452 comodum
644 2421 795 2458 assecuti;
815 2429 873 2451 nec
888 2421 1024 2450 habebat
1040 2425 1147 2450 nostra
1160 2429 1229 2450 cre-

220 2477 339 2507 dulitas
356 2480 389 2506 ut
406 2485 512 2515 preces
527 2481 633 2505 nostre
648 2475 692 2504 sic
708 2474 791 2513 apud
805 2479 832 2503 te
849 2475 1028 2504 inefficaces
1044 2473 1228 2513 existerent,

221 2531 265 2561 sic
278 2530 443 2566 modicum
457 2529 597 2558 [ructum
614 2528 744 2564 sei-rent,
762 2536 833 2557 cum
851 2537 921 2566 spes
938 2527 1029 2556 nobis
1047 2527 1139 2556 firma
1154 2536 1227 2564 sng-

219 2587 344 2623 gereret
361 2588 395 2613 ut
412 2588 462 2619 tu,
479 2581 717 2620 progenitorum
743 2586 868 2610 tuorum
884 2604 890 2616 ,
910 2581 964 2619 qui
983 2581 1138 2619 promptis
1155 2581 1226 2609 aui-

219 2637 281 2666 mis
293 2645 325 2666 se
337 2635 543 2673 beneplacitis
558 2633 750 2673 apostolicis,
769 2633 844 2662 dum
860 2635 1015 2669 viverent,
1030 2633 1227 2672 coaptabant,

219 2689 381 2720 laudanda
399 2689 533 2726 vestigia
548 2688 695 2724 imitans,
716 2695 824 2725 preces
844 2686 952 2716 vicarii
968 2687 1044 2716 Jesu
1061 2686 1181 2715 Christi
1200 2689 1229 2715 et

218 2743 330 2773 devote
350 2742 508 2780 reciperes
524 2746 554 2770 et
570 2741 738 2770 efficaciter
754 2739 965 2778 adimpleres,
984 2748 1057 2769 nam
1077 2740 1133 2768 etsi
1152 2738 1227 2768 dicti

218 2800 411 2826 mercatores
426 2796 459 2824 in
475 2794 581 2833 aliquo
597 2798 707 2823 contra
727 2798 754 2822 te
772 2793 820 2822 vel
838 2797 888 2821 tue
903 2792 1130 2831 prohibitionis
1146 2792 1227 2821 edic-

220 2855 286 2880 tum
305 2848 440 2878 forsitan
464 2847 692 2885 deliquissent,
713 2850 774 2875 tam
793 2845 871 2875 dure
893 2850 1021 2883 tamque
1035 2853 1145 2882 aspere
1165 2852 1227 2873 non

220 2908 287 2933 erat
303 2907 413 2932 contra
429 2909 480 2931 eos
494 2900 552 2930 hoc
565 2904 705 2937 tempore
721 2898 970 2937 procedendum,
983 2897 1123 2927 maxime
1142 2906 1227 2933 cum,

219 2959 244 2988 si
263 2956 485 2987 consideretur
501 2955 662 2989 attentius,
681 2952 866 2982 societatum
888 2952 1101 2990 predictarum
1118 2951 1228 2979 suffra-

220 3013 308 3050 gium
327 3019 382 3050 pro
399 3009 525 3047 negotio
539 3009 636 3037 'l‘erre
653 3008 778 3043 Sancte,
801 3006 833 3034 iu
853 3014 1017 3044 peramaro
1033 3010 1061 3034 et
1080 3005 1228 3043 permise-

970 326 1206 358 REGISTRES
1228 327 1282 355 DE
1305 326 1488 355 NICOLAS
1512 327 1566 356 [v.

1310 391 1402 421 rabili
1422 396 1517 427 statu,
1533 396 1624 430 prout
1640 393 1707 430 jam
1725 391 1921 421 intellexisse
1938 394 1965 419 te
1981 388 2152 426 credimus,
2170 398 2233 420 non
2245 391 2313 423 sine

1310 453 1426 482 magno
1445 446 1537 474 totius
1553 445 1800 474 christianitatis
1824 443 2005 483 obprobrio,
2031 445 2211 483 constitute,
2232 446 2313 484 quod

1309 506 1381 526 cum
1413 498 1530 527 mentis
1562 498 1701 537 plurima
1731 497 1913 527 turbatione
1941 496 2110 527 referimus
2125 521 2130 532 ‚
2159 497 2200 527 sit
2226 498 2314 529 nobis

1310 550 1585 588 quamplurimum
1602 555 1808 589 oportunum.
1829 549 1910 580 Cum
1934 549 2041 588 itaque
2058 549 2214 588 prefatum
2231 559 2313 581 mer-

1309 608 1451 632 catorum
1468 603 1610 642 ipsorum
1630 603 1794 640 negotium
1815 602 1860 632 sic
1880 602 2052 631 instantius
2069 605 2098 631 et
2115 601 2314 634 affectuosius

1310 664 1470 694 rogamus,
1487 656 1682 695 requirimus
1698 661 1727 686 et
1743 656 1910 686 hortamur
1926 656 1959 685 in
1976 655 2042 685 filio
2055 655 2115 684 Dei
2130 655 2227 694 patris
2241 664 2315 695 qua-

1311 710 1409 745 tinus,
1424 710 1515 748 juxta
1527 710 1755 748 premissarum
1775 718 1903 748 precum
1920 713 2100 739 nostrarum
2116 708 2313 748 instantiam,

1310 768 1502 793 memoratos
1525 768 1734 799 mercatores,
1753 767 1783 792 et
1802 763 1947 801 precipue
1965 761 2036 792 illos
2059 761 2097 791 de
2116 761 2314 793 societatibus

1311 816 1510 854 supradietis,
1528 817 1568 846 ob
1584 816 1794 846 reverentiam
1812 815 1949 855 predicte
1965 815 2048 845 sedis
2064 819 2095 845 et
2110 818 2263 852 nostram,
2275 815 2314 847 ab

1310 870 1398 899 omni
1415 870 1633 900 arrestationis
1653 869 1813 900 obstaculo
1834 874 1864 899 et
1885 869 2026 908 cujusvis
2044 868 2230 907 gravamine
2244 877 2314 908 pro-

1311 932 1418 953 cessus
1435 932 1488 953 seu
1508 923 1728 962 promissionis
1744 922 1890 953 absolvas
1907 927 1938 952 et
1953 921 2056 952 soluta
2077 921 2134 951 tibi
2152 921 2315 953 occasione

1313 980 1438 1005 tuorum
1467 985 1670 1015 processuum
1693 976 1823 1007 obtentu
1847 981 1955 1006 nostro
1979 975 2103 1005 restitui
2126 975 2223 1004 facias
2241 983 2314 1013 gra-

1313 1029 1401 1065 tiose,
1418 1029 1567 1069 ipsosque
1582 1039 1654 1059 cum
1671 1038 1802 1060 suornm
1819 1029 2002 1067 integritate
2020 1029 2178 1058 bonorum
2194 1029 2316 1068 proprie

1312 1083 1461 1113 restituas
1478 1083 1629 1120 libertati,
1647 1083 1731 1122 ipsos
1747 1083 1981 1113 nichilominus
1997 1082 2268 1112 recommendatos
2282 1082 2315 1113 in

1312 1137 1377 1166 suis
1400 1137 1669 1174 oportunitatibus
1693 1135 1911 1166 favorabiliter
1936 1135 2115 1165 habiturus.
2142 1134 2195 1165 Sic
2220 1135 2317 1173 igitur

1310 1189 1394 1227 apud
1416 1194 1443 1218 te
1463 1198 1572 1228 preces
1592 1194 1698 1219 nostre
1720 1190 1855 1227 gratiam
1878 1189 1992 1219 celeris
2012 1188 2208 1219 executionis
2225 1188 2316 1219 inve-

1311 1242 1404 1271 niant
1419 1247 1449 1271 et
1460 1246 1641 1281 promptum
1656 1246 1894 1281 consequantur
1910 1242 2070 1278 effectum,
2088 1245 2124 1271 ut
2139 1250 2209 1281 spes
2222 1250 2317 1281 quam

1310 1295 1349 1324 de
1369 1298 1422 1324 tua
1440 1295 1608 1325 devotione
1630 1295 1836 1334 concepimus
1857 1295 1930 1325 facti
1952 1295 2115 1325 evidentia
2136 1294 2314 1333 impleatur,

1310 1357 1345 1378 ac
1363 1352 1443 1378 terre
1460 1348 1611 1386 prelibate
1626 1348 1795 1379 subventio
1820 1348 1946 1378 nullum
1964 1357 2001 1378 ex
2023 1347 2208 1378 detentione
2229 1356 2329 1378 mers

1309 1407 1451 1432 catorum
1471 1402 1613 1441 ipsorum
1633 1402 1856 1432 retardationis
1874 1402 2146 1441 impedimentum
2167 1400 2318 1440 suscipiat

1310 1455 1359 1485 vel
1380 1455 1612 1494 prorogationis
1631 1455 1747 1485 sentiat
1768 1455 2017 1493 detrimentum,
2038 1454 2093 1485 sed
2115 1463 2152 1485 ex
2172 1457 2316 1494 prompta

1311 1507 1499 1538 liberatione
1518 1508 1659 1547 ipsorum
1675 1508 1915 1538 accelerationis
1931 1507 2046 1538 letetur
2061 1507 2193 1538 comodo
2215 1507 2315 1546 potio·

1311 1562 1376 1599 ris,
1406 1566 1503 1600 tuque
1531 1561 1665 1600 proinde
1694 1562 1733 1591 ab
1763 1561 1911 1591 omnium
1944 1561 2136 1591 retributore
2162 1561 2316 1591 bonorum

1311 1619 1419 1644 eterne
1437 1615 1647 1644 beatitudinis
1664 1614 1822 1653 premium
1840 1619 1870 1644 et
1887 1623 1905 1644 a
1923 1614 2016 1644 nobis
2035 1613 2187 1652 condigni
2203 1613 2318 1644 favoris

1311 1672 1341 1698 et
1369 1668 1470 1706 gratie
1497 1668 1732 1707 plenitudinem
1761 1667 1916 1706 consequi
1945 1667 2108 1698 merearis.
2139 1667 2210 1696 Dat.
2235 1666 2317 1706 apud

1312 1722 1591 1759 Urbemveterem,
1620 1731 1639 1751 v
1669 1729 1770 1751 nonas
1799 1720 1957 1756 octobris,
1988 1720 2189 1760 pontificatus
2218 1718 2318 1750 nostri

1311 1782 1397 1804 auno
1412 1779 1535 1812 quarto.
1556 1786 1569 1800 n

1385 1920 1501 1948 ’2385

1348 1981 1391 2008 De
1413 1982 1495 2008 bonis
1515 1984 1682 2009 monasterii
1703 1983 1801 2010 Sancti
1823 1982 1959 2009 Germani
1978 1982 2013 2009 de
2034 1981 2128 2009 Pratis
2147 1980 2320 2009 Parisiensie·

1313 2031 1528 2066 recuperandis
1547 2032 1650 2066 (Anca.
1667 2031 1750 2063 Nar..
1768 2031 1800 2063 L,
1817 2031 1879 2063 277,
1896 2031 1951 2063 60.)

1564 1919 1928 1954 Sainte-Marie-Majeure,
1947 1920 1986 1946 1⁰¹·
2002 1919 2153 1946 decembre
2171 1917 2247 1946 ¹291.

1352 2121 1460 2150 Dilecto
1475 2122 1540 2158 filio
1557 2144 1578 2152 ..
1592 2122 1694 2158 priori
1711 2121 1744 2150 de
1759 2121 1931 2155 Goinsiaw,
1947 2120 2170 2150 Suessionensis
2184 2119 2315 2149 diocesis.

1313 2186 1326 2200 <a
1350 2174 1545 2204 Dilectorum
1562 2174 1703 2203 filiorum
1721 2196 1742 2203 ..
1757 2173 1880 2203 abbatis
1894 2177 1924 2203 et
1939 2177 2118 2203 conventus
2133 2170 2316 2203 monasterii

1311 2227 1420 2257 Sancti
1436 2226 1591 2257 Germani
1610 2227 1648 2256 de
1668 2227 1772 2256 Pratis
1792 2226 2000 2262 Parisiensis,
2016 2225 2057 2255 ad
2077 2234 2244 2256 romanam
2266 2217 2317 2255 ec-

1310 2280 1439 2310 clesiam
1465 2280 1553 2310 nullo
1576 2280 1682 2310 medio
1704 2280 1914 2319 pertinentis,
1933 2279 2058 2310 ordinis
2078 2279 2111 2310 S.
2136 2277 2315 2315 Benedicti,

1312 2334 1456 2373 precibus
1481 2333 1646 2369 inclinati,
1667 2333 1865 2372 presentium
1896 2333 1954 2362 tibi
1976 2333 2163 2363 auctoritate
2185 2330 2315 2362 manda·-
2385 2333 2387 2361 ,’

1310 2396 1382 2416 mus
1398 2387 1552 2425 quatinus
1567 2395 1604 2416 ea
1619 2396 1681 2425 que
1698 2386 1736 2416 de
1752 2386 1845 2416 bouis
1861 2386 1962 2424 ipsius
1978 2385 2165 2416 monasterii
2181 2383 2316 2414 alienata

1309 2440 1474 2469 inveneris
1488 2439 1599 2468 illicite
1611 2439 1659 2469 vel
1672 2439 1821 2469 distracta
1833 2439 1873 2468 ad
1883 2440 1936 2477 jus
1949 2443 1981 2469 et
1995 2438 2221 2477 proprietatem
2236 2436 2262 2476 ej
2269 2444 2316 2467 us-

1310 2492 1383 2522 dem
1411 2493 1595 2522 monasterii
1621 2492 1748 2522 studeas
1774 2491 1918 2530 legitime
1948 2500 2106 2522 revocare.
2129 2489 2313 2522 Contradic-

1312 2550 1431 2576 tores...
1449 2546 1557 2575 'restes
1572 2550 1719 2574 autem...
1739 2545 1810 2574 Dat.
1833 2545 1934 2575 Rome
1948 2568 1955 2581 ,
1972 2544 2057 2584 apud
2077 2545 2227 2574 Sanctam
2248 2541 2312 2572 Ma-

1311 2599 1390 2628 riam
1416 2599 1580 2638 Major-em,
1609 2598 1757 2628 kalendis
1780 2598 1967 2634 decembris,
1992 2597 2195 2637 pontificatus
2217 2594 2313 2626 nostri

1310 2660 1396 2682 anuo
1414 2656 1538 2690 quarto.
1558 2663 1571 2678 n

1382 2805 1497 2832 ’2388
1570 2786 1932 2838 δαὶιηθ-’Μειι-ἰε-Μεῄευνε,
1954 2804 1981 2830 17
1998 2803 2149 2830 decembre
2168 2801 2244 2829 1291.

1345 2866 1450 2893 Contra
1467 2867 1664 2892 molestatores
1677 2867 1789 2893 abbatis
1805 2866 1971 2892 monasterii
1988 2864 2086 2892 Sancti
2103 2863 2189 2897 Petri,
2202 2861 2311 2890 Arben-

1310 2915 1352 2942 sis
1367 2916 1519 2942 dioecesis.
1537 2916 1690 2948 (Auentves
1706 2924 1740 2942 ne
1758 2915 1878 2946 Verus&
1898 2914 2013 2948 Purra„
2029 2913 2140 2947 23876.)

1358 3005 1522 3034 Venerabili
1546 3006 1641 3041 fratri
1666 3027 1684 3033 ..
1712 3006 1932 3042 archiepiscopo
1956 3004 2098 3033 Jadrensi·
2126 3001 2255 3032 mandat
2278 3002 2310 3029 ut
