2393 3496
909 299 1163 347 QUATRIEME
1184 298 1342 339 ΑΝΝΕΕ.
2112 307 2170 338 877

82 379 230 410 fratribus
252 385 346 415 super
361 376 549 415 hujiismodi
565 377 800 416 dispensatione
822 376 927 407 nullas
944 377 1084 406 testimo-

83 431 184 462 niales
211 430 333 460 litteras
348 429 505 467 largiaris.
525 442 538 457 n

125 496 138 511 α
168 482 366 514 Constitutus
396 482 429 511 in
458 483 653 520 presentia...
681 500 719 504 --
748 483 819 512 Dat.
846 484 966 518 Rome,
1000 482 1085 521 apud

85 537 231 568 Sanctam
252 536 387 565 Mariam
411 536 565 574 Majorem
580 560 586 572 ,
605 546 623 565 x
641 536 795 566 kalendas
813 536 982 573 februarii,
1000 544 1085 565 anno

83 595 201 630 quarto.
221 601 235 616 »

136 788 385 817 3583-6584
427 788 784 822 Sainte-Marie-Majeure,
795 789 1033 823 &jamim-1292.

119 849 326 883 Indulgentiae.
344 849 426 882 (Res.
443 849 486 879 46,
505 858 530 877 c.
548 849 611 876 730²
625 850 644 876 f.
666 850 713 877 146
729 852 776 882 1¹⁰.)

127 951 278 981 Universis
300 951 413 980 Christi
433 952 572 988 fidelibus
588 957 739 989 presentes
761 953 877 981 litteras
895 954 1085 990 inspecturis.

85 1004 322 1042 Indulgentiam
352 1005 449 1034 unius
473 1005 551 1034 anni
577 1010 607 1034 et
630 1015 668 1034 XL
691 1006 817 1035 dierum
842 1006 987 1036 concedit
1010 1006 1088 1035 visi-

84 1059 223 1089 tantibus
250 1058 416 1088 ecclesiam
442 1081 463 1088 ..
487 1059 660 1096 guardiani
689 1063 718 1088 et
748 1063 921 1089 conventus
953 1061 1087 1090 fratrum

83 1113 243 1142 minorum
279 1112 316 1141 de
350 1112 542 1146 Monticulo,
575 1112 813 1143 Camerinensis
845 1113 1017 1149 dioecesis,
1053 1114 1087 1143 in

83 1170 216 1205 quatuor
239 1165 349 1195 beatae
377 1166 515 1202 Mariae,
536 1166 567 1196 S.
592 1166 754 1196 Francisci
778 1171 808 1196 et
828 1172 955 1197 sanctae
976 1166 1088 1197 Clarae

82 1219 304 1249 festivitatibus
321 1223 351 1248 et
365 1228 420 1257 per
438 1224 507 1250 octo
523 1219 590 1250 dies
606 1223 787 1258 sequentes.

123 1284 137 1299 «
155 1272 227 1301 Vite
243 1273 394 1310 perennis
410 1272 548 1310 gloria...
566 1289 604 1295 -
620 1273 690 1303 Dat.
710 1272 821 1309 Rome,
839 1273 921 1311 apud
938 1273 1088 1303 Sanctam

83 1325 216 1355 Mariam
236 1325 403 1363 Maj0rem,
418 1335 449 1354 VI
469 1325 623 1355 kalendas
641 1326 808 1362 februarii,
828 1335 914 1356 anno
929 1332 1051 1364 quarto.
1073 1339 1086 1353 ι)

85 1380 231 1418 (Pomm,
250 1379 370 1416 23905.)

121 1433 159 1462 In
190 1442 218 1462 e.
250 1442 311 1469 m.,
346 1441 401 1470 pro
436 1432 569 1462 ecclesia
601 1456 620 1461 ..
652 1432 823 1470 guardiani
854 1437 884 1462 et
914 1437 1090 1463 conventus

83 1485 216 1516 fratrum
250 1485 414 1514 minorum
441 1485 718 1522 Auximanorum,
746 1485 780 1514 in
815 1490 951 1524 quatuor
981 1486 1091 1516 beatae

85 1538 214 1575 Mariae,
235 1537 266 1567 S.
284 1538 458 1574 Francisci,
477 1537 508 1568 S.
527 1538 661 1568 Antonii
678 1541 707 1567 et
723 1542 850 1568 sanctae
869 1538 989 1568 Mariae
1006 1539 1092 1577 Mag-

86 1591 217 1621 daleuae
233 1591 458 1620 festivitatibus
477 1595 507 1620 et
523 1600 577 1629 per
593 1595 661 1620 octo
677 1591 745 1620 dies
765 1596 945 1630 sequentes.
966 1592 1037 1621 Dat.
1059 1595 1092 1622 ut

86 1653 189 1683 supra.
206 1644 359 1684 (Poma,
377 1643 501 1683 23905.)

125 1698 163 1728 In
195 1706 223 1727 e.
252 1707 316 1734 m.,
348 1705 404 1735 pro
438 1696 571 1726 ecclesia
602 1720 622 1727 ..
656 1697 827 1735 guardiam
857 1701 887 1727 et
916 1701 1092 1727 conventus

85 1752 218 1781 fratrum
246 1751 408 1780 minorum
432 1750 470 1780 de
490 1750 685 1788 Camerano,
707 1751 901 1781 Humanatis
923 1751 1091 1789 dioecesis,

85 1805 121 1834 in
144 1809 279 1843 quatuor
303 1805 412 1834 beatae
435 1804 573 1841 Mariae,
593 1804 624 1835 S.
646 1805 825 1842 Francisci,
850 1805 881 1835 S.
906 1806 1039 1835 Antonii
1065 1810 1094 1835 et

86 1863 210 1888 sanctae
228 1858 338 1888 Clarae
355 1858 583 1888 festivitatibus
606 1862 636 1888 et
658 1867 713 1897 per
735 1863 804 1888 octo
823 1858 890 1888 dies
911 1863 1092 1897 sequentes.

86 1911 157 1941 Dat.
175 1916 208 1941 ut
225 1921 331 1950 supra.
476 1909 479 1912 ⁴

123 1963 160 1993 In
182 1973 209 1994 e.
232 1973 289 1999 m.,
310 1972 365 2002 pro
388 1963 521 1994 ecclesia
544 1987 563 1993 ..
586 1963 757 2001 guardiani
779 1967 808 1993 et
831 1967 1007 1993 conventus
1031 1963 1093 1992 fra-

85 2020 166 2046 trum
189 2017 352 2046 minorum
379 2016 417 2046 de
433 2016 543 2046 Castro
559 2017 701 2053 Ficardi‚
720 2016 912 2045 Humanatis
928 2016 1092 2046 dioecesis.

84 2069 233 2110 (Poma,
253 2069 373 2107 23905.)

124 2124 162 2153 In
173 2133 199 2153 e.
213 2132 336 2163 m.,pro
350 2123 483 2153 ecclesia
497 2146 515 2152 ..
530 2122 701 2161 guardiani
718 2126 748 2151 et
764 2126 943 2152 conventus
959 2122 1094 2152 fratrum

84 2177 244 2206 minorum
278 2176 315 2206 de
346 2176 486 2212 Forano,
516 2175 716 2205 Auximanae
746 2175 910 2205 dioecesis.
940 2175 1092 2215 (Poma,

88 2228 212 2268 23905.)

389 2295 749 2330 Sainte-Marie-MaJem-e,
770 2296 808 2322 μ’
822 2295 927 2322 fevrier
945 2295 1022 2322 1292.

126 2360 163 2390 In
189 2369 215 2390 e.
236 2369 294 2395 m.,
313 2368 369 2398 pro
392 2359 524 2389 ecclesia
543 2381 564 2388 ..
583 2358 753 2396 guardiani
777 2362 807 2387 et
830 2362 1005 2387 conventus
1031 2357 1094 2387 fra-

87 2418 170 2444 trum
202 2413 365 2443 minorum
396 2413 434 2442 de
464 2413 667 2448 Tornazano,
698 2412 900 2441 Auximanae
928 2411 1093 2442 dioecesis.

86 2467 156 2496 Dat.
177 2467 312 2500 Romae,
332 2470 365 2496 ut
385 2475 495 2504 supra,
511 2465 658 2495 kalendis
677 2464 852 2502 februarii,
868 2473 954 2494 anno
971 2467 1093 2503 quarto.

87 2520 234 2559 (Po‘r‘ri-i„
254 2519 377 2558 23910.)

128 2575 161 2603 In
184 2584 211 2603 e.
232 2582 288 2609 m.,
308 2583 364 2612 pro
387 2573 521 2603 ecclesia
543 2595 563 2602 ..
585 2572 754 2611 guardiani
778 2576 808 2601 et
830 2575 1006 2602 conventus
1030 2571 1095 2600 fra-

89 2631 171 2656 trum
188 2627 353 2656 minorum
370 2626 408 2656 de
424 2626 544 2663 Sarolo,
560 2626 752 2656 Humanatis
766 2625 932 2655 dioecesis.
943 2624 1093 2663 (Pomm,

88 2679 209 2718 23910.)

127 2732 164 2761 In
187 2741 213 2762 e.
237 2741 293 2768 m.,
316 2740 371 2770 pro
394 2731 527 2762 ecclesia
547 2754 566 2761 ..
589 2730 758 2769 guardiani
780 2735 811 2760 et
831 2734 1008 2760 conventus
1031 2730 1097 2758 fra-

88 2789 172 2815 trum
196 2786 360 2815 minorum
386 2785 425 2815 de
446 2784 555 2815 Castro
579 2784 666 2820 Mili,
688 2784 910 2814 Anconitanae
931 2783 1095 2813 dioecesis.

89 2838 236 2875 (Po'rTn.,
256 2838 377 2875 23909.)

389 2917 752 2951 Sainte-Marie-Majeure,
769 2915 802 2943 26
816 2916 930 2950 janvier
947 2914 1024 2942 1292.

130 2980 167 3009 In
189 2989 215 3009 e.
241 2989 302 3017 m.,
324 2988 378 3018 pro
406 2979 540 3009 ecclesia
565 3001 583 3008 ..
607 2977 782 3016 guardiani
797 2982 827 3008 et
841 2981 1018 3008 conventus
1036 2976 1096 3006 fra-

1168 378 1254 404 trum
1273 375 1438 404 minorum
1460 374 1498 404 de
1522 374 1708 409 Scotaneto,
1736 373 1982 403 Pensauriensis
2006 374 2170 405 dioecesis.

1168 428 1239 457 Dat.
1273 428 1414 466 Romae,
1451 437 1495 458 vn
1531 427 1685 458 kalendas
1719 427 1892 463 februarii,
1927 435 2012 457 anuo
2046 432 2170 465 quarto.

1167 480 1317 519 (Pomm,
1338 480 1461 519 23904.)

1498 560 1854 594 Sainte—Marie-Majeure,
1872 560 1886 586 5
1902 559 2006 586 few-ier
2022 559 2101 589 1292.

1207 622 1245 651 In
1262 631 1289 651 e.
1311 631 1367 659 m.,
1381 631 1435 660 pro
1452 622 1585 652 ecclesia
1603 623 1718 652 Beatae
1735 622 1855 651 Mariae
1870 621 1909 651 de
1925 621 2056 657 Valabo,
2072 622 2172 660 Upsa-

1168 674 1266 704 lensis
1284 675 1456 709 dioecesis,
1476 677 1509 704 in
1531 680 1666 714 quatuor
1686 675 1795 704 beatae
1814 675 1933 704 Mariae
1953 679 1983 704 et
2001 675 2032 704 S.
2051 675 2173 704 Johan-

1168 728 1219 756 nis
1241 728 1400 766 Baptistae
1416 729 1653 764 festivitatibus,
1671 737 1725 766 per
1742 733 1810 758 octo
1826 728 1892 757 dies
1909 732 2077 766 sequentes
2093 733 2123 758 et
2138 729 2174 757 in

1167 780 1391 809 anniversario
1417 780 1468 809 die
1497 780 1706 810 dedicationis
1736 780 1879 818 ejusdem
1912 780 2071 810 ecclesiae.
2101 781 2171 810 Dat.

1170 832 1306 869 Romae,
1324 833 1407 871 apud
1426 833 1574 862 Sanctam
1591 833 1727 862 Mariam
1746 833 1918 871 Majorem,
1937 833 2032 863 nonis
2049 833 2174 863 februa-

1169 885 1223 920 rii,
1244 893 1329 915 anno
1347 891 1470 923 quarto.

1210 939 1248 967 In
1280 947 1306 967 e.
1341 947 1385 967 m.
1402 961 1407 973 ‚
1443 947 1498 976 pro
1532 938 1708 968 cathedrali
1743 938 1876 968 ecclesia
1911 939 2024 968 Beatae
2056 939 2176 968 Mariae

1169 991 1332 1027 Aboensi,
1355 991 1389 1019 in
1411 995 1545 1029 quatuor
1563 992 1672 1021 beatae
1699 991 1820 1020 Mariae
1842 991 2081 1026 festivitatibus,
2103 995 2174 1027 etc.,

1170 1047 1204 1073 ut
1221 1052 1326 1082 supra.
1344 1044 1494 1081 (Pomm,
1514 1043 1640 1083 23917.)

1211 1097 1247 1125 In
1277 1106 1303 1126 e.
1329 1106 1392 1131 m.,
1420 1105 1476 1135 pro
1501 1097 1639 1127 ecclesia·
1658 1097 1768 1127 Sancti
1791 1097 1903 1127 Jacobi
1927 1097 1960 1126 in
1988 1096 2177 1133 Thorsargi,

1171 1150 1432 1188 Strangianensis
1447 1151 1611 1187 dioecesis,
1632 1151 1665 1180 in
1683 1150 1715 1180 S.
1736 1150 1856 1186 Jacobi,
1876 1150 1908 1180 S.
1924 1151 2083 1180 Johaunis
2101 1151 2179 1188 Bap-

1171 1204 1260 1233 tistae
1285 1208 1314 1233 et
1339 1209 1475 1242 quatuor
1500 1204 1609 1234 beatae
1633 1204 1752 1234 Mariae
1776 1204 2020 1240 festivitatibuS,
2045 1207 2120 1239 etc.‚
2145 1207 2180 1232 ut

1171 1266 1277 1295 supra.

1473 1317 1834 1352 Sainte-Marie-Majeure,
1855 1318 1886 1345 13
1899 1318 2012 1352 janviet·
2028 1318 2106 1344 1292.

1212 1380 1250 1408 In
1267 1388 1294 1408 e.
1313 1388 1369 1416 m.,
1389 1388 1442 1418 pro
1459 1379 1591 1410 ecclesia
1606 1380 1771 1418 hospitalis
1789 1380 1896 1409 Sancti
1916 1380 2111 1418 Petronyani
2125 1380 2178 1409 do-

1172 1441 1245 1462 mus
1261 1432 1397 1462 militiae
1412 1432 1537 1471 Templi
1559 1433 1597 1462 de
1614 1433 1790 1471 Ceperano,
1811 1433 1991 1463 Verulanae
2006 1433 2178 1470 dioecesis,

1173 1485 1207 1515 in
1229 1486 1260 1516 S.
1281 1487 1478 1525 Petronyani
1499 1486 1683 1524 festivitate,
1703 1496 1757 1525 per
1775 1491 1844 1517 octo
1860 1487 1926 1516 dies
1942 1490 2128 1525 sequentes,
2145 1487 2179 1516 in

1173 1540 1334 1570 dominica
1355 1540 1542 1570 Palmarum
1566 1544 1595 1570 et
1618 1540 1669 1570 die
1694 1541 1826 1570 Veneris
1842 1545 1961 1570 sancto.
1982 1541 2052 1570 Dat.
2077 1545 2180 1570 utsu-

1174 1602 1243 1631 pra,
1261 1593 1366 1622 idibus
1379 1593 1536 1632 januarii,
1557 1602 1642 1623 anno
1660 1598 1783 1632 quarto.

1503 1672 1860 1708 Sainte-Marie-Majeure‚
1879 1673 1894 1700 5
1912 1673 2014 1699 fevi-ier
2031 1673 2108 1700 1292.

1214 1735 1253 1764 In
1275 1743 1302 1764 e.
1329 1743 1385 1767 m.,
1409 1743 1465 1773 pro
1488 1735 1657 1766 ecclesia..
1677 1735 1846 1772 guardiani
1866 1739 1896 1764 et
1920 1739 2095 1765 conventus
2117 1735 2180 1764 fra-

1176 1793 1259 1817 trum
1286 1789 1449 1817 minorum
1473 1788 1511 1817 de
1535 1789 1695 1823 Miniano,
1723 1788 1923 1818 Theanensis
1949 1788 2120 1825 dioecesis,
2145 1788 2180 1817 in

1176 1845 1311 1879 quatuor
1327 1841 1435 1870 beatae
1447 1842 1578 1877 Mariae,
1595 1841 1627 1871 S.
1643 1841 1816 1877 Francisci,
1832 1842 1864 1871 S.
1882 1842 2017 1871 Antonii
2030 1846 2059 1870 et
2074 1842 2182 1871 beatae

1175 1894 1287 1924 Clarae
1305 1894 1542 1930 festivitatibus,
1561 1904 1616 1933 per
1634 1899 1702 1924 octo
1720 1895 1787 1924 dies
1806 1899 1974 1933 sequentes
1992 1899 2022 1924 et
2037 1895 2071 1924 in
2087 1894 2182 1924 anni-

1176 1947 1315 1977 versario
1328 1947 1379 1976 die
1399 1947 1613 1977 dedicationis
1629 1947 1771 1985 ejusdem
1789 1947 1948 1977 ecclesiae.

1217 2012 1230 2026 a
1254 2000 1340 2029 Licet
1356 2000 1381 2029 is
1401 2000 1476 2030 de...
1494 2016 1533 2022 -—
1552 2001 1621 2029 Dat.
1642 2001 1756 2036 Rome,
1774 2000 1858 2038 apud
1877 2000 2024 2029 Sanctam
2046 2000 2181 2029 Mariam

1176 2054 1348 2091 Major-eni,
1368 2054 1460 2082 nonis
1477 2053 1648 2089 februarii,
1664 2062 1750 2082 anno
1764 2057 1885 2092 quarto.
1908 2065 1921 2080 ι»

1216 2106 1292 2135 Ine.
1311 2116 1367 2141 m.,
1385 2115 1440 2144 pro
1454 2106 1587 2136 ecclesia
1606 2129 1625 2136 ..
1642 2106 1813 2143 guardiani
1828 2110 1858 2136 et
1871 2106 2003 2136 fratrum
2020 2106 2181 2136 minorum

1177 2159 1216 2188 de
1236 2159 1354 2195 Ebulo,
1372 2159 1594 2188 Salernitanae
1610 2159 1776 2189 dioecesis.
1793 2158 1954 2198 (Pomm,
1974 2159 2098 2198 23914.)

1484 2238 1849 2273 Sainte-Marie-Majeure,
1869 2239 1900 2265 10
1915 2239 2018 2266 fevrier
2034 2239 2110 2266 1292.

1217 2302 1255 2331 In
1276 2310 1303 2331 e.
1324 2310 1387 2338 m.,
1405 2310 1460 2340 pro
1481 2301 1613 2331 ecclesia
1634 2302 1767 2331 Sanctae
1790 2301 1927 2339 Agnetis
1949 2301 1987 2331 de
2010 2303 2180 2340 Argentio,

1178 2357 1311 2385 Sanctae
1334 2354 1528 2391 Agathensis
1551 2354 1718 2390 dioecesis,
1740 2355 1772 2383 in
1789 2359 1924 2393 quatuor
1939 2355 2048 2384 beatae
2066 2356 2184 2385 Mariae

1178 2413 1208 2438 et
1226 2413 1352 2437 sanctae
1368 2409 1503 2445 Agnetis
1518 2409 1741 2438 festivitatibus
1752 2431 1760 2445 ,
1778 2418 1832 2447 per
1849 2413 1917 2438 octo
1934 2409 2001 2438 dies
2017 2414 2183 2448 sequentes

1178 2467 1208 2491 et
1224 2462 1259 2491 in
1276 2462 1495 2492 anniversario
1510 2461 1562 2491 die
1577 2462 1785 2492 dedicationis
1801 2463 1945 2501 ejusdem
1960 2462 2122 2492 ecclesiae.

1220 2527 1233 2541 α
1256 2514 1324 2543 Vite
1340 2515 1491 2552 perennis
1504 2514 1643 2552 gloria...
1660 2532 1699 2536 —
1718 2515 1788 2544 Dat.
1808 2516 1919 2551 Rome,
1935 2515 2019 2553 apud
2035 2516 2184 2545 Sanctam

1180 2568 1315 2597 Mariam
1335 2567 1501 2604 Maiorem,
1517 2576 1563 2596 1111
1580 2567 1651 2596 idus
1668 2568 1829 2604 februarii,
1848 2577 1933 2598 anno
1948 2573 2070 2606 quarto.
2088 2581 2100 2595 »

1218 2620 1257 2649 In
1273 2628 1300 2649 e.
1320 2629 1375 2655 m.,
1393 2628 1448 2657 pro
1464 2620 1597 2649 ecclesia
1613 2621 1747 2650 Sanctae
1765 2621 1886 2651 Mariae
1902 2622 1961 2651 sita
1976 2622 2010 2650 in
2029 2622 2185 2652 territorio

1179 2672 1401 2708 Gamacescae,
1424 2672 1670 2702 Beneventanae
1686 2673 1856 2710 dioecesis,
1874 2674 1907 2703 in
1927 2679 2061 2712 quatuor
2078 2674 2185 2704 beatae

1180 2725 1300 2754 Mariae
1315 2725 1555 2763 festivitatibus,
1575 2736 1630 2765 per
1647 2731 1715 2756 octo
1729 2727 1798 2757 dies
1816 2732 1983 2766 sequentes
1999 2734 2029 2757 et
2044 2729 2077 2756 in
2090 2728 2183 2757 anni·

1179 2778 1317 2807 versario
1334 2777 1387 2806 die
1403 2778 1612 2808 dedicationis
1629 2780 1773 2817 ejusdem
1794 2779 1954 2810 ecclesiae.

1221 2842 1234 2857 <1
1248 2831 1344 2868 Virga
1353 2831 1579 2861 venustissima
1591 2836 1704 2863 et...—
1714 2833 1784 2862 Dat.
1801 2837 1949 2871 utsupra.
1964 2845 1975 2859 n
1987 2833 2045 2872 (En
2056 2834 2186 2872 marqe.)

1494 2911 1849 2947 Sainte-Marie-Majeure,
1866 2913 1903 2939 12¹
1918 2913 2020 2939 fevrier
2037 2913 2113 2941 1‘29‘2.

1220 2973 1258 3002 In
1275 2982 1301 3003 e.
1319 2982 1376 3010 m.,
1396 2981 1451 3011 pro
1467 2973 1600 3004 ecclesia
1614 2975 1748 3005 Sanctae
1760 2975 1881 3005 Mariae
1896 2975 1935 3005 de
1950 2974 2032 3014 Ripa
2047 2975 2085 3005 de
2102 2976 2187 3006 Pon-
