2393 3496
201 309 258 340 870
944 297 1178 331 REGISTRES
1200 297 1255 326 DE
1278 295 1462 326 NICOLAS
1485 295 1541 325 IV.

242 374 496 404 6504-6505
535 368 891 402 Suintcv,Nlarie-Mnjeure,
914 367 942 393 ts
959 366 1071 400 janvier
1090 364 1165 391 ¹202.

237 437 354 463 (joliano
370 435 498 461 benefitii
518 438 544 459 vt
567 431 742 466 dispensatio
758 438 845 464 Super
866 429 1026 463 pluralitate
1048 426 1204 452 beneficio·

200 494 275 512 rum.
290 485 370 517 (ttae.
390 485 431 511 tu.
449 491 473 509 c.
491 482 551 511 099.
569 481 586 507 l'.
608 480 716 510 1401-0.)

241 586 364 616 Ger-<ilde
383 583 537 615 [ιιιηιίιιίι-ί,
555 582 698 609 canonico
716 578 924 611 Braclmrensi.
943 577 981 606 ad
999 575 1202 614 supplicatio-

201 648 274 668 nem
285 637 403 669 Jacobi.
416 637 546 664 Sanctae
560 633 677 662 Mariae
690 632 721 660 in
735 631 867 660 vialata
878 629 1005 659 diaconi
1017 627 1200 664 cardinalis,

199 692 289 729 cujus
308 688 461 718 (hii-aldus
482 686 663 724 capellanus
686 689 748 720 est,
769 683 992 714 canonicatum
1017 682 1049 711 in
1069 680 1203 711 ecclesia

201 741 503 775 Bi·acliai·ensi,cuin
523 738 720 777 plenitudine
732 737 814 775 J'uris
832 735 989 771 canonici,
1001 739 1030 764 et
1047 734 1201 773 praeben-

199 796 270 825 dam
287 803 321 823 ac
337 793 523 829 dignitatem
541 800 595 821 seu
613 795 816 829 personatum
830 790 960 824 confert,
974 788 1203 826 dispensatque

198 857 268 878 cuni
289 856 324 876 eo
345 851 377 875 ut
392 845 502 875 eadem
521 844 744 873 canonicatum
763 848 794 873 et
815 842 1027 882 praebendam
1046 849 1109 869 una
1128 848 1201 869 cum

197 900 383 931 canonicatu
398 903 427 928 et
440 898 618 936 praebenda
631 897 690 926 sul)
702 897 916 934 expectatione
930 896 960 924 in
978 893 1202 930 Ulixbonensi,

199 953 439 984 canonicatibus
464 957 493 981 et
523 951 710 990 praebendis
732 951 763 979 in
788 949 1012 980 Coliinbriensi
1034 953 1063 977 et
1090 948 1203 976 Lame-

198 1008 284 1036 censi
302 1005 454 1040 ecclesiis,
472 1005 662 1043 quibusdam
681 1003 857 1032 redditibus
874 1002 907 1031 iu
926 1001 1054 1031 civitate
1071 1004 1101 1029 et
1116 999 1203 1029 dioe-

197 1059 259 1090 cesi
279 1058 479 1093 Lamecensi,
497 1061 525 1086 et
541 1057 671 1087 ecclesia
691 1057 824 1085 Sanctae
841 1055 960 1084 Mariae
979 1054 1017 1083 de
1036 1052 1203 1083 Montefri-

197 1113 281 1151 gido,
299 1110 573 1150 Coinpostellanae
591 1109 756 1144 dioecesis,
775 1108 933 1146 possidere
951 1106 1062 1136 valeat.

240 1178 253 1192 a
286 1165 395 1203 Adjuti
431 1163 552 1193 meritis
588 1163 751 1201 proprie...
788 1179 827 1182 —
858 1162 926 1190 Dat.
966 1161 1082 1196 Rome,
1120 1158 1204 1198 apud

198 1218 346 1249 Sanctam
369 1218 502 1246 Mariam
521 1216 685 1254 Minorem,
707 1224 745 1244 xv
762 1214 915 1244 kalendas
934 1213 1098 1248 februarii,
1118 1220 1204 1242 anno

198 1275 321 1310 quarto.
345 1282 357 1296 ι)

238 1324 273 1353 ln
291 1333 318 1352 e.
336 1332 379 1351 m.
396 1345 414 1351 ..
429 1322 525 1360 priori
539 1321 674 1351 Sanctae
689 1320 801 1350 Crucis
815 1319 1072 1356 Cohmbriensis,
1091 1341 1110 1348 ..
1127 1327 1204 1348 can-

199 1377 255 1407 tori
274 1375 423 1406 ecclesiae
441 1375 624 1404 Elborensis
646 1383 682 1404 ac
708 1397 728 1404 ..
754 1373 888 1412 plebano
904 1372 1006 1411 plebis
1028 1372 1066 1402 de
1088 1371 1205 1402 Sancta

198 1429 397 1464 Innocentia,
416 1428 568 1458 Senensis
583 1427 752 1461 dioecesis,
774 1427 905 1456 mandat
927 1431 959 1456 ut
976 1425 1151 1456 Geraldnm
1169 1425 1203 1454 in

196 1482 428 1522 possessionem
451 1480 646 1520 corporalem
671 1480 876 1510 canonicatus
902 1479 1129 1509 Bracharensis
1151 1479 1204 1508 in-

197 1535 322 1565 ducant.

266 1707 385 1736 6350ss

233 1769 364 1796 Facultas
385 1768 551 1795 conferendi
574 1768 788 1794 tabellionatum
810 1768 859 1794 uni
882 1775 1030 1802 personae.
1053 1767 1135 1799 (Rae.
1153 1766 1202 1798 46,

196 1827 220 1846 c.
239 1818 298 1849 700,
317 1819 335 1844 f.
356 1818 403 1845 140
419 1822 469 1848 vo.)

494 1705 860 1740 Sainte-Marie-Majeure,
877 1705 1036 1740 523janvie1·
1052 1705 1130 1732 1292.

240 1922 408 1951 Venerabili
423 1922 519 1958 fratri
535 1920 581 1957 G.,
599 1920 820 1957 archiepiscopo
846 1920 1016 1949 Viennensi.

236 1987 248 2001 α
274 1975 322 2004 Ne
345 1978 565 2004 contractuum
592 1973 784 2003 memoria...
808 1989 848 1995 —
873 1973 942 2002 Dat.
970 1973 1090 2008 Rome,
1116 1972 1202 2011 apud

193 2029 341 2057 Sanctam
361 2028 495 2057 Mariam
517 2027 690 2065 Majorem,
710 2036 728 2056 x
751 2025 905 2056 kalendas
925 2026 1096 2062 februarii,
1116 2034 1202 2056 anno

191 2087 314 2119 quarto.
335 2093 348 2108 ι)

261 2241 376 2269 θὸθῖ

225 2302 380 2329 Confirmat
396 2303 624 2329 aestimationem
641 2311 697 2337 qua
713 2303 868 2336 episcopus
884 2301 1041 2328 Gaietanus
1053 2305 1199 2328 monaste—

188 2353 261 2379 rium
278 2352 442 2391 Caspium-fi,
466 2351 668 2378 Cisterciensis
684 2351 803 2385 ordinis,
818 2350 978 2377 Verulanae
994 2350 1146 2381 dioecesis,
1162 2350 1197 2376 ad

187 2401 285 2427 decem
302 2405 330 2426 et
350 2406 414 2427 octo
440 2400 540 2427 uncias
560 2400 620 2426 auri
636 2401 783 2426 annuatim
805 2400 980 2434 apostolicae
1002 2399 1081 2426 sedis
1102 2400 1196 2434 legato

186 2449 350 2480 solvendas,
363 2458 411 2484 pro
423 2450 533 2475 decima
549 2449 712 2475 reddituum
725 2449 790 2483 ejus
801 2448 828 2474 in
842 2457 930 2482 regno
941 2448 1066 2482 Siciliae,
1078 2449 1195 2475 taxavit.

185 2498 268 2531 (Rae.
287 2498 331 2528 46,
349 2506 376 2524 e.
393 2499 454 2531 701,
471 2498 490 2524 f.
511 2498 560 2524 140
578 2498 631 2530 νο.)

491 2239 856 2274 sainte-Marie-MaJeure,
872 2239 906 2266 ‘23
918 2240 1031 2274 janvier
1048 2239 1126 2266 1292.

226 2624 246 2629 ..
266 2599 473 2630 collectoribus
485 2600 595 2629 decime
612 2600 728 2636 negotio
746 2601 835 2636 reynt‘
850 2598 952 2628 Stcttz'e
968 2599 1116 2637 deputate.

226 2667 237 2677 «ι
256 2654 489 2691 Significat-unt
503 2652 594 2682 nobis
610 2652 757 2682 dilecti...
777 2668 817 2674 —
834 2652 905 2682 Dat.
925 2656 1079 2691 utsupra.
1102 2664 1115 2679 n

251 2813 368 2842 6508
491 2810 846 2845 Sa'inte-Marie-Majeure,
863 2812 894 2838 21
908 2811 1022 2846 janvier
1039 2811 1118 2838 1292.

215 2875 400 2911 Dispensatio
417 2873 600 2900 matrimonii.
618 2873 702 2907 (stau.
722 2873 765 2907 46,
782 2881 808 2900 e.
826 2873 891 2904 70²2,
909 2874 928 2900 f.
947 2874 997 2901 140
1013 2875 1064 2907 vo.)

218 3001 239 3008 ..
263 2979 396 3016 episcopo
416 2977 603 3006 Norwicenst'
621 2975 793 3006 committit
813 2980 846 3006 ut
865 2984 939 3006 cum
955 2975 1107 3006 Johanlie
1124 2975 1187 3006 Ro-

1284 361 1364 391 berti
1380 360 1418 390 de
1437 359 1643 399 Wygenhale
1659 363 1690 389 et
1701 358 1870 396 Margeria,
1887 361 1961 387 nata
1977 355 2146 386 Guillelmi
2161 356 2200 387 de
2217 357 2289 389 Bra-

1285 413 1442 449 denham,
1462 413 1625 451 dispenset
1642 416 1676 441 ut
1696 411 1730 441 in
1748 410 1956 441 matrimonio
1977 409 2062 449 quod
2083 409 2179 446 olim,
2198 409 2288 449 igno.

1285 472 1391 496 rantes
1420 465 1691 505 impedimentum
1725 472 1812 500 esse,
1846 465 2074 493 contraxerunt
2104 467 2134 492 et
2163 462 2198 492 in
2229 468 2304 502 quo·

1285 518 1406 557 prolem
1424 523 1630 557 procrearunt
1650 525 1815 546 remanere
1834 515 1972 545 valeant.
2343 551 2345 558 y

1327 583 1340 598 α
1362 570 1512 600 Exhibita
1529 570 1620 600 nobis
1637 569 1782 599 dilecti...
1807 585 1844 590 ——
1863 569 1933 599 Dat.
1958 568 2076 604 Rome,
2093 567 2176 607 apud
2192 567 2289 600 Sanc·
2323 572 2336 591 ἕν

1285 628 1349 653 tam
1383 623 1517 652 Mariam
1548 623 1714 661 Maj0rem,
1746 630 1787 651 xn
1819 621 1974 651 kalendas
2007 621 2177 658 februarii,
2207 613 2315 655 anno¹

1284 679 1406 714 quarto.
1428 687 1441 702 ι,

1320 873 1581 904 6509-6510
1628 872 1987 907 Sainte-Marie-Majeure,
2005 872 2035 900 ‘211
2051 873 2257 908 jannei-1292.
2300 900 2302 905 ,

1322 937 1506 964 Hei-mannus
1527 937 1616 963 abbas
1642 936 1807 963 monasterii
1834 936 1932 962 Sancti
1961 935 2107 963 Benedicti
2129 936 2165 963 de
2184 933 2310 966 Gualdo*

1285 987 1481 1014 confirmatur.
1497 985 1581 1020 (Rae.
1598 986 1642 1017 46,
1657 993 1682 1012 c.
1699 985 1760 1018 703,
1778 986 1796 1012 s.
1817 986 1867 1012 140
1883 986 1934 1020 vu.)

1325 1104 1512 1139 Hermanno,
1525 1103 1626 1132 abbati
1644 1102 1822 1131 monasterti
1835 1101 1940 1131 Sancti
1956 1102 2106 1131 Benedicti
2118 1101 2153 1132 de
2168 1101 2292 1142 Gualdo,
2310 1111 2314 1125 ι

1286 1157 1325 1186 ad
1353 1165 1517 1185 romanam
1545 1157 1698 1185 ecclesiam
1728 1156 1814 1187 nullo
1835 1156 1932 1184 medio
1956 1157 2150 1192 pertinentiis,
2177 1143 2314 1187 ordinis*

1286 1210 1317 1239 S.
1338 1210 1504 1245 Benedicti,
1524 1209 1671 1239 Nuceriae
1695 1208 1827 1237 diocesis.
1848 1208 2027 1238 Confirmat
2049 1207 2236 1238 electionem
2256 1208 2310 1242 de,-

1287 1271 1337 1299 eo,
1371 1267 1445 1292 tunc
1477 1262 1635 1292 monacho
1668 1261 1853 1292 monasterii
1883 1261 2019 1292 Sanctae
2047 1261 2158 1292 Crucis
2187 1261 2295 1293 Fontis

1287 1315 1477 1352 Avellanae,
1502 1315 1536 1344 in
1562 1315 1708 1344 abbatem
1730 1315 1917 1344 monasterii
1938 1314 2047 1345 Sancti
2069 1314 2236 1345 Benedicti
2256 1314 2299 1346 de

1287 1368 1422 1404 Gualdo,
1442 1378 1497 1407 per
1510 1368 1632 1398 obitum
1651 1367 1820 1398 Guillelmi
1838 1368 1992 1405 vacantis,
2010 1368 2135 1398 factam.

1329 1434 1343 1449 ιι
1365 1422 1448 1452 Dum
1464 1426 1584 1452 attente
1599 1422 1904 1452 considerationis...
1922 1439 1960 1444 —
1975 1422 2047 1451 Dat.
2065 1426 2221 1461 utsupra.
2240 1433 2255 1450 n

1326 1476 1365 1505 In
1390 1485 1418 1506 e.
1446 1485 1488 1505 m.
1518 1475 1692 1505 conventui
1722 1475 1908 1505 monasterii
1935 1474 2044 1506 Sancti
2069 1474 2233 1505 Benedicti
2256 1474 2296 1506 de

1286 1529 1411 1559 Gualdo
1431 1528 1563 1558 mandat
1589 1533 1622 1559 ut
1642 1529 1747 1559 eidem
1772 1529 1960 1558 Hermanno
1983 1528 2122 1558 debitam
2144 1527 2295 1558 ohedien-

1288 1583 1364 1612 tiam
1378 1582 1538 1622 praebeat.

1357 1782 1473 1811 6511

1321 1843 1508 1879 Dispensatio
1524 1851 1612 1879 super
1628 1843 1788 1879 pluralitate
1803 1843 2019 1869 beneficiorum.
2032 1842 2116 1876 (Rau.
2133 1841 2166 1870 46
2194 1850 2220 1870 c.
2233 1841 2294 1878 704,

1285 1893 1305 1920 f.
1323 1894 1371 1921 141
1389 1896 1437 1927 νῦ.)

1617 1780 1974 1815 Sainte-Marie-Majeure,
1990 1780 2005 1807 5
2017 1780 2132 1815 janvier
2146 1779 2224 1807 1292.

1332 2011 1496 2040 Venerabili
1508 2011 1605 2047 fratri
1622 2032 1643 2039 ..
1660 2010 1792 2048 episcopo
1808 2010 2010 2039 Ltncotntenst
2026 2008 2157 2039 mandat
2173 2012 2207 2038 ut
2220 2017 2294 2039 cum

1285 2063 1428 2094 Oliverio
1443 2063 1483 2093 de
1499 2063 1647 2098 Samene,
1666 2062 1866 2101 presbytero,
1886 2062 2049 2101 dispenset
2073 2066 2108 2092 ut
2127 2061 2294 2092 ecclesiam

1284 2117 1323 2147 de
1348 2117 1541 2155 Edelesberg
1561 2125 1626 2147 una
1652 2125 1726 2146 cum
1745 2116 1878 2146 ecclesia
1897 2116 1936 2146 de
1958 2114 2111 2146 Cercellis
2130 2115 2294 2155 possidere

1283 2171 1370 2202 licite
1386 2172 1493 2210 possit.

1325 2237 1338 2252 α
1357 2226 1451 2255 Lecta
1468 2233 1575 2255 coram
1598 2225 1726 2255 nobis...
1753 2241 1791 2245 —
1811 2224 1883 2253 Dat.
1904 2224 2021 2260 Rome,
2039 2222 2124 2262 apud
2141 2222 2292 2261 Sanctam

1283 2279 1419 2308 Mariam
1440 2279 1608 2317 Maj0rem,
1628 2277 1889 2316 nonisjanuai·ii,
1908 2285 1995 2307 anno
2010 2280 2135 2315 quarto.
2156 2287 2170 2303 »
2327 2266 2331 2267 ⁷

1349 2478 1467 2506 (3512

1314 2539 1499 2575 Dispensatio
1515 2547 1604 2575 super
1618 2540 1778 2575 pluralitate
1793 2540 2011 2568 beneficiorum.
2022 2539 2106 2574 (Rae.
2119 2539 2161 2572 46,
2175 2547 2200 2566 c.
2213 2538 2287 2574 7042,

1276 2589 1296 2616 f.
1313 2590 1360 2616 141
1379 2591 1427 2622 1¹⁰.)

1597 2477 1964 2512 Sainte-Marie-Majeure,
1981 2478 1996 2504 5
2008 2477 2122 2512 Janvier
2139 2476 2217 2505 1292.

1322 2708 1487 2737 Venerabili
1511 2709 1606 2745 fratri
1626 2730 1646 2737 ..
1670 2707 1892 2746 archiepiscopo
1916 2707 2135 2737 Cantulariensi
2154 2707 2286 2737 mandat

1274 2764 1310 2791 ut
1320 2769 1391 2791 cnm
1405 2761 1556 2799 magistro
1570 2761 1712 2791 Waltero
1725 2761 1763 2791 de
1775 2761 1882 2792 Stowe
1895 2760 2059 2800 dispenset
2072 2764 2105 2790 ut
2117 2760 2283 2790 ecclesiam

1273 2813 1312 2844 de
1329 2813 1537 2851 Nortwolde,
1556 2814 1776 2845 Norwicensis
1792 2814 1958 2851 dioecesis,
1978 2822 2040 2843 una
2057 2821 2131 2844 cum
2149 2811 2282 2843 ecclesia

1272 2868 1312 2898 de
1340 2867 1494 2898 Guistone
1507 2893 1514 2906 ‚
1548 2867 1784 2899 Lincolniensis
1816 2867 1988 2905 dioecesis,
2022 2866 2112 2898 licite
2145 2867 2282 2897 retinere

1272 2922 1380 2961 possit.

1312 2988 1324 3004 ιι
1345 2976 1439 3006 Lecta
1453 2984 1560 3006 coram
1579 2976 1706 3007 nobis...
1725 2992 1762 3000 —
1779 2976 1850 3006 Dat.
1869 2979 1902 3006 ut
1919 2983 2026 3014 supra.
2046 2987 2058 3000 ι»
