2393 3496
896 299 1149 346 QUATRIEME
1171 296 1328 337 ANNEE.
2101 301 2156 329 851

108 388 145 417 In
162 395 188 416 e.
206 394 249 414 m.
261 407 268 420 ,
284 392 340 422 pro
354 381 486 412 ecclesia
510 405 529 410 ..
556 381 670 419 prioris
688 384 718 409 et
739 382 915 409 conventus
935 376 1069 405 fratrum

71 438 296 471 heremitarum
325 435 364 465 de
392 435 630 470 Montesancto‚
659 433 782 463 ordinis
811 431 842 460 S.
871 429 1046 467 Augustini
1062 451 1069 465 ,

71 493 238 524 Fit-manae
261 488 429 524 dioecesis,
448 487 481 516 in
507 490 644 525 quatuor
667 486 776 515 beatae
794 484 930 520 Mariae,
951 482 984 512 S.
1005 483 1069 511 Au-

71 543 191 584 gustini
210 546 240 572 et
254 542 361 571 beatae
379 540 498 570 Mariae
515 539 723 577 Magdalenae
739 536 963 567 festivitatibus
978 539 1008 564 et
1019 544 1073 573 per

71 603 138 629 octo
154 597 220 626 dies
235 599 414 633 sequentes.
434 594 505 623 Dat.
524 598 557 622 nt
573 601 678 630 supra.
696 592 795 630 (ibid.)

335 672 692 706 Sainte-Marie-Majeure,
710 672 741 697 110
756 670 907 696 decembre
924 670 1001 696 1291.

115 741 147 769 tn
162 748 189 768 e.
208 747 251 767 m.
268 761 274 773 ,
291 746 347 776 pro
367 736 500 766 ecclesia
526 759 544 764 ..
566 735 744 765 abbatissae
767 738 797 764 et
811 737 986 763 conventus
1002 740 1073 762 mo-

73 791 202 823 nasterii
217 789 410 820 monialium
427 789 535 819 Sancti
553 787 698 825 Gregorii
715 786 933 825 Neapolitani,
950 785 1074 815 ordinis

73 847 104 877 S.
125 844 298 880 Benedicti,
315 843 349 872 in
366 843 397 873 S.
410 842 556 880 Gregorii
575 846 604 871 et
620 841 652 871 S.
665 840 826 870 Johannis
841 839 1001 878 Baptistae
1017 839 1075 868 fes-

73 898 245 930 tivitatibus
257 901 287 926 et
304 905 360 935 per
372 901 440 926 octo
457 896 525 925 dies
539 899 717 934 sequentes.

113 964 126 978 «
146 951 232 981 Licet
248 950 276 979 is
295 949 371 979 de...
387 965 426 971 —
441 950 511 978 Dat.
531 949 649 984 Rome,
666 947 750 985 apud
769 947 918 977 Sanctam
938 946 1073 975 Mariam

73 1005 225 1043 Majorem
236 1026 243 1037 ,
261 1012 306 1032 1111
327 1002 399 1032 idus
415 1001 610 1038 decembris,
628 1009 714 1030 anno
729 1004 852 1038 quarto.
879 1011 892 1026 n
908 999 1015 1037 (Ibid.)

348 1081 706 1116 Sainte-Marie-Majeui·e,
725 1082 738 1107 3
757 1080 908 1107 decembre
927 1080 1003 1107 1291.

111 1147 149 1176 In
167 1155 194 1176 e.
209 1154 252 1174 m.
267 1169 273 1181 ‚
291 1153 346 1184 pro
364 1144 496 1174 ecclesia
514 1143 700 1173 monasterii
716 1143 823 1172 Sancti
849 1143 930 1172 Mari
956 1143 1074 1172 Lausa-

73 1199 198 1235 nensis,
214 1198 336 1229 ordinis
353 1198 385 1228 S.
403 1198 595 1235 Augustini.
618 1198 651 1226 in
680 1200 862 1226 sanctorum
886 1196 988 1232 Mari,
1006 1197 1075 1226 Au-

74 1252 193 1291 gustini
225 1256 255 1282 et
287 1251 452 1282 Benedicti
483 1251 724 1286 festivitatibus,
751 1259 806 1288 per
837 1254 905 1280 octo
934 1250 1001 1280 dies
1025 1259 1075 1280 se-

74 1310 205 1345 quentes
234 1309 265 1335 et
295 1305 330 1334 in
359 1305 582 1334 anniversario
609 1304 661 1333 die
690 1303 901 1333 dedicationis
933 1304 1075 1343 ejusdem

75 1358 238 1389 ecclesiae.

116 1423 129 1438 u
147 1411 218 1441 Vite
237 1412 386 1451 perennis
409 1412 545 1450 gloria...
567 1428 605 1433 —
626 1412 696 1440 Dat.
724 1412 845 1447 Rome,
870 1411 954 1449 apud
977 1411 1077 1441 Sanc-

78 1469 139 1495 tam
173 1465 308 1494 Mariam
342 1465 514 1503 Majorem,
549 1474 584 1493 111
621 1473 721 1493 nonas
758 1464 955 1500 decembris,
992 1473 1078 1494 anno

75 1521 196 1556 quarto.
218 1529 232 1544 »
246 1516 349 1556 (Ibid.)

353 1597 711 1632 Sainte-Marie-Majeure,
729 1597 744 1624 3
760 1598 911 1625 decembre
933 1599 1007 1626 1291.

114 1662 152 1691 In
171 1670 197 1691 e.
215 1669 258 1690 m.
275 1686 282 1698 ‚
303 1669 358 1699 pro
375 1660 551 1707 cathedrali
566 1660 698 1691 ecclesia
716 1661 916 1691 Lausanensi
931 1686 937 1697 ,
962 1663 1078 1693 Beatae

78 1715 194 1745 Mariae
208 1715 361 1745 vocabulo
376 1715 542 1753 insignita,
559 1715 593 1744 in
611 1720 747 1754 quatuor
763 1715 907 1753 ejusdem
926 1716 1075 1754 virginis,

77 1772 201 1798 sanctae
227 1768 344 1803 crucis,
373 1768 404 1798 S.
433 1768 593 1798 Johannis
618 1769 777 1807 Baptistae
803 1773 832 1799 et
862 1769 894 1799 S.
918 1770 1079 1801 Johannis

77 1821 297 1860 Evangelistae
313 1821 537 1851 festivitatibus
553 1825 584 1850 et
599 1830 656 1860 per
670 1826 738 1852 octo
754 1822 821 1852 dies
837 1828 1016 1861 sequentes.

118 1887 131 1901 ι.
150 1874 313 1905 Gloriosus
331 1874 416 1904 Deus
432 1874 504 1903 in...
528 1891 566 1896 —
585 1875 656 1904 Dat.
683 1875 782 1905 Rome
795 1898 803 1911 ,
822 1877 905 1914 apud
929 1876 1078 1907 Sanctam

78 1928 212 1958 Mariam
229 1928 401 1967 Majorem,
420 1937 453 1957 111
471 1936 571 1958 nonas
589 1928 785 1965 decembris,
803 1937 889 1959 anno
910 1934 1036 1968 quarto.
1065 1942 1077 1956 >³

76 1980 179 2020 (thid.)

335 2033 694 2068 sainte-Marie-Majeure‚
711 2034 745 2060 ‘22
761 2034 912 2061 decembre
929 2035 1007 2063 1291.

95 2094 98 2096 ’
114 2096 153 2126 In
169 2105 196 2126 e.
216 2105 259 2126 m.
276 2121 282 2133 ,
300 2105 356 2135 pro
372 2096 504 2127 ecclesia
520 2097 630 2127 Sancti
649 2097 805 2135 Stephani
827 2097 865 2128 de
883 2098 998 2129 Sancto
1016 2100 1079 2130 Ur-

76 2148 445 2186 hano‚Gatha1auneusis
457 2149 622 2186 dioecesis,
634 2150 667 2179 in
683 2156 820 2189 quatuor
832 2151 942 2182 beatae
959 2153 1080 2182 Mariae

78 2206 108 2232 et
120 2207 301 2233 sanctorum
317 2202 469 2241 Symonis
486 2207 516 2233 et
530 2203 634 2233 Judae
650 2204 874 2234 festivitatibus
893 2209 923 2234 et
937 2214 993 2244 per
1011 2210 1080 2236 octo

78 2255 146 2285 dies
159 2260 338 2295 sequentes

119 2321 133 2336 οι
148 2309 235 2339 Licet
249 2310 276 2339 is
291 2310 368 2340 de...
386 2326 424 2332 —-
441 2311 511 2340 Dat.
530 2311 650 2348 Rome,
667 2311 752 2350 apud
775 2312 925 2342 Sanctam
943 2313 1079 2343 Mariam

78 2362 252 2402 Majorem,
271 2372 301 2392 xr
318 2362 471 2393 kalendas
487 2364 644 2402 januarii,
661 2373 747 2394 anno
761 2369 884 2403 quarto.
903 2377 916 2392 1>
933 2365 1041 2404 (Ibid.)

117 2415 156 2445 In
176 2424 204 2445 e.
223 2425 265 2445 m.
277 2439 285 2453 ,
302 2424 358 2454 pro
374 2416 495 2454 capella
509 2416 618 2446 Sancti
635 2416 808 2447 Salvatoris
830 2418 864 2447 in
888 2419 1082 2449 monasterio

80 2467 188 2498 Sancti
215 2468 356 2505 Urbani,
385 2469 505 2499 ordinis
531 2470 561 2499 S.
595 2470 781 2507 Benedicti,
812 2470 1082 2502 Cathalannensis

80 2520 241 2557 dioecesis,
258 2521 291 2550 in
306 2526 443 2560 quatuor
457 2523 566 2552 beatae
585 2523 706 2553 Mariae
726 2523 954 2554 festivitatibus
977 2529 1007 2555 et
1026 2535 1082 2564 per

81 2577 148 2604 octo
159 2574 226 2604 dies
242 2579 421 2613 sequentes.
440 2576 511 2605 Dat.
532 2581 684 2615 utsupra.
699 2576 805 2616 (ibid.)

152 2759 262 2787 «3341

118 2818 299 2855 Dispensatio
315 2823 498 2849 matrimonii.
519 2823 600 2853 (Rae.
618 2824 660 2855 46,
678 2833 703 2852 e.
720 2825 781 2857 6⁵27,
798 2826 817 2853 f.
838 2827 885 2854 1‘25
902 2832 951 2858 vo.)

340 2759 701 2796 Sainte-Marie-MaJ‘eure,
722 2764 749 2789 il
767 2764 917 2791 decembre
935 2765 1010 2792 1291.

125 2943 144 2950 ..
159 2923 290 2960 episcopo
304 2924 458 2960 Yporiensi
475 2925 643 2955 committit
658 2931 691 2955 ut
703 2935 775 2956 cum
787 2928 806 2957 J
809 2929 904 2959 acobo
915 2929 953 2958 de
963 2929 1086 2959 Castro·

85 2981 166 3003 novo
183 2978 214 3004 et
230 2975 374 3006 Beatrice
394 2977 432 3006 de
449 2977 621 3008 comitibus
638 2978 745 3009 Sancti
762 2981 911 3018 Martini,
929 2982 1085 3020 Yporien-

1153 373 1195 402 sis
1212 373 1378 407 dioecesis,
1394 372 1555 410 dispenset
1571 370 1655 399 utin
1675 367 1879 398 matrimonio
1901 367 1978 397 olim
2002 367 2041 396 ab
2063 367 2158 405 ipsis,

1153 426 1192 455 ad
1206 425 1361 454 sedandas
1377 424 1549 454 discordias
1562 424 1646 453 inter
1661 421 1919 459 consanguineos
1934 423 2068 454 exortas,
2084 428 2160 449 con—

1155 484 1251 509 tracto
1267 487 1432 508 remanere
1448 478 1581 516 possint,
1600 485 1663 506 non
1680 476 1823 506 obstante
1838 478 1949 513 quarto
1965 474 2159 511 consangui-

1155 532 1261 562 nitatis
1277 531 1376 570 gradu
1395 540 1458 570 quo
1474 531 1636 570 conjuncti
1656 534 1741 560 sunt.

1197 597 1209 611 ε(
1233 585 1349 614 Petitio
1374 584 1481 613 dilecti
1507 583 1604 614 filii...
1631 600 1671 606 —
1698 583 1767 612 Dat.
1796 582 1899 612 Rome
1913 605 1920 616 ,
1948 581 2031 619 apud
2060 581 2161 610 Sanc-

1157 642 1219 667 tam
1257 638 1390 667 Mariam
1428 638 1600 676 Majorem,
1645 646 1677 665 ιιι
1721 636 1792 665 idus
1831 635 2027 671 decembris,
2073 643 2159 664 anno

1157 696 1279 730 quarto.
1306 702 1319 716 »

1228 875 1344 904 (3342
1438 872 1795 906 Sainte-Marie-ltlajeure„
1816 873 1830 898 5
1847 872 1996 898 decembre
2016 872 2090 898 1291.

1191 937 1295 964 Curam
1309 958 1326 964 ..
1340 937 1501 963 abbatissae
1513 939 1542 962 et
1557 938 1718 962 conventus
1733 934 1899 961 monasterii
1916 934 2012 960 Sancti
2029 935 2163 960 Andreae

1157 987 1192 1013 de
1210 986 1319 1012 Fractis
1334 986 1369 1012 de
1388 985 1480 1016 Urbe,
1499 985 1608 1011 ordinis
1624 984 1654 1011 S.
1672 984 1848 1018 Augustini,
1866 982 2008 1013 Gerardo,
2027 984 2164 1017 episcopo

1158 1035 1320 1065 Sabinensi,
1337 1034 1500 1061 committit.
1518 1033 1600 1064 (Rae.
1618 1032 1661 1063 46,
1679 1041 1704 1059 e.
1722 1032 1782 1063 6-28,
1800 1032 1819 1058 f.
1838 1031 1887 1058 1⁵25
1903 1036 1952 1061 vo.)

1205 1135 1373 1166 Venerabili
1388 1137 1483 1172 fratri
1503 1136 1636 1165 Gerardo
1649 1158 1655 1171 ,
1670 1135 1801 1172 episcopo
1818 1134 1987 1162 Sabinetzsi.

1201 1204 1214 1217 «
1234 1191 1389 1220 Personas
1405 1189 1470 1218 otio
1486 1193 1631 1218 sancte...
1649 1204 1687 1208 —
1704 1187 1776 1216 Dat.
1791 1186 1902 1221 Rome,
1916 1185 1999 1224 apud
2017 1186 2165 1215 Sanctam

1161 1243 1295 1273 Mariam
1312 1243 1484 1280 Majorem,
1502 1241 1596 1271 nouis
1614 1239 1811 1275 decembris,
1828 1248 1912 1269 anno
1930 1244 2055 1277 quarto.
2071 1251 2084 1263 »v

1188 1427 1442 1457 3343-(3354
1479 1424 1838 1459 Sainte-Marie-MaJeure,
1850 1425 1881 1451 21
1895 1424 2046 1451 decembre
2061 1425 2137 1452 1291.

1198 1490 1405 1525 Indulgentiae.
1423 1488 1506 1521 (Rae.
1525 1488 1568 1519 46,
1584 1496 1609 1514 c.
1626 1487 1687 1518 629,
1704 1487 1723 1513 f.
1743 1487 1792 1513 125
1809 1488 1859 1519 νο.)

1206 1593 1359 1622 Universis
1375 1591 1488 1621 Christi
1509 1590 1647 1627 fidelibus
1665 1595 1815 1627 presentes
1836 1590 1953 1618 litteras
1977 1591 2167 1628 inspecturis.

1163 1645 1401 1683 Indulgentiam
1423 1643 1520 1673 unius
1538 1643 1618 1672 anni
1635 1647 1666 1672 et
1680 1652 1718 1672 xn
1735 1642 1860 1672 dierum
1875 1642 2020 1672 concedit
2036 1643 2169 1672 visitan-

1164 1701 1249 1730 tibus
1265 1698 1431 1728 ecclesiam
1447 1720 1467 1725 ..
1481 1696 1604 1726 abbatis
1620 1700 1649 1725 et
1665 1699 1842 1725 conventus
1858 1696 2042 1725 monasterii
2060 1695 2168 1725 Sancti

1163 1753 1262 1784 Salvii
1285 1752 1320 1781 in
1342 1749 1551 1785 Mousterolo,
1569 1749 1691 1778 ordinis
1714 1749 1745 1778 S.
1768 1748 1949 1785 Benedicti,
1968 1748 2171 1778 Ambianen-

1162 1808 1205 1837 sis
1232 1804 1383 1835 dioecesis
1395 1825 1404 1840 ,
1432 1803 1466 1832 in
1493 1807 1629 1841 quatuor
1655 1802 1763 1832 beatae
1789 1802 1926 1838 Mariae,
1952 1801 1984 1832 S.
2012 1801 2111 1832 Salvii
2141 1808 2171 1831 et

1163 1860 1193 1890 S.
1215 1858 1332 1889 Macuti
1349 1855 1572 1887 festivitatibus
1589 1860 1619 1885 et
1630 1864 1686 1893 per
1701 1860 1769 1885 octo
1786 1855 1853 1884 dies
1868 1859 2048 1893 sequentes.

1206 1926 1219 1939 «
1243 1912 1337 1942 Claro
1360 1918 1573 1949 supernorum
1593 1909 1790 1939 consortio...
1808 1925 1845 1930 —
1862 1908 1934 1939 Dat.
1952 1909 2069 1945 Rome,
2086 1909 2170 1947 apud

1163 1967 1313 1997 Sanctam
1330 1964 1468 1994 Mariam
1485 1963 1651 2001 Majorem,
1673 1971 1715 1991 xii
1734 1961 1889 1991 kalendas
1908 1961 2068 2000 januarii,
2085 1971 2172 1992 anno

1163 2024 1284 2059 quarto.
1306 2030 1319 2043 n

1747 2067 1826 2101 Orte,
1842 2068 1872 2094 18
1888 2067 2004 2094 octobre
2022 2067 2099 2094 1291.

1204 2137 1242 2166 In
1270 2144 1297 2164 e.
1323 2143 1389 2167 m.,
1416 2140 1471 2170 pro
1496 2130 1627 2160 ecclesia
1656 2130 1765 2160 Sancti
1797 2129 1944 2160 Silvestri
1969 2129 2107 2166 Ortana,
2136 2130 2169 2158 in

1164 2191 1196 2220 S.
1223 2187 1371 2219 Silvestri
1398 2190 1428 2215 et
1451 2185 1615 2214 beatorum
1644 2183 1729 2213 Galli
1763 2188 1792 2213 et
1818 2183 2010 2219 Valentini,
2034 2192 2172 2222 qnorum

1163 2244 1242 2273 festa
1258 2242 1292 2271 in
1309 2240 1418 2270 eadem
1438 2237 1570 2268 ecclesia
1586 2237 1680 2267 annis
1697 2236 1834 2274 singulis
1850 2236 2070 2275 sollempniter
2085 2236 2171 2267 cele-

1164 2299 1308 2331 brantur,
1324 2292 1548 2324 festivitatibus
1565 2296 1595 2321 et
1610 2292 1642 2320 in
1656 2291 1878 2321 anniversario
1891 2290 1944 2320 die
1962 2290 2172 2320 dedicationis

1165 2349 1308 2388 ejtisdem
1322 2345 1486 2376 ecclesiae.

1207 2415 1219 2428 «
1244 2402 1316 2431 Vite
1339 2398 1491 2439 perennis
1508 2397 1646 2436 gloria...
1667 2413 1708 2419 -
1728 2397 1799 2427 Dat.
1822 2396 1906 2435 apud
1927 2396 2036 2433 Ortas,
2053 2405 2092 2426 xv
2115 2396 2174 2425 ka-

1165 2455 1276 2486 lendas
1292 2452 1477 2483 novembris
1489 2474 1496 2487 ,
1513 2459 1599 2481 anno
1617 2454 1742 2490 quarto.
1762 2462 1776 2476 ι)

1445 2529 1805 2564 Sainte-Marie-Majeure,
1823 2529 1837 2556 3
1853 2529 2004 2555 decembre
2022 2529 2100 2556 1291.

1208 2598 1245 2627 In
1263 2606 1290 2626 e.
1310 2605 1367 2631 m.,
1382 2602 1438 2633 pro
1454 2592 1587 2623 ecclesia
1602 2591 1787 2622 monasterii
1803 2590 1938 2621 Sanctae
1954 2590 2092 2620 Ceciliae
2112 2591 2172 2619 Pa-

1167 2651 1281 2687 duani,
1298 2648 1420 2679 ordinis
1436 2646 1470 2677 S.
1489 2646 1670 2682 Benedicti,
1686 2646 1720 2675 in
1746 2644 1916 2675 festivitate
1934 2648 2063 2674 sanctae
2081 2643 2172 2674 Ceci-

1167 2705 1230 2735 liae
1261 2707 1291 2734 et
1324 2711 1379 2740 per
1407 2703 1474 2730 octo
1505 2699 1571 2729 dies
1598 2702 1779 2737 sequentes.
1808 2698 1880 2728 Dat.
1911 2698 2053 2733 Romae,
2086 2697 2169 2735 apud

1168 2759 1317 2788 Sanctam
1336 2753 1471 2784 Mariam
1494 2752 1666 2790 Majorem,
1691 2760 1725 2780 ιιι
1748 2759 1849 2781 nonas
1871 2750 2069 2786 decembris,
2088 2758 2175 2779 anno

1192 2814 1291 2841 uarto.

1169 2820 1187 2850 q
1450 2857 1809 2892 Sainte-Marie-Majeure,
1826 2857 1841 2884 6
1856 2856 2006 2882 decembre
2026 2856 2101 2882 1291.

1209 2926 1247 2955 In
1265 2933 1292 2954 e.
1310 2932 1367 2959 m.,
1384 2929 1440 2960 pro
1456 2920 1588 2951 ecclesia
1603 2919 1711 2950 Sancti
1723 2918 1848 2948 Salvini
1861 2918 1899 2948 de
1911 2917 1999 2953 Gloz,
2017 2917 2173 2947 Leodien-

1170 2980 1213 3009 sis
1229 2975 1380 3007 dioecesis
1393 2998 1400 3012 ,
1417 2974 1452 3003 in
1468 2973 1500 3004 S.
1519 2973 1642 3004 Salvini
1658 2976 1689 3003 et
1702 2972 1734 3002 S.
1760 2970 1927 3002 Laurentii
1950 2969 2177 3000 festivitatibus
