2393 3496
909 308 1162 354 QUATRIEME
1178 309 1335 348 ANNEE.
2115 326 2172 356 809

79 386 202 422 nensis,
215 384 508 423 Grationopolitane
522 388 553 414 et
569 384 698 415 Diensis
711 385 898 421 diocesium,
916 385 949 413 in
967 384 1086 414 dictum

80 438 289 477 magistrum,
315 437 348 466 in
376 437 494 466 itinere
517 445 573 475 pro
600 437 743 476 ejusdem
780 437 946 476 hospitalis
980 445 1086 475 prose-

80 491 216 531 quendis
232 489 370 527 negotiis
390 489 612 525 constitutum,
631 490 763 528 ejusque
779 490 952 519 familiares
966 489 1085 527 impetu

79 545 239 574 irruentes
253 542 375 579 hostili,
390 542 474 581 ipsos
487 543 628 580 graviter
642 542 862 578 vulnerarunt,
881 547 921 579 et,
938 551 1002 572 non
1018 551 1086 572 me-

79 600 203 628 tuentes
216 595 332 625 addere
344 595 547 625 afflictionem
561 596 695 633 afflictis,
714 604 778 631 eos,
793 596 885 625 bonis
901 604 962 634 qne
977 604 1084 625 secum

79 649 263 680 deferebant
289 647 456 686 spoliatos,
483 648 699 685 ignominiose
730 648 869 677 nimium
893 653 1015 686 captos,
1050 647 1084 676 in

80 703 161 733 dicto
173 702 283 731 Castro
296 710 377 731 novo
388 701 783 740 presentantesAynardo‚
799 701 898 731 nobili
913 701 1082 737 antedicto,

78 763 144 785 non
158 755 228 784 siue
248 754 425 783 temeritate
441 753 606 791 sacrilega,
625 754 663 783 de
678 754 829 784 mandato
843 754 910 784 sive
926 763 1082 784 consensu

79 807 265 839 eorumdem
288 807 438 837 monachi
462 812 492 836 et
511 808 566 843 A.‚
594 807 713 837 dictum
735 808 924 845 magistrum
948 813 978 837 et
994 816 1086 846 qnos-

79 862 151 893 dam
166 861 205 890 de
221 860 433 890 familiaribus
450 860 600 898 predictis
616 860 649 889 in
671 861 754 890 dicto
770 860 880 891 Castro
900 870 991 897 novo,
1012 861 1085 890 reli-

77 923 156 954 quos
173 923 248 944 vero
265 913 441 943 familiares
456 913 490 942 in
507 918 609 943 castro
624 913 662 942 de
675 913 803 943 Tollino
818 914 967 944 carcerali
983 918 1085 944 custo-

77 968 129 998 die
148 967 394 1005 manciparunt,
415 967 564 1005 ipsosque
583 966 684 995 artius
704 966 848 996 detinent
875 967 1081 1005 mancipatos.

76 1021 142 1051 Nos
160 1020 286 1058 itaque,
307 1019 453 1048 nolentes
478 1019 537 1048 hec
557 1019 804 1048 conniventibus
821 1018 922 1048 oculis
939 1024 1083 1056 pertran-

75 1073 153 1109 sire,
181 1072 373 1102 fraternitati
399 1077 449 1102 tue
474 1081 530 1110 per
555 1072 727 1110 apostolica
751 1073 867 1110 scripta
891 1073 1082 1102 mandamus

74 1131 231 1165 quatenus
247 1125 405 1167 predictos
421 1126 616 1155 monachum
639 1130 670 1155 et
690 1126 814 1155 nobiles
835 1135 964 1155 moneas
980 1131 1015 1155 ut
1035 1127 1083 1155 in-

73 1179 121 1209 fra
144 1178 322 1208 terminum
344 1187 439 1218 quem
463 1180 508 1208 eis
532 1173 694 1217 prefixeris
713 1178 868 1217 predictos
892 1180 1081 1216 magistrum

73 1236 105 1262 et
119 1231 292 1262 familiares
308 1231 450 1270 plenarie
466 1232 635 1261 restituant
654 1232 811 1268 libertati,
839 1236 868 1260 et
889 1232 926 1262 de
949 1233 1081 1271 injuriis

73 1289 104 1315 et
117 1284 265 1323 dampnis
283 1284 402 1314 eisdem
419 1284 574 1322 magistro
590 1289 620 1313 et
640 1285 790 1314 fratribus
813 1294 847 1314 ac
868 1284 1080 1315 familiaribus

73 1346 247 1375 congruam
272 1337 519 1366 satisfactionem
541 1337 741 1375 impendant.
772 1337 805 1367 Si
827 1347 901 1367 vero
921 1338 982 1377 ipsi
1007 1347 1080 1369 cou-

74 1390 262 1429 tempserint
285 1390 471 1428 hujusmodi
501 1391 671 1420 monitioni
695 1400 828 1429 parere,
852 1392 1079 1422 obstinationis

26 1444 45 1466 '-
72 1444 183 1483 spiritu
203 1444 354 1482 superati,
374 1444 509 1482 prefatos
528 1444 724 1473 monachum
743 1449 773 1474 et
796 1445 918 1475 nobiles
938 1455 973 1474 ex
992 1450 1079 1484 parte

72 1501 179 1528 nostra
194 1497 405 1535 peremptorie
416 1497 515 1526 citare
531 1505 681 1535 procures
695 1502 728 1526 ut
741 1497 825 1527 infra
842 1498 978 1528 duorum
992 1508 1080 1528 men-

72 1550 155 1580 sium
173 1549 310 1588 spatium
324 1554 393 1588 post
408 1550 590 1580 citationem
613 1555 698 1580 tuam
710 1574 717 1587 ,
734 1559 806 1580 cum
825 1552 974 1581 omnibus
998 1553 1079 1590 juri-

71 1603 130 1633 bus
145 1607 176 1632 et
193 1603 406 1632 munimentis
425 1604 506 1639 suis,
529 1603 664 1642 predicti
687 1604 880 1641 monachus,
905 1606 1078 1644 Aynardus

70 1655 109 1686 de
125 1656 236 1686 Castro
251 1665 332 1686 novo
351 1660 381 1686 et
395 1656 499 1686 Guido
514 1657 553 1686 de
574 1657 699 1687 Tollino
715 1658 941 1696 personaliter,
960 1659 1079 1698 reliqui

71 1718 144 1740 vero
159 1718 214 1748 per
229 1714 448 1748 procuratores
463 1710 616 1749 ydoneos,
633 1716 837 1749 compareant
849 1720 954 1742 coram
972 1713 1075 1750 nobis,

69 1763 227 1802 recepturi
239 1771 294 1801 pro
310 1763 433 1793 meritis
448 1768 479 1793 et
493 1763 572 1793 alias
584 1763 699 1793 facturi
716 1773 811 1803 super
827 1765 886 1795 hoc
901 1766 986 1804 quod
1000 1767 1077 1797 ordo

69 1816 235 1847 dictaverit
254 1817 402 1846 rationis.
431 1817 522 1847 Diem
547 1825 621 1846 vero
643 1809 805 1847 citationis
830 1823 861 1847 et
886 1819 1023 1848 sormam
1048 1824 1078 1849 et

70 1869 222 1909 quicquid
240 1869 316 1899 inde
338 1870 451 1899 seceris
473 1870 562 1900 nobis
582 1879 637 1908 per
661 1874 729 1899 tuas
749 1870 868 1900 litteras
889 1871 1003 1901 harum
1027 1882 1076 1902 se-

69 1923 152 1953 riem
170 1923 370 1954 continentes
387 1923 525 1953 fideliter
546 1924 698 1953 intimare
720 1933 879 1962 procures.
905 1926 974 1956 Dat.
992 1926 1076 1965 apud

70 1977 345 2014 Urbemveterem‚
362 1987 380 2006 x
397 1977 553 2007 kalendas
568 1978 719 2014 octobris,
737 1987 823 2008 anno
839 1984 960 2017 quarto.
980 1994 993 2006 »

138 2175 255 2204 (3028

104 2236 146 2264 De
161 2237 263 2264 eodem
278 2238 404 2271 negotio.
421 2237 504 2270 ‹Rs-0.
522 2238 569 2269 46,
587 2246 612 2264 c.
628 2238 703 2270 497¹,
722 2240 739 2266 f.
759 2239 790 2267 97
807 2245 857 2270 vo.)

553 2175 680 2207 Orvieto,
696 2177 729 2203 ‘22
745 2179 907 2212 septembre
924 2179 1001 2205 1291.

105 2339 224 2368 Eidem.
245 2351 260 2366 «
282 2339 505 2378 Exposuerunt
521 2340 611 2370 uobis
626 2340 733 2370 dilecti
754 2341 813 2370 filii
837 2342 933 2371 frater
949 2344 1071 2381 Aymo,

68 2393 233 2431 magister,
249 2397 282 2422 et
299 2393 412 2422 fratres
432 2393 600 2432 hospitalis
619 2393 727 2423 Sancti
752 2397 882 2425 Antonii
905 2395 1072 2426 Viennen-

67 2445 110 2475 sis
125 2445 209 2485 qnod
226 2445 418 2483 Gauii-idus,
437 2446 578 2476 decanus
599 2447 806 2483 Valentinus,
826 2449 1017 2479 Nantelmus
1034 2450 1073 2479 de

67 2498 204 2535 Tollino,
226 2499 361 2529 Michael
378 2499 416 2528 de
434 2499 552 2534 Verno,
569 2499 694 2537 clerici,
714 2501 902 2538 Hugonetus
919 2502 957 2531 de
979 2503 1072 2532 Bala-

67 2551 164 2588 duno,
181 2551 285 2581 Guido
298 2552 337 2581 de
353 2552 481 2581 Vallino
495 2556 525 2581 et
540 2552 679 2582 Follatus
695 2553 799 2582 dictus
814 2553 852 2583 de
865 2554 967 2591 Casta,
985 2555 1070 2592 laici,

67 2605 230 2635 associatis
251 2605 311 2634 sibi
332 2605 499 2635 nonnullis
518 2605 702 2644 iniquitatis
719 2606 807 2643 filiis,
829 2616 938 2638 eorum
960 2609 994 2638 in
1014 2610 1072 2640 hac

68 2663 155 2697 parte
174 2657 400 2696 complicibus,
419 2657 544 2687 clericis
561 2664 591 2687 et
606 2658 696 2688 laicis
717 2659 928 2698 Viennensis,
945 2662 1071 2692 Gratio-

68 2710 251 2750 nopolitane
266 2715 298 2741 et
320 2711 489 2740 Valentine
508 2711 672 2741 civitatum
691 2716 721 2741 et
740 2713 930 2752 diocesium,
949 2717 980 2745 in
1002 2726 1072 2754 pre-

68 2764 186 2794 dictum
211 2765 418 2802 magistrum,
443 2773 568 2794 necnon
589 2765 719 2794 Petrum
741 2766 874 2796 Bonerii
892 2773 923 2797 et
943 2769 1071 2798 Lantel-

67 2826 157 2848 mum
175 2818 214 2847 de
227 2817 343 2847 Sancto
365 2817 499 2853 Laterio,
516 2817 618 2855 ipsius
634 2817 800 2856 hospitalis
817 2819 939 2856 fratres,
957 2831 1072 2852 manus

65 2870 260 2909 injecerunt,
276 2870 335 2899 Dei
353 2871 466 2900 timore
477 2871 659 2908 postposito,
677 2874 794 2901 temere
808 2873 970 2903 violentas.
986 2875 1071 2910 Quo-

65 2923 150 2953 circa
172 2923 363 2953 l'raternitaai
390 2928 442 2952 tue
468 2932 523 2961 per
548 2923 718 2960 apostolica
742 2925 857 2963 scripta
882 2927 1071 2957 mandamus

65 2981 234 3014 quatenus,
251 2976 276 3005 si
290 2980 335 3005 est
348 2976 402 3010 ita,
419 2976 518 3005 dictos
533 2974 703 3012 sacrilegos
719 2977 842 3013 tandiu,
860 2978 1071 3016 appellatione

207 3042 279 3069 Rso.
300 3041 423 3068 NicoLAs
443 3041 494 3067 tv.

1168 388 1304 420 remota,
1333 386 1624 416 excommunicatos
1654 386 1779 425 publice
1810 388 1939 417 nunties
1964 394 1993 418 et
2014 390 2110 420 facias
2133 393 2173 422 ab

1166 437 1318 467 omnibus
1343 438 1444 468 artius
1469 440 1582 469 evitari
1611 440 1712 470 donec
1743 450 1837 479 super
1866 441 1931 471 hiis
1961 443 2172 474 satisfecerint

1167 494 1381 528 competenter
1412 497 1442 521 et
1465 501 1537 522 cum
1563 496 1689 522 tuarum
1721 494 1902 524 testimonio
1926 495 2104 525 litterarum
2130 498 2169 527 ad

1167 543 1273 573 sedem
1299 546 1447 575 venerint
1471 546 1674 584 apostolicam
1701 547 1900 578 absolvendi.
1927 548 1960 578 Si
1989 558 2065 580 vero
2092 550 2169 580 dicti

1167 597 1329 634 sacrilegi,
1349 598 1381 627 in
1403 608 1459 628 sua
1478 599 1599 629 malitia
1619 601 1812 638 pertinaces,
1840 601 1878 631 de
1897 603 2060 640 premissis
2076 604 2169 632 satis-

1167 649 1268 678 facere
1287 651 1483 689 recusarint,
1506 657 1539 681 tu
1558 658 1666 682 contra
1684 653 1832 690 clericos,
1850 663 1905 692 per
1920 655 2169 686 subtractionem

1167 702 1393 732 beneficiorum
1416 713 1565 744 snorum,
1591 711 1700 734 contra
1722 706 1818 736 laicos
1843 716 1916 737 vero
1936 717 1991 746 per
2008 709 2168 739 interdicti

1166 754 1201 783 iu
1221 759 1335 784 terram
1358 755 1500 794 ipsorum
1517 757 1725 795 sententiam,
1744 763 1774 788 et
1790 759 1884 794 alias,
1909 765 1999 798 prout
2020 761 2168 800 expedire

1166 807 1295 843 videris,
1309 816 1441 837 manum
1459 813 1544 837 tuam
1559 809 1685 839 studeas
1695 819 1879 848 aggravare.
1899 813 1968 842 Dat.
1988 818 2136 853 utsupra.
2153 827 2165 841 n

1236 985 1358 1014 (3029

1200 1047 1385 1082 Dispensatio
1401 1049 1584 1076 matrimonii.
1604 1049 1685 1081 (Rae.
1700 1050 1742 1081 46.
1760 1058 1785 1077 e.
1801 1051 1861 1082 498,
1876 1052 1896 1078 f.
1913 1052 1945 1079 97
1962 1056 2012 1084 νο.)

1643 988 1773 1021 Orvieto,
1792 990 1822 1015 17
1839 991 2001 1024 septembre
2020 992 2096 1018 1291.

1205 1173 1225 1179 ..
1245 1151 1392 1187 mayz'stro
1409 1152 1561 1180 scolarum
1577 1153 1692 1181 ecclesie
1707 1153 1869 1182 ,lentiensis
1891 1154 2022 1183 mandat
2041 1160 2075 1184 ut
2094 1164 2167 1185 cum

1164 1203 1263 1233 nobili
1281 1204 1348 1233 viro
1363 1203 1489 1233 Carloto
1505 1204 1543 1233 de
1559 1204 1660 1242 Nigro
1673 1209 1702 1234 et
1714 1205 1814 1235 nobili
1827 1205 1962 1236 muliere
1975 1207 2169 1238 Francolina

1165 1256 1324 1295 Raynaldi
1341 1257 1460 1293 Pinoli,
1479 1257 1600 1287 civibus
1615 1259 1846 1293 Januensibns,
1865 1259 2026 1297 dispenset
2041 1266 2083 1295 ut,
2102 1270 2166 1291 non

1162 1311 1305 1340 obstante
1333 1314 1445 1348 quarto
1469 1312 1758 1348 consanguinitatis
1789 1312 1888 1349 gradu
1914 1321 1976 1351 quo
2001 1315 2167 1352 conjuncti

1164 1368 1252 1401 sunt,
1271 1373 1436 1393 remanere
1451 1364 1578 1393 valeant
1595 1365 1628 1393 in
1652 1365 1858 1395 matrimonio
1882 1366 1964 1403 quod
1988 1367 2064 1396 olim
2089 1376 2165 1397 con-

1164 1421 1336 1452 traxerunt,
1353 1417 1537 1455 ignorantes
1554 1417 1649 1446 falsas
1668 1427 1734 1447 esse
1750 1418 1996 1456 dispensationis
2015 1420 2166 1458 apostoli-

1162 1479 1213 1500 cas
1222 1470 1426 1509 litterasquas
1436 1470 1512 1509 ipsis
1520 1471 1652 1509 quidam
1663 1471 1759 1500 frater
1766 1471 1889 1501 ordinis
1899 1473 2164 1510 praedicatorum,

1163 1524 1216 1562 qni
1234 1528 1308 1553 tunc
1324 1528 1450 1553 sanctae
1465 1524 1545 1552 vitae
1562 1533 1630 1552 esse
1648 1524 1829 1562 putabatur,
1846 1534 1932 1555 nunc
1948 1535 2021 1555 vero
2035 1549 2042 1558 ,
2063 1526 2166 1565 culpis

1162 1577 1373 1614 exigentibus,
1392 1576 1512 1605 carceri
1530 1577 1727 1614 mancipatus
1743 1581 1803 1612 est,
1823 1578 2044 1615 praesentavit.

1203 1642 1216 1655 α
1242 1630 1306 1659 Sua
1326 1630 1416 1658 nobis
1432 1629 1602 1658 dilectus...
1623 1646 1661 1650 —
1687 1630 1754 1659 Dat.
1775 1630 1859 1668 apud
1885 1631 2164 1669 Urbeinveterem‚

1162 1692 1200 1712 xv
1217 1682 1370 1712 kalendas
1386 1682 1532 1719 octobris,
1551 1690 1636 1711 anno
1653 1688 1776 1720 quarto.
1804 1695 1816 1708 1>

1230 1862 1347 1890 (3030

1194 1925 1298 1951 Abbati
1317 1925 1481 1951 monasterii
1496 1924 1593 1951 Sancti
1610 1924 1732 1950 Cornelii
1749 1924 1989 1958 Coinpendiensis
2004 1925 2117 1951 mandat
2135 1929 2164 1952 ut

1638 1862 1769 1890 Orvieto.
1791 1862 1819 1887 15
1835 1863 1998 1896 septembre
2018 1863 2092 1889 1291.

1154 1974 1284 2009 justitiae
1303 1975 1544 2008 complementum
1568 1973 1852 2007 ltogi11a1110‚abbati
1876 1974 2041 1999 monasterii
2066 1974 2163 2001 Sancti

1159 2023 1289 2058 Dionysii
1305 2023 1330 2049 in
1350 2022 1476 2051 Francia,
1491 2029 1573 2056 prose
1585 2022 1674 2055 luenti
1685 2024 1782 2048 conti-21
1793 2029 1991 2055 quoscumque
2003 2024 2070 2056 jura
2081 2023 2160 2055 ejus-

1157 2073 1221 2098 dem
1239 2072 1414 2104 monasterii,
1432 2071 1539 2097 reddat.
1557 2070 1639 2103 (itm.
1658 2070 1700 2102 46,
1719 2078 1744 2096 c.
1761 2070 1822 2103 499,
1840 2070 1858 2095 f.
1878 2070 1909 2096 98
1927 2072 1973 2102 r0.)

1200 2197 1219 2202 ..
1250 2175 1349 2203 abbati
1378 2174 1557 2202 monasterii
1587 2173 1690 2202 Sancti
1725 2172 1858 2201 Cornelii?
1889 2172 2158 2209 Compendz'ensis,

1107 2251 1109 2253 ,
1156 2226 1378 2255 Suessionensis
1395 2227 1528 2255 diocesis.

1198 2291 1210 2305 «
1235 2279 1349 2317 Nejus
1367 2278 1535 2308 ecclesie...
1551 2294 1590 2299 -
1605 2279 1674 2307 Dat.
1693 2278 1775 2317 apud
1796 2278 2072 2312 Urbemveterem,
2092 2287 2159 2306 xvu

1155 2331 1308 2362 kalendas
1323 2332 1469 2367 octobris,
1486 2339 1572 2360 anno
1589 2336 1713 2370 quarto.
1740 2343 1753 2357 1>

1225 2505 1336 2533 8031
1635 2504 1766 2537 Orvioto‚
1787 2504 1816 2530 13
1833 2504 1995 2538 septembre
2015 2503 2090 2529 1901.

1191 2566 1311 2592 Litteras
1332 2565 1488 2592 Alexandri
1503 2567 1597 2599 quarti
1614 2565 1648 2591 de
1664 2565 1849 2599 stigmatibus
1865 2564 1895 2590 S.
1915 2564 2059 2590 Francis-ci
2078 2564 2162 2589 refert

1155 2619 1182 2642 et
1200 2616 1358 2642 confirmat.
1376 2615 1457 2649 (lteo.
1475 2615 1519 2646 46,
1536 2623 1561 2641 e.
1579 2615 1640 2645 500,
1656 2615 1675 2641 f.
1695 2615 1726 2641 ‘AS
1744 2620 1790 2646 νος
1813 2614 1928 2646 Portu„
1946 2614 2055 2645 23818.)

1197 2718 1348 2747 Universis
1371 2716 1486 2745 Christi
1502 2717 1640 2752 fidelibus
1657 2720 1804 2752 presentes
1824 2716 1942 2744 litteras
1970 2714 2157 2750 Inspecturis.

1154 2770 1345 2799 Litterarum
1363 2768 1623 2798 confirmatarum
1641 2772 1730 2797 tenor
1746 2767 1799 2796 hic
1817 2771 1863 2796 est
1883 2776 1890 2795 ι

1195 2834 1207 2849 α
1226 2822 1419 2856 Alexander,
1436 2821 1601 2859 episcopus
1617 2829 1726 2849 servus
1742 2828 1905 2849 servorum
1925 2819 1995 2847 Dei.
2013 2817 2158 2846 Venera-

1154 2887 1168 2903 ιι
1193 2875 1310 2905 bilibus
1334 2874 1484 2903 fratribus
1509 2874 1667 2903 universis
1687 2871 1934 2910 archiepiscopis
1952 2876 1982 2899 et
2004 2869 2158 2908 episcopis

1154 2940 1168 2956 ι)
1193 2933 1222 2958 et
1237 2928 1360 2957 dilectis
1378 2927 1455 2956 filiis
1467 2927 1646 2961 abbatibus,
1669 2925 1837 2964 prioribus,
1856 2923 2032 2962 prepositis,
2050 2921 2156 2951 archi-

1153 2992 1167 3008 »
1192 2979 1405 3019 presbyteris,
1431 2978 1578 3014 decanis,
1604 2977 1836 3007 archidiaconis
1857 2980 1887 3005 et
1912 2975 1981 3004 aliis
2005 2973 2156 3003 ecclesia-

1967 3039 2016 3066 102
