2393 3496
656 319 909 364 QUATRIEME
930 318 1089 357 ANNEE.
1112 345 1151 348 —
1173 328 1359 358 LETTRES
1382 329 1607 360 cnmALns.
2124 333 2182 364 913

93 399 244 430 dictarum
266 395 454 435 petitionum
471 395 709 425 exauditionem
724 394 805 424 illud
822 395 918 424 etiam
934 394 1089 433 persuasit

92 451 180 491 quia,
195 450 275 479 sicut
291 448 331 477 ad
345 447 532 477 excellentie
549 447 664 485 regalis
681 446 827 476 notitiam
841 447 907 484 Jam
924 446 1003 476 forte
1019 455 1089 484 per-

92 503 192 539 venit,
215 501 365 531 dilectum
390 499 494 529 filium
520 500 709 538 magistrum
733 499 946 529 Guillelmum
969 499 1090 528 dictum

93 555 346 592 Mandagottum,
364 554 525 582 notarium
542 558 705 590 nostrum,
723 553 762 582 ad
785 552 941 582 Jacobum
954 574 961 587 ,
978 556 1089 580 natum

93 608 249 649 quondam
266 606 350 635 Petri
364 606 442 636 olim
461 606 544 644 regis
560 607 759 643 Aragonnm,
775 605 1018 641 destinavimus,
1036 613 1092 642 per

92 664 194 703 ipsum
217 659 375 690 notarium
396 665 564 689 monentes
584 659 722 689 eundem
741 660 832 697 eique
852 658 1040 687 mandantes
1059 662 1092 687 ut

93 716 132 747 ad
145 713 293 744 mandata
313 712 446 742 ecclesie
466 714 587 752 precise
603 713 731 742 rediens
745 721 762 741 a
778 712 870 742 solita
886 711 1092 750 perversitate

93 768 238 803 desistat;
259 770 289 796 et
308 766 379 796 ideo
398 766 540 805 ejusdem
561 766 677 796 notarii
696 765 851 801 reditum,
871 774 965 803 quem
985 772 1092 802 spera-

94 830 163 852 mus
182 819 359 859 proximnm
373 843 380 855 ‚
398 819 518 858 absque
538 819 745 849 innovatione
767 819 873 857 aliqua
898 817 1092 846 credidimus

83 872 329 913 ¹expectandum.
357 872 565 902 Concessioni
595 880 720 911 quoqne
751 871 844 909 petite
875 871 996 900 decime
1026 879 1090 900 non

90 925 288 958 mediocriter
312 925 489 962 refragatur
513 924 721 955 ecclesiarum
747 924 890 962 ejusdem
916 923 1007 961 regni
1032 923 1092 952 cla-

82 987 177 1010 mosa
192 977 332 1017 querela,
347 987 410 1016 que
428 987 461 1007 se
476 986 494 1007 a
510 978 573 1007 tuis
588 977 778 1007 officialibus
794 977 947 1014 gravibus
963 976 1092 1014 injuriis

90 1032 213 1064 affectas
228 1031 381 1061 hactenus
403 1035 434 1060 et
452 1031 535 1060 affici
553 1031 668 1061 cotidie
685 1035 916 1068 conquerentes
929 1052 937 1065 ‚
958 1037 1022 1059 non
1041 1029 1090 1058 vi-

91 1085 202 1117 dentur
215 1085 254 1114 ad
270 1094 400 1123 presens
416 1094 484 1114 esse
500 1085 648 1124 disposite
664 1085 702 1114 ad
720 1093 840 1114 novum
856 1083 1007 1113 solvende
1023 1092 1092 1121 pre-

91 1138 170 1170 dicte
184 1138 306 1168 decime
323 1146 405 1167 onus
425 1138 641 1176 equanimiter
659 1137 874 1167 subeundum.
893 1137 1009 1166 Nostra
1030 1137 1091 1165 ita-

91 1200 150 1232 que
180 1199 309 1230 presens
339 1191 523 1229 responsio,
549 1199 628 1229 que,
655 1190 730 1220 lieet
766 1199 852 1220 nunc
885 1190 1090 1228 petitionibus

90 1243 233 1285 predictis
240 1251 304 1273 non
316 1248 449 1280 annuat,
462 1252 526 1273 non
540 1248 647 1273 tamen
660 1243 795 1273 omnino
806 1243 938 1282 precidit
948 1243 1089 1279 easdem,

91 1296 341 1328 mansuetudinis
354 1296 470 1335 regalis
483 1297 658 1333 obtutibus,
673 1306 858 1336 quesumus,
876 1305 941 1327 non
958 1296 1091 1326 molesta

91 1352 142 1383 sed
161 1356 248 1390 grata
267 1352 448 1390 proveniat3
469 1352 582 1390 poterit
600 1352 705 1387 enim,
724 1351 913 1380 succedente
931 1356 1089 1389 tempore,

91 1405 262 1445 opitulante
275 1404 384 1433 divina
401 1404 581 1440 clementia,
595 1405 793 1443 oportunitas
806 1409 892 1442 grata
909 1404 1088 1439 succedere,

91 1467 151 1498 que
171 1457 288 1488 nostris
308 1462 339 1487 et
357 1458 417 1487 tuis
439 1458 520 1487 votis
541 1457 813 1500 accomoda-circa
831 1458 985 1495 premissa
1003 1457 1090 1487 alind

91 1512 158 1543 fieri
178 1511 340 1548 suadebit,
357 1516 448 1550 prout
469 1512 650 1541 futurorum
671 1515 843 1541 eventuum
865 1512 1002 1550 qualitas
1019 1520 1091 1549 sng-

90 1569 175 1604 geret
195 1569 225 1595 et
242 1565 420 1594 videbimus
437 1565 594 1603 expedire.
613 1565 683 1594 Dat.
702 1565 823 1601 Rome,
841 1566 924 1603 apud
941 1565 1091 1595 Sanctam

90 1618 220 1648 Mariam
237 1618 402 1656 Maj0rem‚
421 1618 527 1647 idibus
544 1618 730 1654 decembris,
749 1626 834 1647 anno
850 1623 975 1656 quarto.
994 1631 1007 1645 n

121 1776 338 1804 6850-685
344 1776 365 1803 1

121 1838 161 1865 lis
175 1839 224 1873 qui
238 1837 274 1864 ad
289 1838 487 1864 defensionem
502 1839 583 1873 regni
604 1839 759 1865 Armeniae
777 1847 892 1865 crucem
912 1841 1090 1874 sumpserint

89 1886 183 1914 eadem
199 1887 356 1922 privilegia,
367 1886 562 1921 indulgentias
577 1891 605 1913 et
621 1888 729 1921 gratias
743 1892 827 1922 atque
838 1889 1090 1916 transfretantibus

88 1937 116 1964 in
124 1936 225 1964 Terrae
235 1937 358 1963 Sanctae
372 1937 536 1963 subsidium
548 1937 689 1964 concedit.
704 1937 787 1970 (Rae.
799 1938 844 1972 46,
856 1947 881 1965 e.
894 1939 938 1970 84,
949 1939 1030 1966 f.1S3
1043 1947 1087 1970 v⁰;

89 1983 199 2017 Pon-n„
215 1985 325 2018 23899.)

421 1776 784 1811 Sainte—Marie-Majeure,
802 1777 834 1816 23
846 1778 959 1811 janvier
975 1777 1053 1804 1292.

94 2093 100 2097 '
127 2089 276 2118 Universis
287 2088 400 2119 Christi
410 2088 550 2125 fidelibus
565 2089 603 2117 ad
619 2098 692 2126 quos
707 2090 804 2118 littere
817 2090 870 2118 iste
882 2092 1087 2126 pervenerint.

88 2152 102 2169 ι
120 2141 177 2171 Pia
193 2146 293 2171 mater
308 2141 439 2171 ecclesia
457 2151 492 2171 sn
500 2151 551 2180 per
568 2142 650 2171 filios
667 2142 701 2171 in
718 2151 833 2172 manus
848 2143 1021 2182 impiorum
1036 2145 1088 2174 da-

86 2197 130 2225 tos
145 2199 251 2225 tenera
267 2195 437 2225 dilectione
459 2194 646 2233 deplorans,
670 2196 696 2225 si
714 2205 794 2234 quas
815 2197 939 2226 invenit
958 2197 1087 2228 illorum

85 2247 232 2287 reliquias
257 2256 320 2278 non
348 2253 570 2287 consumptas,
597 2248 668 2278 illas
693 2258 882 2279 conservare
904 2256 1036 2280 conatur
1058 2256 1088 2281 et
1112 2253 1114 2255 ’

83 2305 223 2332 materne
237 2301 363 2340 pietatis
377 2301 507 2331 auxiliis
524 2302 702 2332 confovere.
730 2303 811 2332 Cum
834 2304 933 2341 igitur
951 2313 1087 2341 regnum

84 2355 235 2385 Armenie
262 2355 297 2384 in
325 2355 429 2385 medio
451 2364 673 2393 perversarum
699 2356 867 2386 nationum
892 2357 1030 2395 positum
1059 2362 1089 2387 et

83 2406 162 2437 sicut
175 2416 246 2438 oves
262 2407 346 2437 inter
363 2407 455 2446 lupos
470 2408 621 2438 inimicos
637 2409 741 2438 crucis
759 2414 907 2439 noscatur
923 2410 1087 2440 inclusum

84 2460 163 2490 etad
174 2461 222 2490 sui
236 2461 406 2492 tuitionem
421 2461 566 2491 fidelium
578 2467 668 2500 egeat
680 2463 834 2493 subsidiis
845 2464 1000 2501 adjuvari,
1016 2474 1085 2501 nos,

84 2513 137 2552 qui
159 2513 260 2552 ipsius
285 2515 398 2544 matris
418 2515 549 2544 ecclesie
571 2515 802 2553 gubernacula,
823 2517 962 2547 Domino
979 2518 1087 2556 dispo-

84 2569 188 2604 nente,
204 2568 423 2606 suscepimus,
440 2568 554 2606 prefati
579 2570 671 2606 regni
695 2570 892 2600 notificatum
914 2571 1005 2600 nobis
1023 2576 1087 2601 sta-

85 2621 150 2648 tum
165 2619 380 2650 miserabilem
393 2621 593 2651 attendentes
607 2625 638 2650 et
654 2627 784 2660 paterno
794 2623 842 2652 illi
858 2625 1087 2663 compatientes

84 2671 210 2710 affectu,
235 2673 392 2703 universis
417 2674 537 2704 Christi
564 2675 716 2705 fidelibus
745 2676 821 2715 qui,
845 2678 938 2715 signo
962 2678 1087 2708 vivifice

83 2725 182 2755 crucis
198 2730 374 2765 assumpto,
392 2727 430 2757 de
445 2727 628 2757 cismarinis
646 2726 788 2766 partibus
805 2730 846 2759 ad
866 2730 1085 2761 defensionem

83 2778 191 2817 prefati
211 2779 302 2817 regni
324 2784 434 2809 contra
454 2780 559 2810 hostes
580 2781 683 2811 crucis
700 2783 893 2812 accesserint
911 2784 1086 2822 indulgen-

83 2829 150 2867 tias,
162 2831 328 2870 privilegia
341 2837 371 2862 et
385 2834 502 2871 gratias
513 2834 679 2863 concedim
686 2844 721 2864 ns
733 2844 793 2873 qne
808 2837 1085 2867 transfretantibus

81 2882 115 2913 in
133 2884 227 2914 Terre
249 2885 363 2915 Sancte
384 2886 566 2916 subsidium
584 2891 660 2916 sunt
682 2897 844 2919 concesse.
861 2890 942 2928 Regi
964 2900 1037 2921 vero
1056 2897 1086 2921 et

80 2934 193 2966 incolis
213 2937 292 2968 dicti
310 2939 401 2976 regni
424 2948 460 2969 ac
480 2939 553 2968 aliis
577 2939 616 2969 de
640 2940 861 2972 ultramarinis
882 2944 1025 2982 partibus
1046 2945 1084 2974 ad

79 2986 178 3026 ipsius
196 2989 289 3027 regni
307 2989 527 3021 defensionem
551 2992 818 3024 convenientibus
838 2995 894 3034 qui
913 2995 947 3025 in
971 2996 1082 3026 desen-

219 3054 291 3082 Ree.
312 3054 435 3082 Nicoms
455 3055 507 3083 IV.

1171 394 1293 423 sionem
1318 395 1501 433 hujusmodi
1527 397 1586 425 sub
1607 395 1805 426 confessione
1821 396 1975 426 catholice
1991 397 2067 428 fidei
2083 408 2181 437 quam

1170 455 1303 476 romana
1320 451 1405 477 tenet
1427 453 1455 477 et
1473 448 1562 478 docet
1582 449 1714 478 ecclesia
1730 449 1827 478 vitam
1846 449 1992 480 finierint
2009 451 2181 489 indulgen-

1173 499 1231 529 tias
1257 504 1288 529 et
1311 501 1430 538 gratias
1454 501 1658 531 concedimus
1681 507 1889 539 memoratas,
1920 504 2182 535 concessionibus

1172 552 1357 590 hujusmodi
1382 563 1483 592 usque
1510 555 1549 584 ad
1571 555 1714 584 futurum
1739 556 1918 594 proximum
1943 556 1977 585 in
2004 557 2182 595 predictum

1172 605 1352 635 subsidium
1382 607 1529 644 generale
1560 609 1740 646 passagium
1768 608 1923 638 valituris.
1954 609 2024 639 Dat.
2058 610 2179 647 Rome,

1173 658 1255 696 apud
1273 658 1421 688 Sanctam
1439 660 1573 689 Mariani
1594 661 1768 699 Maj0rem‚
1789 671 1807 690 x
1830 661 1982 692 kalendas
2006 663 2179 699 februarii,

1173 719 1260 740 anno
1275 716 1397 749 quarto.
1420 723 1434 738 »

1214 764 1251 792 Ι11
1275 774 1301 793 e.
1326 774 1368 793 m.
1398 765 1559 794 universis
1587 767 1855 805 praedicatoribus
1878 769 1982 798 crucis
2007 769 2041 798 in
2064 770 2181 800 Terrae

1174 816 1307 846 Sanctae
1323 817 1503 847 subsidium
1527 818 1684 856 deputatis
1706 820 1836 850 mandat
1860 826 1893 850 nt
1910 822 2086 859 praedictas
2104 831 2181 853 con-

1174 872 1334 900 cessiones
1352 871 1513 901 nuntient.

1209 1029 1465 1059 6852-6853
1516 1029 1875 1065 Sainte-Marie-MaJem-e,
1895 1030 2052 1065 23janv1e1·
2071 1032 2146 1060 1292.

1209 1091 1283 1125 Regi
1300 1091 1438 1118 Franciae
1454 1092 1591 1118 Thomam
1608 1092 1642 1118 de
1659 1092 1810 1119 Tolentino
1826 1096 1854 1119 et
1870 1092 2019 1119 Marchum
2036 1093 2070 1119 de
2086 1094 2183 1120 Monte

1173 1140 1302 1174 Lupone,
1319 1141 1428 1166 ordinis
1444 1141 1597 1172 minorum,
1615 1145 1643 1167 et
1658 1141 1782 1167 nobilem
1794 1141 1886 1168 virum
1901 1142 2071 1169 Gaufridnm
2087 1142 2182 1169 Comi-

1173 1191 1277 1220 tissae‚
1296 1191 1491 1224 praesentium
1508 1191 1627 1222 latores,
1648 1212 1665 1218 ..
1683 1192 1761 1225 regis
1777 1191 1932 1217 Armeniae
1955 1192 2086 1223 nuntios,
2103 1201 2183 1219 com-

1173 1239 1298 1265 mendat.
1316 1239 1399 1271 (Rae.
1418 1240 1465 1272 46,
1482 1248 1508 1267 e.
1526 1239 1569 1273 85,
1586 1240 1605 1267 f.
1624 1240 1673 1266 <184
1691 1246 1731 1272 1³⁰3
1751 1239 1868 1274 Po‘r‘rfl„
1885 1240 1994 1271 23900.)

1215 1328 1379 1357 Carissimo
1398 1331 1429 1358 in
1448 1329 1564 1358 Christo
1580 1329 1644 1365 filio
1664 1350 1683 1357 ..
1700 1330 1766 1366 reqi
1783 1329 1911 1357 Francie
1929 1330 2058 1359 illustri.

1215 1393 1228 1407 κ
1248 1381 1305 1409 Pia
1321 1386 1422 1410 mater
1441 1381 1610 1411 ecclesia...
1629 1397 1668 1402 —
1683 1381 1755 1410 Dat.
1772 1386 1807 1410 ut
1823 1390 1927 1419 supra.
1948 1394 1963 1408 n

1213 1434 1251 1463 In
1271 1443 1298 1463 e.
1317 1443 1360 1463 m.
1378 1434 1427 1470 E„
1445 1434 1511 1471 regi
1529 1434 1678 1472 Angliae.

1209 1593 1460 1621 6854-6855

1210 1655 1264 1682 Pro
1280 1655 1447 1682 defensione
1462 1655 1628 1682 Armeniae.
1645 1654 1728 1689 (Res.
1746 1655 1793 1686 46,
1812 1663 1837 1682 c.
1856 1655 1899 1688 86,
1917 1656 1936 1681 f.
1957 1656 2004 1682 184
2021 1658 2068 1689 ΓΟ.)

1515 1592 1875 1627 Sainte-Marie-Majeure‚
1892 1593 1926 1619 ‘23
1938 1593 2051 1627 janvier
2068 1593 2145 1621 1292.

1215 1768 1234 1774 ..
1254 1747 1399 1782 Μαρίαν-ο
1411 1745 1519 1773 domus
1532 1745 1645 1773 militie
1663 1744 1776 1782 Templi
1791 1744 1923 1773 mandat
1941 1748 1976 1774 ut
1992 1753 2065 1774 cnm
2082 1744 2183 1782 galeis

1173 1808 1251 1837 quas
1273 1798 1312 1828 de
1329 1798 1478 1828 mandato
1495 1802 1524 1827 et
1543 1798 1744 1827 ordinatione
1761 1798 1843 1827 sedis
1861 1798 2050 1836 apostolicae
2076 1803 2182 1828 tenere

1171 1853 1205 1881 in
1222 1851 1304 1881 mari
1321 1852 1414 1881 debet
1435 1851 1708 1880 contra·inimicos
1724 1852 1827 1881 crucis
1841 1851 1882 1880 ad
1896 1851 1988 1889 regni
2005 1852 2182 1881 Armeniae

1172 1905 1393 1935 defensionem
1409 1913 1597 1934 succursum
1614 1904 1789 1942 impendat.

1213 1968 1227 1987 1
1245 1958 1406 1994 Quoniam
1425 1966 1561 1995 regnum
1579 1958 1771 1987 Armenie...
1789 1975 1827 1978 —
1844 1957 1914 1986 Dat.
1932 1962 2085 1995 utsupra.
2105 1970 2118 1983 n

1211 2013 1250 2041 In
1272 2021 1299 2041 e.
1322 2021 1365 2041 m.
1385 2012 1535 2048 magistro
1558 2010 1671 2040 doinus
1696 2010 1864 2049 hospitalis
1889 2010 1996 2040 Sancti
2020 2010 2181 2040 Johannis

1170 2064 1436 2095 Jerosoliinitani.

1242 2216 1358 2245 6856
1475 2214 1836 2249 Sainte-Marie-Majeure,
1853 2214 1885 2241 23
1899 2215 2012 2249 janvier
2030 2214 2109 2242 1292.

1206 2279 1249 2305 De
1269 2279 1368 2304 eodem
1386 2278 1511 2312 negotio.
1530 2277 1614 2310 (Rea.
1632 2277 1675 2311 46‚
1693 2286 1718 2304 c.
1735 2277 1778 2307 87,
1796 2277 1817 2303 f.
1835 2277 1885 2304 184
1902 2278 1949 2310 r0.)

1208 2369 1309 2398 Nobili
1332 2369 1395 2396 uiro
1413 2367 1524 2404 Royero
1542 2367 1578 2396 de
1595 2366 1757 2402 Thodz‘nz's,
1781 2367 1937 2403 capitaneo
1952 2366 2111 2403 galearum
2127 2374 2181 2394 ro-

1170 2431 1258 2450 mane
1289 2422 1405 2450 ecclesie
1429 2421 1644 2459 deputaturum
1672 2420 1711 2448 acl
1742 2420 1829 2448 Terre
1854 2419 1960 2448 Sancte
1988 2419 2174 2452 subsidium,

1169 2475 1301 2504 mandat
1326 2478 1360 2503 ut
1384 2482 1458 2503 cnm
1481 2472 1583 2511 galeis
1607 2473 1668 2502 sibi
1690 2471 1872 2502 commissis
1895 2471 1935 2501 ad
1957 2471 2179 2501 defensionem

1169 2527 1261 2566 regni
1284 2526 1460 2556 Armeniae
1481 2531 1592 2556 contra
1614 2525 1718 2555 crucis
1742 2524 1895 2554 inimicos
1913 2533 2099 2554 succursum
2116 2524 2179 2552 im-

1191 2581 1299 2611 endat.

1169 2591 1188 2620 p
1213 2646 1226 2660 ‹
1243 2633 1404 2670 Quoniam
1420 2642 1556 2671 regnum
1569 2632 1764 2662 Armenie...
1782 2648 1821 2657 —
1836 2631 1908 2660 Dat.
1926 2635 1959 2660 ut
1976 2638 2082 2669 supra.
2103 2641 2116 2656 ιι

1238 2792 1353 2821 685ἵ
1480 2789 1841 2824 sainte-Marie-MaJeure‚
1860 2788 1891 2814 12
1906 2787 2011 2814 sevrier
2027 2786 2107 2814 1292.

1202 2855 1334 2882 Diversis
1359 2852 1546 2889 petitionibus
1575 2852 1652 2886 regis
1680 2851 1804 2885 Angliae
1829 2849 1994 2884 respondet.
2021 2848 2104 2883 (Rae.
2126 2848 2177 2881 46,

1166 2913 1192 2932 c.
1209 2904 1252 2936 88,
1270 2904 1289 2931 f.
1309 2904 1355 2930 184
1372 2901 1550 2936 1·0;1P0r1n.,
1566 2901 1677 2933 23921.)

1207 2993 1371 3023 Carissimo
1389 2992 1421 3020 in
1438 2989 1556 3019 Christo
1571 2989 1635 3027 filio
1653 2988 1811 3023 Eduardo,
1835 2988 1900 3025 reyi
1918 2987 2024 3025 Anylie
2044 2987 2174 3016 illustri.

1985 3053 2034 3079 115
