2393 3496
917 270 1169 317 QUATRIEME
1193 269 1350 308 ANNEE.
2120 282 2135 308 s
2145 280 2174 308 17

85 354 280 386 audientiam
303 352 484 390 appellavit.
515 351 595 381 Cum
624 351 732 389 itaque
763 359 818 380 nos
843 350 876 379 iu
903 346 1089 386 hujusmodi

86 407 206 443 causis,
235 414 313 444 quas
340 413 436 442 super
458 404 623 442 premissis
651 402 791 432 intendit
815 402 961 440 prosequi
986 401 1090 430 dictus

87 460 193 494 abbas,
206 456 422 488 venerabilem
438 456 568 485 fratrem
585 460 729 486 nostrum
742 456 794 492 G.,
809 455 990 493 episcopum
1004 454 1090 483 Sabi-

87 520 232 547 nensem,
250 510 433 540 dederimus
449 509 640 544 auditorem,
660 508 844 538 discretioni
864 512 916 537 tue
932 517 985 546 per
1001 515 1090 546 apos-

88 566 181 596 tolica
197 564 312 602 scripta
328 563 522 592 mandamus
533 567 691 601 quatenus
705 566 765 591 tam
778 561 951 591 Herricum
967 565 996 590 et
1013 560 1091 589 alios

87 617 262 648 monachos
277 624 374 654 quam
391 615 487 644 laicos
503 614 672 653 prelibatos
689 623 725 644 ac
742 622 853 643 omnes
869 613 947 643 alios
966 614 1019 651 qui
1035 622 1092 642 sua

88 669 281 702 crediderint
305 669 477 703 interesse,
503 676 539 696 ex
569 672 656 706 parte
681 671 803 702 nostra,
830 676 883 705 per
908 672 935 695 te
961 666 1010 695 vel
1038 676 1093 704 per

89 723 188 754 alium
206 731 260 752 seu
272 721 364 756 alios,
376 720 588 759 peremptorie
601 720 698 749 citare
713 728 861 758 procures
876 724 908 748 ut
919 719 1003 748 infra
1015 728 1091 757 qua-

90 776 236 814 draginta
249 774 376 804 dierum
392 774 531 811 spatium
545 778 611 811 post
627 773 809 802 citationem
825 773 1010 811 hujusmodi
1028 782 1092 811 pre-

89 829 192 860 dictus
216 827 369 857 Herricus
389 825 609 865 personaliter,
636 826 751 864 reliqui
775 830 880 855 autem
904 835 959 865 per
983 835 1016 856 se
1044 826 1094 855 vel

89 891 146 922 per
160 884 377 920 procuratores
394 879 546 917 ydoneos,
566 887 639 908 cum
655 879 805 908 omnibus
821 879 907 915 actis,
923 879 1049 917 juribus
1066 883 1096 908 et

90 934 300 965 munimentis
317 932 386 962 suis
402 933 501 962 dictas
514 941 624 962 causas
640 932 909 970 contingentibus,
926 932 1095 970 apostolico

91 997 124 1018 se
149 987 332 1025 conspectui
361 989 591 1025 representem,
622 986 737 1015 facturi
763 990 793 1015 et
820 985 976 1024 recepturi
1002 994 1096 1023 super

89 1040 239 1081 predictis
258 1039 343 1078 quod
364 1039 441 1068 ordo
461 1039 628 1069 dictaverit
646 1039 789 1068 rationis.
815 1039 907 1068 Diem
928 1047 1002 1068 vero
1019 1039 1096 1068 cita-

92 1093 186 1124 tionis
201 1096 232 1122 et
253 1092 389 1122 formam
405 1096 436 1121 et
457 1091 609 1130 quicquid
627 1091 703 1120 inde
720 1092 831 1121 feceris
847 1092 938 1121 nobis
954 1100 1009 1130 per
1028 1095 1096 1120 tuas

92 1147 211 1177 litteras
232 1146 349 1176 harum
370 1145 486 1175 seriem
502 1145 704 1175 continentes
721 1145 848 1174 studeas
864 1145 1001 1175 fideliter
1017 1145 1096 1174 inti-

91 1209 191 1230 mare.
218 1199 289 1229 Dat.
318 1198 401 1237 apud
428 1198 702 1234 Urbemveterem‚
729 1208 748 1227 v
773 1197 927 1227 kalendas
948 1198 1095 1234 octobris,

92 1262 178 1284 anno
192 1257 315 1292 quarto.
335 1264 349 1278 n

164 1450 281 1479 6⁰94

130 1513 336 1540 Monasterium
358 1512 456 1538 Sancti
480 1511 624 1544 Victoris,
643 1513 672 1538 in
695 1512 832 1538 comitatu
850 1512 1028 1545 Auximano,
1047 1514 1102 1540 sub

94 1561 170 1588 beati
186 1561 264 1588 Petri
279 1561 455 1596 protectione
475 1560 607 1595 suscipit.
625 1560 708 1593 (Rae.
726 1560 770 1591 46,
787 1569 812 1586 e.
829 1561 894 1592 519,
911 1562 931 1589 f.
950 1562 998 1588 10⁶2
1015 1564 1066 1595 vo.)

671 1449 804 1483 Orvieto‚
823 1449 852 1476 18
867 1451 935 1476 aout
951 1451 1028 1477 1291.

132 1671 252 1700 Dilectis
266 1670 342 1707 filiis
362 1693 382 1699 ..
405 1671 505 1699 abbati
523 1671 703 1699 monasterii
727 1670 831 1699 Sancta*
861 1672 1001 1708 Victoris,
1024 1674 1103 1710 quod

94 1724 129 1753 in
152 1725 297 1753 comitatu
323 1722 497 1752 Auoeimano
517 1724 612 1752 situm
633 1727 690 1760 esc,
718 1723 840 1761 ejusque
866 1725 1017 1760 fratribus
1041 1731 1103 1755 cam

92 1777 284 1816 presentibus
298 1785 391 1813 quam
407 1778 526 1812 futuris
541 1776 715 1813 regularem
730 1778 825 1814 vitam
839 1780 980 1815 professis
996 1780 1028 1808 in
1041 1789 1105 1817 per-

93 1835 229 1868 petuum.
243 1828 292 1858 Ad
306 1828 468 1867 exemplar
483 1828 620 1865 Nicolai‚
638 1829 792 1866 Pascalis,
806 1830 954 1868 Eugenii,
965 1831 1103 1862 Alexan-

97 1883 161 1920 dri,
177 1883 317 1918 Urbani,
335 1882 511 1912 Clementis
526 1886 557 1912 et
574 1882 729 1912 Celestini
745 1883 812 1921 ΙΙΙ,
837 1884 895 1914 sub
918 1885 1001 1915 beati
1018 1886 1104 1915 Petri

96 1936 291 1976 protectione
319 1945 429 1966 eorum
463 1937 695 1966 monasterium
725 1937 858 1976 ejusque
884 1938 967 1968 bona
996 1941 1105 1970 onmia

97 1989 247 2028 suscipit,
270 2001 283 2016 α
306 1990 341 2019 in
364 1989 480 2028 quibus
498 1988 558 2019 hec
578 1990 713 2028 propriis
728 1990 881 2020 duximus
899 1993 1106 2030 exprimenda

96 2042 258 2073 vocabulis
280 2055 286 2072 :
306 2042 411 2072 locum
430 2043 535 2080 ipsum
555 2043 587 2072 in
611 2051 674 2081 quo
695 2033 852 2081 prefatum
875 2046 1104 2075 monasterium

93 2086 191 2126 'situm
219 2100 282 2133 est,
313 2105 387 2126 cum
413 2096 565 2125 omnibus
594 2097 797 2134 pertinentiis
823 2098 907 2135 suis;
940 2098 1105 2128 ecclesiam

97 2149 211 2179 Sancte
233 2149 333 2179 Marie
358 2149 396 2179 de
418 2151 563 2186 Arzone;
583 2150 637 2188 jus
656 2150 741 2188 quod
766 2150 889 2181 habetis
914 2151 948 2181 in
973 2152 1106 2181 ecclesia

97 2202 204 2233 Sancti
221 2201 394 2232 Salvatoris
417 2202 561 2241 ejusdem
581 2204 691 2240 castri;
710 2203 876 2234 ecclesiam
896 2204 1001 2235 Sancti
1024 2206 1106 2235 Lau-

96 2255 194 2285 rentii
210 2255 249 2285 de
269 2255 487 2293 Brugnuleto;
505 2255 673 2285 ecclesiam
692 2256 799 2286 Sancti
815 2258 977 2288 Johannis
994 2259 1031 2288 de
1048 2260 1105 2288 Sa-

96 2309 250 2347 rignano,
277 2308 443 2338 ecclesiam
469 2308 580 2338 Sancti
603 2309 777 2340 Salvatoris
799 2311 838 2340 de
861 2311 980 2347 Plano,
1003 2311 1105 2341 eccle-

98 2361 179 2391 siam
196 2362 305 2391 Sancti
320 2361 506 2399 Peregrini,
524 2370 596 2391 cum
614 2366 702 2392 curte
718 2371 775 2392 sua
788 2375 794 2400 ;
809 2364 862 2402 jus
881 2364 965 2402 quod
984 2364 1106 2394 habetis

97 2415 132 2445 in
148 2414 282 2445 ecclesia
295 2414 409 2444 Sancte
426 2415 527 2444 Mai-ie
543 2414 582 2444 de
601 2415 811 2453 Baldenar1'33
829 2418 881 2455 jus
902 2417 985 2456 quod
1008 2418 1106 2447 habe-

99 2467 140 2498 tis
167 2467 202 2497 in
236 2467 369 2498 ecclesia
398 2467 506 2497 Sancti
531 2468 620 2498 Petri
647 2468 686 2498 de
711 2469 909 2507 Taumiano;
939 2471 1105 2501 ecclesiam

100 2520 208 2550 Sancti
228 2520 374 2550 Silvestri
390 2520 428 2550 de
448 2520 539 2557 Sala;
563 2520 730 2551 ecclesiam
752 2522 859 2553 Sancti
882 2524 1048 2554 Laurentii
1068 2525 1106 2554 de

100 2573 207 2610 Gallo;
222 2575 276 2612 jus
286 2574 371 2612 quod
384 2573 511 2604 habetis
528 2574 562 2603 in
580 2574 712 2604 ecclesia
728 2575 842 2605 Sancte
861 2576 961 2606 Mai-ie
976 2577 1014 2606 de
1030 2578 1106 2607 Bar-

100 2627 229 2664 banico;
244 2627 297 2666 jus
315 2627 399 2665 quod
419 2627 544 2656 habetis
561 2627 595 2656 in
615 2627 750 2657 ecclesia
765 2629 874 2658 Sancti
890 2629 1051 2659 Johannis
1069 2631 1106 2659 de

101 2678 292 2716 Caselmale3
313 2679 478 2709 ecclesiam
496 2679 605 2709 Sancti
624 2680 785 2710 Johaunis
807 2682 845 2711 de
866 2682 1002 2712 Castello
1026 2684 1107 2712 Boni

101 2732 179 2769 filii;
199 2734 253 2771 jus
269 2733 352 2772 quod
370 2733 494 2762 habetis
509 2733 543 2762 in
560 2732 693 2763 ecclesia
709 2734 823 2765 Sancte
841 2736 941 2766 Marie
961 2736 999 2766 de
1017 2737 1107 2766 Mon-

102 2785 261 2822 testafilii;
284 2786 450 2816 ecclesiam
468 2786 577 2815 Sancti
595 2786 767 2817 Salvatoris
784 2788 822 2818 de
840 2789 935 2826 Fara,
952 2789 1086 2819 liberam
1101 2800 1107 2825 3

101 2837 269 2868 ecclesiam
281 2838 390 2868 Sancti
405 2837 558 2876 Leopardi
576 2837 615 2868 de
628 2838 835 2877 Clastiniano,
853 2850 926 2871 cum
941 2842 1110 2880 parrochia

99 2899 173 2928 sua;
194 2890 360 2921 ecclesiam
377 2890 486 2920 Sancti
503 2891 701 2929 Paterniani‚
718 2901 791 2922 cum
811 2895 1011 2932 pertinentiis
1030 2895 1108 2930 suis,

99 2943 136 2973 in
158 2943 256 2974 fundo
277 2943 426 2980 Paterni,
447 2943 614 2973 ecclesiam
640 2944 746 2975 Sancti
768 2946 904 2983 Liberii,
929 2947 1109 2977 heremiuni

243 3010 315 3037 Rau.
337 3009 460 3038 Niconis
480 3009 533 3037 IV.

1172 346 1205 374 in
1223 345 1321 375 fundo
1335 345 1372 375 de
1394 345 1474 384 Ripa
1490 344 1614 380 blanca,
1626 353 1699 374 cum
1712 343 1915 382 pertinentiis
1931 344 2010 380 suis,
2027 345 2077 381 jus
2094 346 2176 383 quod

1172 398 1295 427 habetis
1318 399 1350 427 in
1375 398 1506 428 ecclesia
1530 397 1638 427 Sancti
1664 396 1749 426 Petri
1772 396 1987 434 Coniperseti3
2012 397 2177 426 ecclesiam

1174 452 1281 482 Sancti
1299 452 1462 489 Gregorii;
1484 451 1648 481 ecclesiam
1665 450 1853 480 Sanctorum
1869 449 1978 479 Jacobi
1995 454 2024 478 et
2041 450 2176 480 Christo-

1174 505 1232 534 sori
1248 505 1280 533 in
1298 505 1396 534 fundo
1413 503 1635 534 Lemandriole
1649 515 1654 538 3
1670 503 1723 541 jus
1736 502 1821 541 quod
1839 502 1960 531 habetis
1983 502 2014 530 in
2038 502 2179 532 ecclesiis

1174 557 1362 586 Sanctorum
1381 556 1564 595 Superantii
1581 561 1610 585 et
1629 555 1761 584 Martini
1777 554 1815 583 de
1831 554 1941 590 anri,
1957 555 2008 592 jus
2024 554 2107 592 quod
2125 555 2179 583 lia-

1174 610 1254 638 betis
1271 610 1304 638 in
1324 609 1455 638 ecclesia
1472 610 1585 638 Sancte
1603 608 1701 637 Mai-ie
1721 608 1758 636 de
1776 608 1873 646 Hipa3
1888 608 1940 645 jus
1957 607 2040 645 quod
2058 607 2179 636 habetis

1175 662 1208 690 in
1235 661 1367 691 ecclesia
1391 660 1506 690 Sancte
1530 660 1630 689 Marie
1656 660 1693 689 de
1720 660 1878 689 Partiano.
1909 660 1991 689 Sane
2015 659 2179 689 novalium

1176 718 1370 747 vestrorum,
1392 722 1454 750 que
1474 713 1607 750 propriis
1623 712 1771 741 manibus
1796 712 1843 741 vel
1862 712 2042 750 sumptibus
2060 712 2179 748 colitis,

1176 766 1243 795 sive
1257 765 1295 794 de
1312 765 1518 794 nutrimentis
1533 764 1721 793 animalium
1740 769 1914 794 vestrorum
1935 765 2043 794 nullus
2059 774 2076 793 a
2093 765 2181 794 vobis

1177 819 1316 848 decimas
1339 818 1464 855 exigere
1480 817 1527 846 vel
1542 822 1727 855 extorquere
1745 823 1913 855 presumat.
1934 819 2038 848 Liceat
2055 827 2182 857 quoque

1178 872 1267 901 vobis
1287 871 1419 901 clericos
1437 871 1485 899 vel
1505 871 1600 900 laicos
1623 875 1653 899 et
1675 870 1834 900 absolutos
1857 880 1873 900 e
1894 872 1998 900 seculo
2025 872 2182 909 fugientes

1177 925 1217 954 ad
1237 924 1478 954 conversionem
1506 923 1645 961 recipere
1669 927 1699 951 et
1723 931 1775 952 eos
1798 923 1914 961 absque
1935 924 2183 954 contradictione

1178 979 1286 1016 aliqua
1302 978 1450 1006 retinere.
1471 976 1594 1006 Crisma
1610 984 1696 1010 vero,
1716 976 1820 1005 oleum
1841 980 1997 1011 sanctum,
2018 986 2181 1007 consecra-

1180 1032 1281 1061 tiones
1292 1030 1441 1060 altarium
1458 1039 1512 1059 seu
1529 1029 1745 1063 basilicarum,
1763 1029 1980 1058 ordinationes
1996 1030 2184 1059 clericorum

1179 1089 1355 1114 vestrorum
1375 1084 1427 1120 qui
1450 1083 1489 1111 ad
1512 1091 1616 1111 sacros
1637 1082 1766 1111 ordines
1788 1081 1907 1111 suerint
1930 1083 2137 1120 promovendi
2156 1089 2186 1112 et

1180 1142 1282 1167 cetera
1306 1136 1515 1166 ecclesiastica
1545 1139 1741 1164 sacramenta
1768 1144 1785 1163 a
1810 1135 1978 1164 diocesano
2008 1136 2184 1174 suscipietis

1181 1191 1343 1229 episcopo,
1365 1189 1390 1218 si
1411 1189 1541 1228 quidem
1565 1188 1738 1218 catholicus
1762 1188 1858 1217 fuerit
1881 1192 1910 1217 et
1934 1189 2067 1225 gratiam
2093 1194 2186 1227 atque

1180 1243 1441 1274 communionem
1458 1241 1625 1280 apostolice
1642 1241 1724 1270 sedis
1736 1241 1893 1276 habuerit,
1914 1245 1943 1269 et
1959 1249 1994 1269 ea
2012 1241 2098 1270 vobis
2114 1251 2185 1278 gra-

1183 1298 1220 1327 tis
1239 1302 1268 1327 et
1282 1297 1401 1335 absque
1418 1296 1568 1334 pravitate
1584 1294 1694 1333 aliqua
1709 1294 1843 1323 voluerit
1860 1294 2027 1328 exliibe1·e;
2045 1293 2187 1331 alioquin

1182 1351 1275 1380 liceat
1301 1350 1390 1379 vobis
1414 1356 1649 1387 quemcumque
1677 1347 1854 1376 malueritis
1881 1347 2073 1376 catholicum
2099 1347 2187 1376 adire

1182 1404 1372 1438 antistitem,
1393 1402 1449 1440 qui
1473 1402 1627 1431 nimirum
1655 1404 1761 1430 nostra
1780 1400 1877 1430 fultus
1900 1400 2083 1430 auctoritate
2104 1400 2189 1438 quod

1183 1457 1360 1496 postulatur
1388 1456 1474 1485 vobis
1501 1454 1677 1492 indulgeat.
1705 1453 1910 1491 Sepulturam
1937 1462 2062 1492 quoque
2088 1453 2189 1491 ipsius

1184 1508 1373 1541 monasterii
1385 1508 1518 1538 liberam
1536 1516 1603 1537 esse
1620 1507 1832 1541 decernimus,
1854 1511 1887 1535 ut
1905 1515 2015 1536 eorum
2029 1506 2191 1535 devotioni

1185 1568 1216 1593 et
1231 1566 1371 1593 extreme
1394 1560 1550 1591 voluntati
1566 1560 1622 1598 qui
1639 1568 1672 1589 se
1689 1559 1755 1588 illic
1776 1559 1904 1597 sepeliri
1927 1559 2187 1591 deliberaverint,

1185 1617 1250 1646 nisi
1265 1616 1343 1645 forte
1359 1613 1626 1644 excommunicati
1648 1612 1697 1642 vel
1718 1612 1883 1641 interdicti
1901 1612 1982 1648 sint,
2007 1611 2115 1641 nullus
2132 1612 2189 1641 ob-

1187 1671 1289 1706 sistat,
1309 1668 1394 1698 salva
1412 1673 1517 1697 tamen
1533 1666 1657 1705 justitia
1672 1666 1801 1695 illarum
1818 1665 2022 1695 ecclesiarum
2038 1674 2055 1694 a
2073 1665 2190 1704 quibus

1186 1727 1384 1752 mortuorum
1400 1718 1530 1759 corpora
1548 1722 1766 1749 assumuntur.
1785 1718 1930 1748 Obeunte
1947 1726 2020 1747 vero
2041 1724 2080 1754 te,
2105 1726 2190 1747 nunc

1187 1775 1329 1815 ejusdem
1346 1774 1407 1803 loci
1423 1773 1551 1808 abbate,
1573 1772 1622 1801 vel
1643 1777 1769 1801 tuorum
1792 1770 1932 1809 quolibet
1955 1779 2189 1806 successorum,

1187 1830 1296 1860 nullus
1312 1829 1358 1858 ibi
1376 1827 1517 1865 qualibet
1531 1825 1740 1864 surreptionis
1755 1825 1871 1854 astutia
1887 1833 1941 1853 seu
1959 1823 2109 1853 violentia
2125 1832 2191 1861 pre-

1187 1887 1333 1923 ponatur,
1351 1881 1414 1910 nisi
1432 1888 1526 1918 quem
1543 1879 1653 1907 fratres
1670 1877 1832 1907 communi
1849 1885 2004 1906 consensu
2022 1876 2070 1905 vel
2082 1885 2191 1905 eorum

1188 1937 1289 1975 major
1311 1943 1382 1974 pars
1399 1932 1524 1963 consilii
1548 1931 1700 1967 sanioris,
1719 1930 1893 1960 secundum
1916 1930 1972 1958 Dei
1996 1929 2141 1959 timorem
2163 1934 2192 1958 et

1187 1989 1272 2020 beati
1292 1986 1459 2018 Benedicti
1475 1985 1635 2023 regulam,
1663 1983 1860 2022 providerint
1880 1982 2076 2020 eligendum.
2097 1982 2192 2011 Decet

1188 2042 1285 2072 nimis
1311 2049 1385 2077 ergo
1408 2043 1442 2068 ut
1466 2037 1550 2067 nulli
1574 2036 1707 2067 omnino
1729 2035 1897 2064 bominum
1921 2035 2013 2064 liceat
2035 2036 2191 2072 prefatum

1187 2093 1419 2124 monasterium
1441 2096 1558 2120 temere
1584 2089 1782 2128 perturbare,
1810 2092 1864 2117 aut
1890 2088 1957 2126 ejus
1979 2088 2192 2126 possessiones

1187 2148 1324 2182 auferre,
1343 2145 1464 2175 ablatas
1481 2142 1631 2177 retinere,
1649 2143 1797 2170 minuere
1813 2150 1868 2169 seu
1885 2140 2079 2178 quibuslibet
2095 2148 2189 2169 vexa-

1190 2200 1327 2230 tionibus
1344 2198 1489 2234 satigare,
1503 2195 1556 2225 sed
1571 2195 1678 2224 omnia
1690 2195 1813 2231 integra
1827 2198 2065 2228 conserventur,
2081 2201 2189 2222 eorum

1188 2262 1243 2292 pro
1260 2259 1396 2290 quorum
1410 2248 1642 2287 gubernatione
1658 2256 1694 2276 ac
1709 2246 1938 2276 sustentatione
1953 2254 2101 2275 concessa
2115 2249 2189 2273 sunt

1189 2306 1298 2336 usibus
1314 2302 1508 2334 omnimodis
1522 2301 1697 2340 profutura.
1717 2299 1809 2328 Salva
1826 2298 1908 2328 sedis
1927 2297 2095 2336 apostolice
2120 2305 2190 2326 auc—

1189 2359 1312 2389 toi-itate
1328 2356 1404 2386 etin
1422 2354 1610 2394 supradictis
1630 2353 1788 2389 ecclesiis,
1807 2356 1933 2389 excepta
1954 2351 2063 2380 Sancti
2084 2351 2194 2379 Pater-

1188 2411 1279 2442 niaui
1303 2410 1341 2440 de
1360 2410 1513 2444 Paterno,
1533 2407 1566 2436 in
1585 2406 1685 2436 fundo
1707 2405 1893 2434 monasterii
1916 2408 2110 2440 constructa,
2131 2411 2191 2441 que

1189 2463 1358 2504 specialem
1374 2462 1527 2491 hactenus
1543 2460 1656 2489 habuit
1670 2458 1860 2494 libertatem,
1879 2457 2037 2487 diocesani
2055 2456 2189 2494 episcopi

1188 2514 1489 2555 canonicajustitia.
1507 2513 1557 2543 Ad
1571 2512 1725 2542 inditium
1743 2515 1849 2541 autem
1865 2511 1948 2549 quod
1965 2510 2049 2539 idem
2068 2518 2191 2538 monas-

1190 2572 1305 2602 terium
1322 2568 1495 2608 spetialiter
1510 2567 1591 2596 beati
1608 2565 1694 2595 Petri
1707 2565 1790 2602 juris
1806 2564 1928 2599 existat,
1950 2563 2026 2592 duos
2047 2570 2194 2591 nummos

1189 2625 1280 2655 nobis
1303 2621 1481 2659 nostrisque
1502 2618 1735 2649 successoribus
1755 2617 1851 2646 annis
1872 2615 2008 2653 singulis
2034 2614 2192 2653 persolve-

1191 2679 1240 2708 tis.
1270 2677 1386 2714 Siqua
1414 2674 1513 2711 igitur
1536 2672 1571 2701 in
1598 2671 1742 2700 futurum
1770 2659 1980 2699 ecclesiastica
2004 2667 2194 2697 secularisve

1189 2738 1334 2770 persona,
1352 2728 1435 2757 hanc
1450 2729 1555 2755 nostre
1571 2722 1807 2754 constitutionis
1823 2722 1972 2761 paginam
1990 2721 2103 2755 sciens,
2117 2727 2191 2748 con-

1191 2789 1237 2814 tra
1265 2791 1334 2812 eam
1366 2785 1483 2809 temere
1511 2777 1621 2807 venire
1650 2774 1868 2813 temptaverit,
1895 2773 2035 2803 secundo
2066 2772 2193 2801 tertiove

1190 2835 1393 2870 commonita,
1414 2832 1477 2861 nisi
1492 2834 1616 2860 reatum
1634 2837 1727 2859 suum
1746 2836 1886 2865 congrua
1904 2825 2117 2856 satisfactione
2127 2832 2192 2853 cor-

1190 2889 1315 2923 rexerit,
1336 2885 1495 2926 potestatis
1511 2883 1705 2921 honorisque
1721 2881 1770 2910 sui
1789 2880 1943 2918 dignitate
1962 2881 2075 2914 careat,
2094 2885 2194 2906 ream-

1191 2952 1252 2983 que
1276 2951 1309 2972 se
1333 2940 1444 2970 divino
1462 2937 1584 2977 judicio
1612 2935 1746 2965 existere
1765 2934 1804 2963 de
1824 2936 2000 2971 perpetrata
2026 2930 2191 2969 iniquitate

2006 2997 2052 3022 103
