2393 3496
236 287 309 316 1012
978 285 1213 315 REGiSTRES
1238 285 1290 313 DE
1314 284 1497 314 NlCOLAs'
1523 286 1577 315 IV.

233 352 405 379 Parisiensis
428 360 547 378 censum
570 351 697 378 debitum
722 351 832 377 solvere
857 354 951 384 cogat.
973 350 1075 383 (Anca.
1093 350 1180 380 Nar..
1200 350 1235 383 L,

231 401 297 431 275,
316 401 371 432 31.)

272 503 379 531 Dilecto
393 503 456 538 filio
473 502 612 530 ..decano
626 501 741 529 ecclesie
754 500 958 529 Carnocensis.
975 511 988 526 «ι
1005 499 1236 537 significarunt

234 555 325 584 uobis
347 554 451 584 dilecti
474 554 532 582 filii
556 577 575 584 ..
593 553 733 582 decanus
753 557 784 582 et
800 552 975 591 capitulum
993 552 1124 583 ecclesie
1146 554 1235 583 Pari-

232 608 348 637 siensis
361 608 444 646 quod
461 606 617 637 nonnulle
629 606 841 636 ecclesiastice
854 615 995 645 persone,
1013 612 1073 637 tam
1087 607 1235 645 religiose

229 669 324 699 quam
338 660 505 696 seculares,
522 660 616 689 etiam
631 659 664 688 in
678 659 886 697 dignitatibus
898 669 952 689 sen
966 659 999 688 in
1014 660 1235 699 personatibus

228 713 416 748 constitute,
434 712 565 742 comites
583 721 727 751 quoque,
746 712 895 748 barones,
916 712 1050 748 nobiles,
1071 712 1187 742 milites
1206 717 1236 742 et

227 765 281 795 alii
298 765 370 795 laici
390 765 596 802 Parisiensis,
618 765 791 795 Meldensis
807 769 836 795 et
855 765 1053 795 Senoneusis
1069 766 1234 795 civitatum

228 824 257 848 et
272 819 462 855 diocesium,
481 820 535 857 qui
558 823 675 856 terras,
696 819 826 854 domos,
852 820 977 852 vineas.
1001 819 1234 858 possessiones,

229 876 326 911 prata,
341 881 470 902 nemora
483 876 513 902 et
527 872 684 902 nonnulla
696 872 759 902 alia
771 873 852 902 bona
863 872 1044 903 immobilia
1056 872 1115 902 sub
1128 881 1236 903 annuo

226 934 323 954 censu
346 934 398 955 seu
423 925 549 955 redditu
571 926 610 955 ab
631 926 762 956 ecclesia
781 926 850 965 ipsa
876 931 1004 963 tenent,
1027 935 1159 956 censum
1180 936 1234 956 seu

227 978 386 1008 redditum
404 979 587 1017 hujusmodi
600 979 694 1009 dictis
706 979 826 1009 decano
840 984 871 1010 et
886 979 1024 1018 capitulo
1040 985 1074 1009 ut
1088 983 1236 1010 tenentur

227 1031 376 1061 exhibere
393 1040 456 1062 non
473 1036 601 1069 curant,
619 1041 804 1071 quanquam
822 1041 955 1071 persone
977 1037 1006 1062 et
1026 1032 1081 1062 alii
1102 1033 1235 1071 predicti

229 1090 339 1122 terras,
358 1086 478 1121 domos,
497 1086 710 1124 possessiones
728 1091 758 1116 et
773 1086 835 1115 alia
851 1086 934 1116 bona
950 1087 1089 1125 predicta
1105 1086 1236 1125 pacifice

226 1140 410 1178 possideant
435 1144 465 1169 et
486 1140 604 1178 quiete,
627 1148 664 1170 ac
683 1140 804 1169 fructus
828 1149 901 1169 cum
924 1140 1107 1178 integritate
1133 1140 1234 1179 perci-

227 1192 316 1231 piant
336 1193 540 1229 eorumdem,
559 1197 683 1232 propter
703 1193 786 1231 quod
804 1193 897 1223 dictis
915 1193 1034 1223 decano
1052 1198 1082 1223 et
1097 1194 1234 1232 capitulo

224 1254 261 1275 ac
285 1245 345 1284 ipsi
372 1245 506 1275 ecclesie
531 1254 596 1275 non
623 1245 784 1275 modicum
814 1246 966 1275 imminet
990 1246 1231 1277 detrimentum.

225 1298 331 1334 Quare
354 1298 429 1328 dicti
453 1298 591 1327 decanus
610 1303 640 1328 et
663 1298 839 1337 capitulum
857 1299 949 1329 nobis
970 1299 1139 1330 humiliter
1158 1310 1232 1339 sup·

224 1350 385 1389 plicarunt
397 1354 429 1380 nt
446 1351 611 1389 providere
628 1351 673 1381 eis
689 1361 783 1390 super
797 1352 855 1381 hoc
872 1356 1002 1391 paterna
1015 1352 1234 1384 sollicitudine

223 1412 420 1434 curaremus.
436 1404 594 1440 Quocirca
604 1404 790 1435 discretioni
804 1408 856 1435 tue
869 1414 924 1444 per
934 1406 1106 1444 apostolica
1118 1407 1234 1446 scripta

224 1457 416 1487 mandamus
434 1458 597 1496 quatinus,
618 1458 644 1487 si
663 1462 710 1487 est
725 1458 785 1495 ita,
808 1467 956 1497 personas
973 1462 1002 1488 et
1022 1459 1102 1490 alios
1119 1469 1232 1499 supra-

223 1511 322 1541 dictos
338 1511 423 1550 quod
438 1520 572 1541 censum
591 1521 647 1541 seu
666 1511 827 1542 redditum
846 1516 1058 1543 memoratum
1080 1514 1232 1552 predictis

223 1564 343 1595 decano
360 1569 389 1594 et
405 1564 544 1603 capitulo
561 1566 732 1595 exhibeant
751 1566 875 1604 integre
897 1571 931 1596 ut
946 1570 1107 1604 tenentur,
1125 1569 1232 1598 moni-

224 1618 312 1648 tione
338 1618 504 1657 premissa,
530 1627 584 1657 per
607 1628 777 1648 censuram
803 1619 1063 1657 ecclesiasticam,
1090 1621 1232 1660 appella-

225 1672 311 1701 tione
334 1676 473 1707 remota,
490 1672 620 1711 justicia
637 1673 815 1710 mediante,
837 1673 1020 1712 compellas.
1038 1674 1172 1704 Proviso
1193 1684 1232 1704 ne

223 1725 258 1754 in
289 1729 407 1755 terram
437 1726 594 1756 dictorum
621 1727 785 1763 comitum,
814 1727 971 1757 baronum
996 1736 1051 1757 seu
1070 1728 1232 1759 nobilium

223 1779 563 1809 excommunicationis
587 1779 636 1809 vel
665 1779 827 1809 interdicti
851 1780 1045 1810 sententiam
1072 1781 1230 1820 proferas,

223 1831 289 1860 nisi
313 1840 332 1860 a
359 1832 451 1861 nobis
478 1841 572 1870 super
602 1832 660 1862 hoc
686 1833 872 1862 mandatnm
901 1834 1056 1872 receperis
1081 1835 1227 1873 speciale.

222 1884 330 1913 Testes
346 1889 450 1914 autem
468 1885 525 1923 qui
540 1885 660 1915 suerint
676 1886 843 1921 nominati,
866 1887 892 1916 si
908 1896 941 1917 se
958 1887 1073 1925 gratia,
1093 1887 1165 1918 odio
1183 1888 1230 1918 vel

223 1937 335 1968 timore
362 1938 588 1973 subtraxerint,
617 1948 754 1969 censura
783 1939 895 1977 simili,
925 1941 1138 1980 appellatione
1163 1951 1230 1972 ces-

222 1994 324 2025 sante,
349 1991 521 2029 compellas
546 1992 671 2022 veritati
701 1993 924 2023 testimonium
947 1994 1126 2033 perhibere⁴
1157 1995 1228 2025 Dat.

222 2044 343 2081 Rome,
366 2045 449 2083 apud
470 2045 620 2075 Sanctam
640 2047 775 2076 Mariam
798 2047 954 2086 Majorem
968 2073 975 2085 ‚
992 2058 1055 2078 xvn
1074 2048 1230 2079 kalendas

222 2097 385 2134 februarii,
405 2098 606 2136 pontificatus
623 2100 723 2129 nostri
742 2109 829 2130 anno
848 2101 1000 2132 secundo.
1021 2113 1035 2129 »

293 2264 408 2292 ’2338

255 2324 359 2352 Contra
383 2326 548 2353 detentores
573 2327 713 2354 bonorum
738 2329 903 2355 monasterii
930 2329 1028 2356 Sancti
1050 2329 1172 2357 Cosmae
1199 2332 1228 2358 in

220 2373 437 2401 TranstiberIm.
460 2375 609 2407 (Ancuiwo
633 2376 762 2411 Romano,
786 2378 934 2404 Collezz'one
955 2379 1023 2405 delle
1046 2380 1226 2415 Peryamene,

220 2430 270 2449 sec.
287 2431 346 2456 xm,
364 2427 479 2451 monast.
497 2425 535 2450 [λε’
551 2425 599 2452 SS.
616 2426 711 2452 &osma
726 2429 749 2452 et
765 2427 901 2453 Damiano
920 2429 950 2453 in
968 2428 1189 2461 Transtiberim.)

532 2264 890 2301 Sainte-Marie-Majeure,
910 2267 941 2294 13
957 2268 1061 2295 fevi-ier
1079 2269 1157 2296 1290.

262 2525 369 2554 Dilecto
389 2526 454 2562 filio
479 2549 499 2556 ..
524 2529 625 2564 priori
651 2529 768 2557 ecclesie
791 2529 900 2559 Sancte
918 2531 1011 2559 Marie
1035 2532 1069 2560 in
1092 2532 1228 2561 Transci-

221 2577 314 2607 berim
332 2579 365 2607 de
387 2578 469 2608 Urbe.
497 2591 510 2606 κ
536 2579 769 2618 Significaruut
794 2582 886 2612 nobis
906 2582 1018 2613 dilecte
1041 2584 1076 2613 in
1099 2583 1227 2615 Christo

222 2630 290 2660 filie
310 2654 328 2661 ..
353 2631 512 2661 abbatissa
530 2637 560 2662 et
581 2637 756 2664 conventus
777 2635 964 2665 monasterii
983 2635 1091 2667 Sancti
1114 2637 1229 2668 Cosme

222 2683 261 2714 de
282 2684 513 2715 Transtiberim
540 2685 577 2716 de
602 2687 703 2723 Urbe,
728 2687 850 2718 ordinis
872 2689 987 2720 Sancte
1009 2689 1117 2727 Clare,
1144 2691 1228 2729 quod

223 2737 375 2767 nonnulli
398 2738 579 2776 iniquitatis
602 2739 677 2777 tilii,
698 2749 777 2778 quos
801 2750 928 2780 prorsus
951 2742 1118 2780 ignorant,
1142 2743 1228 2773 deci-

222 2799 306 2826 mas,
335 2790 494 2827 redditus,
524 2800 655 2830 censuS‚
684 2793 801 2831 legata,
831 2799 945 2833 terras,
972 2801 1076 2834 prata,
1101 2797 1228 2833 vineas,

221 2842 347 2881 doulos,
377 2845 609 2882 possessiones,
637 2846 852 2877 instrumenta
880 2849 1004 2887 publica
1033 2854 1063 2879 et
1090 2850 1228 2888 quedam

223 2896 285 2925 alia
309 2897 392 2927 bona
415 2897 454 2927 ad
475 2900 706 2929 monasterium
734 2910 828 2931 suum
854 2903 1029 2941 spectantia
1056 2907 1173 2933 temere
1199 2907 1229 2934 et

223 2950 384 2980 malitiose
400 2951 558 2982 occultare
582 2957 611 2982 ct
629 2953 750 2983 occulta
769 2955 912 2985 detinere
933 2960 1137 2994 presumunt,
1162 2965 1227 2987 non

1318 355 1466 380 curantes
1493 360 1528 380 ea
1555 352 1633 390 ipsis
1658 352 1815 382 abbatisse
1837 357 1866 383 et
1889 354 2062 383 conventui
2091 354 2260 393 exhihere,
2286 357 2320 388 in

1317 402 1503 432 animarum
1526 413 1657 434 suarum
1677 405 1857 443 periculum
1881 409 1913 435 et
1934 405 2095 436 dictarum
2114 407 2272 439 abbatisse
2291 413 2322 441 et

1318 459 1494 485 conventus
1516 465 1553 486 ac
1581 458 1765 487 monasterii
1791 466 1857 488 non
1885 458 2047 488 modicum
2072 458 2319 501 detrimentum,

1318 517 1414 547 super
1431 518 1492 547 quo
1509 509 1619 539 eedem
1636 510 1795 541 abbatissa
1813 515 1843 540 et
1857 516 2033 541 conventus
2055 512 2225 551 apostolice
2238 514 2320 546 sedis

1319 561 1498 591 remedium
1512 562 1735 601 implorarunt.
1746 564 1900 600 Quocirca
1911 564 2096 595 discretioni
2109 569 2160 596 tue
2169 575 2223 604 per
2231 575 2320 606 apos-

1320 613 1412 644 tolica
1443 615 1561 654 scripta
1590 616 1781 646 mandamus
1809 610 1961 656 quatinus
1993 626 2105 648 omnes
2137 618 2323 658 hujusmodi
2372 619 2373 652 ἶ

1317 667 1456 697 occultos
1482 668 1662 699 detentores
1683 670 1904 707 decimarum,
1930 670 2113 701 reddituum
2139 676 2170 702 et
2188 671 2323 705 aliorum

1319 720 1475 750 bonorum
1492 721 1706 760 predictorum
1722 732 1759 753 ex
1774 728 1860 762 parte
1877 728 1984 754 nostra
2001 724 2126 762 publice
2137 725 2170 754 in
2183 724 2323 758 ecelesiis
2374 733 2375 748 l

1319 782 1423 803 coram
1442 774 1556 813 populo
1574 785 1628 814 per
1644 780 1673 805 te
1691 776 1736 806 vel
1756 786 1809 815 per
1821 776 1923 806 alium
1941 786 2071 807 moneas
2087 782 2121 807 ut
2137 778 2224 808 infra
2237 787 2322 810 com·
2374 772 2375 781 ¹

1319 831 1478 865 petentem
1500 828 1686 865 terminum,
1708 838 1803 868 quem
1821 830 1865 860 eis
1883 830 2060 869 prefixeris‚
2077 839 2113 861 ea
2125 831 2220 862 dictis
2232 831 2324 863 abba·
2374 820 2375 835 ³

1320 880 1394 910 tisse
1411 884 1441 910 et
1462 881 1637 911 conventui
1659 891 1677 911 a
1697 891 1729 912 se
1749 882 1854 912 debita
1873 883 2042 913 restituant
2063 888 2093 914 et
2111 883 2268 923 revelent,
2288 893 2324 916 ac

1320 934 1357 963 de
1374 933 1453 972 ipsis
1465 933 1592 972 plenam
1610 939 1639 964 et
1654 935 1794 965 debitam
1811 936 2112 967 eissatissactionem
2125 937 2322 976 impendant.

1320 986 1358 1016 Et
1373 986 1400 1015 si
1418 986 1451 1016 id
1468 995 1532 1017 nou
1550 987 1757 1026 impleverint
1774 989 1861 1018 infra
1884 989 1985 1019 alium
2004 990 2179 1020 terminum
2199 998 2322 1030 compe-

1320 1043 1450 1075 tentem,
1471 1050 1566 1079 quem
1585 1041 1630 1071 eis
1646 1041 1685 1070 ad
1705 1041 1765 1071 hoc
1781 1043 1991 1081 peremptorie
2011 1043 2142 1073 duxeris
2167 1043 2324 1083 prefigen-

1318 1093 1415 1132 dum,
1442 1103 1478 1123 ex
1509 1103 1596 1124 nuuc
1621 1094 1656 1124 in
1683 1104 1735 1125 eos
1768 1095 1952 1133 generalem
1982 1096 2324 1129 excommunicationis

1320 1147 1512 1176 seutentiam
1533 1147 1673 1186 proferas
1695 1153 1725 1177 et
1750 1157 1820 1178 eam
1844 1149 1898 1178 ubi
1917 1153 1946 1179 et
1962 1150 2091 1188 quando
2109 1149 2256 1188 expedire
2276 1150 2324 1181 vi-

1318 1199 1405 1230 deris
1437 1200 1533 1230 facias
1561 1210 1661 1239 usque
1692 1201 1731 1230 ad
1761 1202 2013 1232 satisfactionem
2043 1203 2236 1241 condignam
2265 1202 2323 1234 sol-

1318 1253 1492 1292 lempniter
1507 1253 1674 1292 publicari.
1694 1255 1764 1284 Dat.
1786 1256 1899 1292 Rome,
1915 1256 1998 1294 apud
2020 1256 2170 1286 Sanctam
2186 1256 2322 1287 Mariam

1318 1307 1492 1346 Majorem,
1523 1307 1629 1337 idibus
1663 1307 1841 1346 februarii,
1871 1309 2074 1348 pontificatus
2105 1309 2206 1340 nostri
2238 1317 2322 1341 anno

1318 1360 1469 1390 secundo.
1491 1372 1503 1387 n

1390 1541 1504 1569 '2389

1352 1602 1471 1630 Collatio
1490 1603 1621 1630 beneficii
1637 1607 1665 1629 et
1684 1603 1861 1638 dispensatio
1884 1611 1972 1638 super
1992 1603 2151 1639 pluralitate
2167 1603 2322 1632 beneficio-

1318 1660 1391 1679 rum.
1409 1652 1511 1685 (Ancu.
1528 1651 1613 1683 Vn„
1630 1652 1700 1678 Bull.
1717 1660 1791 1685 qen„
1809 1656 1829 1679 t.
1848 1651 1870 1683 Ι,
1887 1659 1918 1678 n⁰
1935 1652 1990 1684 16.)

1630 1540 1988 1576 Sainte-Ma1·ie-Majeure‚
2007 1541 2039 1568 23
2055 1542 2159 1568 sevrier
2174 1541 2253 1569 1290.

1359 1755 1467 1784 Dilecto
1489 1755 1555 1792 filio
1578 1755 1709 1792 Loffrido
1732 1755 1810 1784 dicto
1832 1756 1960 1784 Gailono
1985 1755 2020 1784 de
2040 1756 2201 1793 Anaqnia,
2224 1756 2321 1795 nepoti

1316 1808 1417 1838 dilecti
1434 1808 1495 1845 filii
1518 1809 1616 1838 nostri
1640 1808 1685 1845 B„
1709 1808 1816 1837 Sancti
1840 1809 1959 1837 Nicolai
1983 1809 2017 1838 in
2035 1808 2161 1838 carcere
2184 1808 2321 1840 Tulliano

1316 1861 1438 1890 diaconi
1462 1861 1647 1897 cardinalis,
1674 1861 1897 1890 canonicatum
1921 1870 1994 1891 cum
2017 1861 2218 1900 plenitudine
2239 1860 2322 1901 juris

1315 1914 1461 1944 canonici
1475 1918 1505 1943 et
1520 1914 1701 1952 praebenda
1715 1922 1780 1944 non
1794 1914 1982 1944 sacerdotali
1997 1915 2032 1944 in
2049 1914 2183 1945 ecclesia
2201 1914 2321 1946 Carno-

1317 1968 1398 1997 tensi
1429 1971 1594 1997 vacantem
1621 1967 1674 1996 dat
1704 1967 1755 1997 vel
1782 1971 1971 1997 vacaturum
2005 1972 2166 2007 reservat;
2194 1967 2320 2007 dispen-

1314 2025 1426 2060 satque
1441 2029 1515 2050 cum
1531 2029 1567 2050 eo
1583 2025 1617 2050 ut
1633 2021 1691 2050 hoc
1707 2020 1902 2050 beneficium
1918 2029 2067 2051 unacum
2081 2021 2322 2052 canonicatibus

1314 2074 1347 2103 in
1378 2074 1593 2104 Ambianensi
1623 2078 1653 2104 et
1681 2074 1856 2112 Anagnina
1891 2074 2046 2111 ecclesiis,
2078 2074 2259 2113 praebenda
2285 2073 2321 2104 in

1314 2127 1528 2157 Ambianensi
1549 2126 1681 2157 ecclesia
1704 2130 1734 2157 et
1752 2126 1896 2157 ecclesiis
1915 2127 2076 2158 ruralibus
2099 2127 2208 2157 Sancti
2229 2125 2321 2157 Pauli

1314 2185 1344 2210 et
1368 2180 1477 2210 Sancti
1502 2180 1657 2219 Stephani
1681 2180 1719 2210 de
1750 2179 1909 2217 Sculcula,
1936 2180 2132 2219 Anagninae
2155 2179 2320 2219 dioecesis,

1313 2234 1475 2272 possidere
1492 2233 1605 2263 valeat.

1355 2298 1369 2313 cx
1386 2286 1549 2316 Virtutum
1566 2286 1679 2316 studiis
1694 2286 1848 2325 quibus...
1866 2303 1902 2310 --
1915 2287 1987 2316 Dat.
2004 2287 2117 2324 Rome,
2130 2287 2215 2326 apud
2226 2286 2321 2318 Sanc-

1315 2345 1378 2370 tam
1398 2340 1535 2370 Mariam
1555 2340 1719 2379 Majorem,
1739 2349 1784 2370 vn
1800 2339 1954 2370 kalendas
1971 2340 2103 2379 martii,
2122 2340 2321 2380 pontificatus
2341 2374 2346 2379 ,
2386 2356 2387 2361 =

1314 2395 1414 2424 nostri
1427 2402 1514 2424 anno
1531 2393 1634 2423 tertio.
1654 2405 1667 2420 n

1387 2580 1505 2609 *⁷320

1352 2643 1537 2679 Dispensatio
1554 2642 1737 2669 matrimonii.
1755 2642 1859 2675 (Aaou.
1874 2641 1959 2676 Nm,
1975 2640 2002 2674 J,
2018 2641 2081 2674 4³5,
2098 2642 2136 2675 7.)

1651 2579 2014 2614 Sainte-Marie-MaJeure,
2033 2579 2066 2606 24
2082 2587 2160 2607 mars
2175 2579 2251 2607 1290.

1356 2745 1519 2774 Carissimo
1538 2747 1570 2774 in
1587 2745 1704 2774 Christo
1719 2745 1785 2781 filio
1803 2744 1922 2779 Carolo,
1941 2746 2008 2782 reqi
2027 2744 2177 2782 Araqonie
2192 2742 2319 2780 illustri,

1314 2803 1340 2828 et
1357 2798 1458 2828 dilecte
1474 2799 1507 2828 in
1525 2798 1640 2827 Christo
1656 2786 1719 2835 filie
1737 2798 1832 2827 nobili
1848 2798 1975 2826 mulieri
1992 2797 2172 2835 Μανῃανειε,
2189 2802 2259 2827 nale
2271 2804 2322 2827 ca-

1315 2853 1435 2881 rissimi
1453 2853 1485 2881 in
1502 2852 1620 2881 Christo
1638 2851 1699 2890 filii
1721 2852 1819 2880 nostri
1845 2851 1947 2881 Caroli
1964 2852 2044 2888 reyis
2060 2850 2164 2880 Sicilie
2182 2849 2320 2880 illustris.

1314 2905 1396 2935 Cum
1417 2905 1462 2935 eis
1478 2905 1641 2944 dispensat
1657 2910 1706 2942 ut,
1727 2913 1792 2935 non
1809 2904 2009 2935 obstantibus
2027 2916 2040 2932 α
2059 2903 2179 2943 duplici
2199 2903 2314 2934 tertio»

1314 2958 1604 2996 consanguinitatis
1624 2958 1725 2996 gradu
1748 2966 1783 2987 ex
1805 2966 1870 2988 una
1885 2961 1991 2996 parte,
2008 2961 2038 2987 et
2055 2957 2146 2987 tertio
2161 2961 2192 2987 et
2209 2957 2319 2996 quarto
