2393 3496
970 303 1223 350 QUATRIEME
1245 304 1402 343 ANNEE.
2172 318 2229 349 735

208 379 324 407 5339

173 439 307 467 Facultas
322 440 446 475 eligendi
469 441 616 475 proprium
639 441 846 469 confessorem.
864 442 947 475 (Rae.
969 442 1017 474 46,
1034 450 1059 468 c.
1076 441 1142 472 ⁶282,

138 489 157 516 f.
175 488 207 516 56
224 490 270 522 νο.)

738 380 869 413 Orvieto‚
885 381 899 407 8
913 381 977 415 juin
995 380 1071 407 1291.

179 591 360 628 Percivallo‚
381 592 604 630 archiepiscopo
621 593 812 622 Calarilano.

180 656 193 670 «
215 644 360 682 Benigno
380 649 455 674 sunt
474 645 568 675 tibi...
593 662 632 667 —
653 646 724 675 Dat.
753 646 835 685 apud
860 645 1142 680 Urbemveterem,

138 706 167 726 w
185 697 257 727 idus
271 698 373 737 junii,
390 707 477 728 anno
488 704 610 737 quarto.
632 712 644 725 n

210 869 331 898 5340

174 931 403 959 Carmammulus
423 938 451 959 et
471 932 581 965 Guido,
600 934 684 960 electi
707 935 836 969 magistri
855 934 964 961 ordinis
980 933 1146 961 crucifero-

138 989 211 1012 rum,
227 989 323 1007 coram
339 981 407 1007 sede
423 982 579 1016 apostolica
595 983 730 1009 citantur.
748 983 832 1016 (Rea.
846 983 888 1013 46,
901 991 926 1009 c.
938 983 1000 1014 283,
1014 983 1032 1009 s.
1049 984 1081 1009 56
1098 983 1145 1014 r0.)

741 872 867 903 Orvieto,
885 872 900 899 9
914 872 977 906 Juin
997 871 1072 898 1-291.

176 1085 281 1114 Fratri
297 1084 527 1114 Carmammulo
543 1086 576 1114 de
592 1085 700 1115 Sancto
717 1086 860 1116 Severino
873 1110 880 1122 ,
903 1086 1022 1115 ordinis
1039 1086 1145 1115 Cruci-

136 1140 284 1175 ferorum.
304 1137 397 1173 Eum,
417 1138 457 1167 ad
474 1138 614 1173 sedanda
634 1139 830 1169 turbationes
846 1143 877 1168 et
891 1137 1051 1174 scandala,
1065 1147 1146 1177 quae

136 1190 301 1221 occasione
318 1190 484 1220 electionis
502 1192 570 1229 ejus
596 1196 626 1221 et
648 1188 755 1221 fratris
780 1191 938 1221 Gnidonis
960 1191 999 1221 de
1021 1191 1146 1221 Medio-

137 1241 211 1272 lano
235 1241 270 1271 in
296 1241 488 1279 magistrum
515 1242 659 1281 ejusdem
678 1243 802 1272 ordinis
820 1243 855 1272 in
875 1243 1031 1273 discordia
1046 1243 1145 1273 factae

137 1299 244 1325 exorta
259 1299 344 1330 sunt,
364 1299 393 1324 et
411 1303 467 1334 pro
482 1296 599 1334 quibus
609 1298 677 1335 Jam
694 1295 914 1335 multipliciter
928 1296 1005 1326 ordo
1016 1300 1063 1326 est
1080 1296 1144 1326 col-

136 1348 260 1387 lapsus.
280 1349 357 1378 citat.
371 1354 406 1378 ut
422 1350 507 1379 infra
524 1350 621 1380 unius
639 1350 761 1380 mensis
780 1350 918 1388 spatium
931 1359 950 1379 a
964 1350 1145 1388 receptione

137 1403 374 1441 praesentium,
404 1412 478 1433 cnm
501 1408 569 1433 octo
593 1403 632 1433 de
654 1402 842 1433 melioribus
865 1406 895 1433 et
917 1403 1145 1433 maturioribus

138 1455 281 1494 ejusdem
306 1456 430 1485 ordinis
447 1456 592 1495 personis
608 1456 818 1495 personaliter
841 1465 947 1486 coram
968 1457 1040 1486 sede
1055 1465 1145 1496 apos-

137 1508 230 1538 tolica
245 1513 434 1547 compareat.

179 1561 311 1593 Similes
328 1562 452 1592 litterae
473 1562 513 1592 ad
533 1562 711 1601 praefatum
729 1563 912 1594 Gnidonem
928 1564 1043 1594 missae
1059 1569 1144 1594 sunt.

181 1616 317 1655 «Nuper
331 1616 371 1645 ad
381 1616 617 1646 audientiam...
632 1633 672 1638 —-
686 1617 755 1646 Dat.
773 1617 857 1655 apud
870 1617 1146 1656 Urbemveterem‚

141 1679 161 1699 v
176 1669 249 1699 idus
263 1670 363 1707 Junii‚
380 1678 466 1700 anno
482 1675 606 1708 quarto.
627 1682 639 1697 »

210 1850 300 1878 534
307 1850 327 1876 Ι

176 1912 310 1946 Pelagius
322 1911 356 1938 de
368 1912 435 1938 Oria
446 1911 668 1938 archimandrita
682 1913 848 1940 monasterii
862 1913 1038 1940 Graecorum
1051 1914 1149 1941 Sancti

139 1961 246 1996 Helyae
261 1961 296 1987 de
312 1960 442 1987 Carbone
457 1960 654 1987 confirmatur.
672 1960 755 1993 (Rae.
773 1961 816 1992 46,
834 1970 859 1988 c.
878 1962 939 1992 284,
957 1962 975 1988 f.
993 1962 1026 1989 5ss
1042 1964 1089 1994 1'0.)

724 1848 852 1881 orvieto,
874 1850 980 1885 13juin
1001 1852 1076 1879 1291.

180 2087 199 2094 ..
217 2066 348 2102 episcopo
369 2064 512 2101 Melfiensi
532 2063 664 2093 mandat
690 2068 725 2093 ut
747 2063 936 2094 electionem
964 2064 1088 2102 Pelagii
1111 2066 1149 2095 de

138 2117 232 2153 Oria,
263 2116 411 2147 monachi
438 2116 624 2146 monasterii
657 2116 767 2146 Sancti
797 2117 946 2147 Andreae
971 2117 1009 2147 de
1038 2118 1149 2148 Insula

138 2179 244 2209 parva,
261 2169 386 2199 ordinis
403 2169 434 2199 S.
458 2169 580 2205 Basilii,
600 2169 794 2198 Tarentinae
811 2169 974 2207 dioecesis,
993 2171 1026 2199 in
1043 2171 1148 2200 archi-

139 2224 332 2253 mandritam
346 2223 532 2252 monasterii
548 2222 744 2252 Graecorum
758 2222 867 2252 Sancti
882 2223 1005 2262 Helyae
1021 2223 1059 2252 de
1074 2223 1148 2253 Car-

139 2276 236 2312 bone,
257 2276 295 2305 ad
312 2283 479 2305 romanam
500 2274 668 2305 ecclesiam
693 2275 782 2305 nullo
802 2275 908 2305 medio
936 2276 1145 2313 pertinentis,

139 2329 262 2359 ordinis
278 2328 310 2358 S.
333 2327 455 2364 Basilii,
469 2337 523 2366 per
538 2350 557 2357 ..
572 2328 711 2366 priorem
725 2333 756 2358 et
771 2334 964 2358 conventum
978 2328 1074 2367 hujus
1086 2338 1149 2360 mo-

141 2382 272 2412 nasterii
289 2381 490 2416 celebratam,
515 2381 695 2418 confirmet,
713 2387 743 2411 et.
759 2382 864 2411 eidem
881 2382 1010 2420 Pelagio
1028 2391 1147 2412 munus

140 2435 372 2465 benedictionis
386 2433 562 2472 impendat.

181 2500 194 2513 ι(
216 2487 258 2516 Ex
279 2491 365 2525 parte
381 2485 605 2516 dilectorum...
624 2503 661 2507 —
679 2487 749 2517 Dat.
767 2487 850 2526 apud
870 2487 1145 2525 Urbemveterem,

139 2541 245 2571 idibus
259 2541 359 2579 junii,
377 2548 462 2569 anno
476 2545 599 2578 quarto.
620 2552 633 2566 »

209 2719 328 2748 5342

175 2781 324 2808 Romanus
341 2780 420 2810 Peri,
442 2780 530 2806 abbas
549 2781 713 2807 monasterii
731 2781 906 2808 Graecorum
925 2782 1021 2808 Sancti
1042 2783 1146 2816 Angeli

139 2830 173 2857 de
198 2830 327 2865 Raparo,
354 2830 553 2863 Anglonensis
579 2829 738 2861 dioecesis,
764 2831 958 2857 confirmatur.
986 2831 1071 2862 (Iti-ze.
1098 2832 1145 2861 46,

140 2886 164 2905 c.
182 2879 255 2909 284²,
272 2879 290 2905 f.
311 2879 343 2905 56
359 2880 407 2911 νῦ.)

724 2720 851 2750 Orviet0‚
874 2721 900 2745 15
915 2721 978 2754 juin
999 2721 1073 2747 1291.

182 2981 282 3009 Eidem
310 2979 441 3009 mandat
460 2984 495 3009 nt
516 2978 703 3009 electionem
725 2979 861 3009 Romani
888 2980 971 3016 Peri,
998 2979 1147 3009 monachi

1225 381 1411 410 monasterii
1431 380 1540 411 Sancti
1558 381 1655 420 Elyae
1674 381 1713 412 de
1731 381 1887 418 Carbone,
1904 382 2027 412 ordinis
2045 383 2077 414 S.
2104 384 2227 422 Basilii,

1226 433 1276 462 An
1281 433 1444 471 glonensis
1457 434 1619 472 dioecesis,
1632 435 1667 465 in
1677 435 1821 465 abbatem
1838 436 2023 465 monasterii
2034 435 2227 468 Graecorum

1227 486 1335 516 Sancti
1351 487 1469 525 Angeli
1486 488 1524 518 de
1542 488 1684 527 Raparo,
1700 489 1740 519 ad
1755 497 1924 519 romanam
1950 488 2117 519 ecclesiam
2141 490 2230 522 nullo

1226 539 1332 569 medio
1348 540 1546 578 pertinentis,
1563 542 1685 572 ordinis
1701 542 1732 572 S.
1752 541 1883 578 Basilii,
1903 542 2049 581 ejusdem
2065 542 2229 581 dioecesis,

1228 601 1282 630 per
1297 593 1435 631 priorem
1451 598 1481 623 et
1496 599 1690 624 conventum
1707 595 1804 634 hujus
1822 595 2009 625 monasterii
2026 595 2229 635 celebratam,

1227 646 1409 682 confirmet,
1428 651 1459 675 et
1483 646 1585 676 eidem
1610 648 1755 678 Romano
1775 657 1894 678 munus
1916 648 2148 679 benedictionis
2167 649 2229 679 im-

1227 699 1353 736 pendat

1270 764 1282 778 α
1302 752 1345 781 Ex
1362 756 1449 790 parte
1465 753 1692 783 dilectorum...
1712 771 1750 776 —
1766 754 1836 784 Dat.
1858 759 2009 794 utsupra.
2027 767 2040 782 n

1299 925 1416 953 5343

1261 987 2231 1023 Facultatemconferenditabellionatumduabuspersonis.(Rm.46,

1228 1043 1253 1062 c.
1268 1036 1368 1067 2851.
1386 1036 1417 1062 56
1434 1036 1481 1067 ro.)

1807 926 1937 957 Orviet0‚
1955 926 1986 953 13
2000 928 2062 961 juin
2080 927 2158 954 1291.

1269 1139 1390 1175 Hvyonz'
1402 1162 1408 1174 ,
1428 1138 1560 1176 episeopo
1582 1139 1743 1168 Vasacensi.

1270 1203 1284 1217 «
1303 1191 1347 1220 Ex
1367 1196 1452 1230 parte
1471 1196 1562 1221 tua...
1581 1207 1621 1213 —
1638 1192 1707 1221 Dat.
1726 1192 1810 1230 apud
1828 1192 2107 1228 Urbemveterem,
2125 1192 2233 1222 idibus

1226 1245 1329 1283 junii,
1349 1253 1434 1275 anno
1449 1249 1573 1283 quarto.
1594 1257 1606 1271 n

1299 1412 1418 1439 5344
1809 1410 1940 1443 Orvieto‚
1958 1410 1990 1436 10
2003 1410 2067 1444 juin
2083 1410 2162 1437 1291.

1266 1473 1450 1508 Dispensatio
1466 1473 1648 1499 matrimonii.
1664 1472 1747 1505 (Rae.
1765 1472 1813 1505 46,
1830 1481 1855 1499 c.
1872 1472 1945 1506 2852,
1962 1472 1981 1498 f.
1999 1472 2031 1499 56
2047 1473 2099 1505 νῦ.)

1277 1576 1443 1605 Venerabili
1457 1576 1552 1611 fratri
1571 1598 1590 1604 ..
1614 1576 1746 1611 episcopo
1766 1575 1889 1603 Reatino
1907 1573 2079 1604 committit
2102 1577 2138 1603 nt
2162 1582 2234 1603 cum

1230 1629 1380 1659 Johanne
1401 1628 1487 1657 Petri
1508 1628 1547 1657 de
1567 1628 1671 1658 Rocca
1691 1627 1730 1657 de
1750 1627 1859 1657 Cornu
1882 1631 1912 1658 et
1935 1627 2108 1665 Margarita
2132 1627 2232 1662 Petri,

1231 1683 1387 1712 Reatinae
1411 1681 1581 1718 dioecesis,
1608 1681 1768 1720 dispenset
1798 1685 1832 1711 ut
1856 1682 1890 1711 in
1918 1681 2125 1711 matrimonio
2152 1680 2235 1719 qnod

1231 1735 1321 1772 olim,
1336 1735 1522 1773 ignorantes
1538 1734 1806 1773 impedimentum
1822 1743 1901 1771 esse,
1918 1738 2146 1764 contraxerunt
2160 1734 2235 1764 etin

1232 1797 1294 1828 quo
1313 1788 1433 1827 prolem
1450 1793 1657 1826 procrearunt
1675 1796 1840 1817 remanere
1854 1786 1989 1817 valeant.

1273 1854 1287 1869 «
1302 1841 1450 1871 Exhibita
1466 1841 1557 1871 nobis
1573 1841 1717 1871 dilecti...
1730 1858 1768 1862 —
1780 1841 1850 1870 Dat.
1865 1840 1948 1879 apud
1960 1840 2233 1874 Urbemveterem,

1233 1905 1277 1925 1111
1297 1896 1485 1934 idusjunii⁷
1503 1903 1589 1924 anno
1608 1899 1730 1933 quarto.
1753 1906 1766 1921 ι)

1303 2067 1421 2095 5345

1268 2129 1439 2155 Monasterio
1467 2128 1593 2154 Saxivivi
1621 2128 1716 2154 locum
1739 2135 1825 2161 quem
1853 2127 1955 2153 fratres
1980 2126 2088 2153 ordinis
2113 2125 2234 2152 Sanctae

1231 2178 1336 2205 Mariae
1361 2179 1395 2204 de
1422 2177 1498 2203 Valle
1521 2176 1628 2210 viridi,
1650 2177 1678 2203 in
1704 2177 1826 2203 concilio
1853 2175 2041 2210 Lugdunensi
2068 2176 2233 2210 suppressi,

1227 2229 1311 2262 juxta
1327 2227 1488 2253 Viterbinm
1509 2226 1695 2261 possidebant
1711 2225 1817 2252 vendit.
1833 2225 1917 2258 (Rae.
1931 2225 1974 2255 46,
1991 2233 2016 2250 e.
2034 2224 2094 2255 286,
2113 2225 2130 2251 f.
2146 2225 2177 2250 56
2190 2232 2232 2255 v⁰;

1232 2276 1348 2309 Porrn„
1367 2276 1476 2307 23707.)

1811 2065 1940 2096 Orvieto,
1958 2064 1990 2091 20
2003 2065 2067 2098 juin
2086 2064 2162 2091 1291.

1271 2402 1291 2409 ..
1312 2380 1413 2407 abbati
1430 2384 1456 2407 et
1474 2379 1636 2407 conventui
1654 2378 1832 2406 monasterii
1847 2376 2001 2412 Saoeivz'vt',
2017 2376 2056 2405 ad
2073 2385 2231 2405 romanam

1229 2434 1381 2462 ecclesiam
1397 2432 1483 2460 nullo
1500 2431 1596 2460 medio
1611 2431 1800 2467 pertinentis,
1819 2430 1938 2458 ordz'nis
1953 2430 1984 2459 S.
2004 2429 2163 2459 Benedicti.

1272 2498 1283 2510 a
1299 2484 1449 2513 Exhibita
1462 2484 1552 2514 nobis
1564 2487 1705 2512 vestra...
1722 2499 1761 2504 —
1774 2483 1846 2512 Dat.
1863 2482 1945 2521 apud
1960 2482 2232 2517 Urbemveterem,

1229 2546 1271 2565 xii
1289 2535 1442 2565 kalendas
1455 2535 1540 2573 julii,
1561 2543 1647 2564 anno
1665 2539 1786 2573 quarto.
1809 2546 1822 2560 >v

1301 2708 1420 2736 5346

1266 2771 1419 2797 Absolutio
1442 2769 1758 2796 excommunicationis.
1781 2768 1862 2800 (Rae.
1886 2769 1934 2800 46,
1954 2777 1978 2794 c.
2000 2769 2065 2802 287,
2089 2769 2106 2794 f.
2129 2768 2160 2795 56
2183 2770 2232 2799 vo.)

1810 2706 1941 2740 Orvieto,
1962 2706 2067 2739 tojuin
2086 2705 2161 2732 1291.

1270 2873 1412 2909 Mayistro
1428 2872 1571 2901 Riccardo
1589 2872 1664 2900 dicto
1681 2871 1715 2900 de
1731 2871 1819 2908 Lyth,
1835 2872 2017 2908 presbytero,
2041 2871 2232 2899 Eboracensis

1230 2926 1365 2954 diocesis.
1385 2924 1455 2961 Ille,
1475 2923 1636 2962 qnondam
1659 2923 1904 2953 archidiaconns
1927 2922 2078 2953 ecclesiae
2100 2922 2232 2952 Karleo-

1232 2977 1348 3013 lensis,
1372 2986 1444 3007 cum
1470 2977 1619 3007 ecclesias
1638 2977 1685 3005 sui
1711 2977 1988 3006 archidiaconatus
2011 2977 2162 3012 visitaret,
2185 2977 2233 3006 vi·-
