2393 3496
875 327 1088 359 REGISTRE
1110 317 1326 357 CAME'RAL.
2090 324 2144 354 961

58 405 177 439 Bindus
195 400 363 436 Vernacii,
385 399 463 429 civis
482 398 702 435 Florentinus,
725 397 878 436 syndicus
897 399 926 425 et
949 403 1057 434 procu—

57 463 139 491 rator
161 454 294 486 Antonii
320 453 358 482 de
383 452 584 492 Frassinago,
610 450 787 490 potestatis,
810 453 839 479 et
863 447 995 479 Gerardi
1021 447 1059 476 de

58 514 172 545 Josano
190 509 227 538 de
243 507 412 542 Cremona,
430 506 598 544 capitanei,
616 505 757 544 priorum
775 503 893 533 artium
912 506 942 532 et
959 501 1060 532 artifi-

59 573 148 600 cum,
172 559 298 592 consilii
323 563 354 588 et
380 558 562 588 communis
585 557 722 588 civitatis
745 556 941 591 Florentine,
968 555 1060 585 nobis

59 615 225 649 humiliter
241 611 433 650 supplicavit
449 616 493 647 ut,
511 620 584 641 cum
600 611 678 649 ipse,
696 610 817 640 habens
833 610 871 639 ab
887 609 932 638 eis
947 607 986 637 ad
1002 608 1061 637 hoc

59 668 244 702 mandatum
265 665 444 699 sufficiens,
465 664 680 702 procuratorio
696 663 828 693 nomine
846 662 1060 701 predictorum

61 730 152 761 super
172 717 502 750 excommunicatione
522 717 555 746 in
573 716 699 746 eosdem
722 718 905 754 potestatem
927 718 957 744 et
976 714 1062 752 capi-

60 780 187 806 taneum
205 770 386 802 communis
404 769 536 808 predicti
553 778 587 799 ac
605 768 686 799 alios
703 770 883 807 capitaneos
905 767 1062 797 exercitus

60 826 181 867 pridem
203 833 258 863 per
277 823 397 852 dictum
417 831 589 852 commune
609 826 718 851 contra
734 821 895 851 civitatem
914 819 1017 849 Aretii
1033 823 1063 848 et

61 879 207 911 Aretinos
234 876 384 907 destinati
416 875 604 905 auctoritate
637 874 807 913 apostolica
843 873 1042 912 promulgata
1057 896 1062 908 ‚

60 940 153 973 quam
168 930 268 960 iidem
283 933 419 968 potestas
437 932 466 958 et
482 928 665 966 capitaneus
681 927 856 957 incurrisse
874 930 1061 962 noscuntur,

59 994 114 1026 pro
130 993 165 1015 eo
179 983 262 1023 quod
285 986 350 1012 tam
366 982 427 1021 ipsi
446 990 542 1020 quam
558 981 678 1019 priores
698 981 814 1010 artium
838 983 869 1009 et
890 979 1061 1015 artificum,

60 1037 227 1070 consilium
246 1039 277 1066 et
292 1043 462 1065 commune
478 1034 628 1073 predicti,
646 1033 813 1072 vilipensis
828 1032 1063 1062 monitionibus

60 1091 240 1123 auctoritate
255 1088 395 1127 predicta
411 1088 455 1117 eis
471 1087 572 1124 factis,
591 1087 767 1125 predictum
787 1085 1064 1115 exercituminsra

60 1144 213 1184 prefixum
238 1142 283 1172 eis
310 1141 483 1171 terminum
509 1148 657 1170 revocare
684 1139 914 1169 contumaciter
938 1145 1064 1167 100053-

60 1201 144 1234 runt,
165 1195 286 1235 precise
307 1199 389 1224 stare
408 1193 567 1233 juraverit
589 1193 706 1223 nostris
729 1196 759 1222 et
778 1191 911 1222 ecclesie
931 1199 1064 1221 romane

60 1249 263 1289 beneplacitis
287 1252 317 1278 et
342 1247 513 1284 mandatis,
536 1251 628 1286 prout
651 1247 685 1276 in
702 1245 829 1285 publico
848 1245 1064 1274 instrumento

61 1303 136 1335 inde
151 1302 292 1333 confecto
317 1311 371 1340 per
394 1310 528 1330 manum
548 1299 695 1338 magistri
716 1299 806 1329 Pauli
826 1299 865 1329 de
886 1299 995 1335 Reate,
1013 1306 1065 1327 ca-

61 1366 147 1388 mere
163 1360 270 1386 nostre
288 1354 422 1391 notarii,
441 1354 567 1393 plenius
588 1354 703 1383 dicitur
718 1353 875 1383 contineri
891 1351 973 1391 (1)...
991 1352 1062 1380 Dat.

63 1411 170 1446 Reate,
185 1418 239 1439 xm
255 1408 409 1438 kalendas
427 1407 627 1447 septembris,
645 1406 847 1446 pontificatus
864 1405 965 1435 nostri
979 1412 1065 1435 anno

62 1471 174 1503 pruno.
196 1474 210 1490 ι

132 1647 289 1676 'uos-'2
298 1647 318 1674 Ι
329 1648 383 1676 iz

97 1710 226 1746 Apocha.
243 1709 313 1744 (Fol.
331 1709 364 1736 22
382 1710 435 1742 v0.)

678 1644 766 1676 Rieti,
783 1644 814 1672 21
832 1646 899 1672 aout
916 1645 995 1672 1288.

100 1811 214 1842 Dilectis
242 1811 309 1850 filiis
340 1810 441 1840 Thome
468 1808 582 1849 spiliati
619 1813 644 1838 et
676 1809 749 1848 Lapo
777 1809 919 1849 Huyonis,
948 1810 1068 1839 Iohanni

62 1865 162 1903 Jacobi,
178 1864 296 1904 Royerio
317 1863 433 1904 May[...
456 1864 487 1893 de
510 1863 646 1902 societate]
669 1863 767 1893 Thsome
785 1863 918 1902 predicti,
938 1863 1068 1902 Philippo

63 1922 88 1949 et
109 1918 192 1958 Spine
215 1918 349 1956 lingonis,
371 1917 465 1947 Dricte
486 1917 612 1954 Cambii,
636 1917 753 1948 Johanni
774 1917 941 1956 Benliveyne
959 1917 1019 1957 [...]
1038 1927 1069 1946 ac

63 1972 127 2003 aliis
154 1972 250 2002 vestris
277 1971 367 2007 sociis,
397 1971 501 2000 civibus
528 1971 716 2008 Florentinis,
750 1981 853 2000 camere
880 1976 970 2000 nostre
998 1981 1068 2000 mer-

64 2025 204 2056 catoribus.
231 2037 246 2052 «
272 2025 353 2055 Cum
377 2024 554 2054 venerabili
576 2024 665 2053 fratri
687 2023 809 2062 [005110
832 2025 883 2061 G.,
909 2024 1068 2063 episcopo]

63 2076 245 2114 Sabinensi‚
261 2076 430 2115 apostolice
446 2076 529 2105 sedis
540 2075 644 2113 legato
661 2079 690 2105 et
706 2084 770 2105 una
784 2085 856 2105 cum
873 2076 988 2106 dilecto
1002 2076 1068 2106 filio

64 2129 164 2160 nobili
183 2129 251 2159 viro
272 2129 326 2164 R„
348 2129 462 2158 comite
486 2127 703 2165 Atrebatensi,
728 2128 835 2166 bajulo
851 2129 941 2166 regni
957 2129 1067 2159 Sicilie

63 2191 117 2222 per
135 2190 302 2213 romanam
322 2181 490 2211 ecclesiam
512 2181 693 2218 constituto,
718 2182 887 2220 recipienti
909 2191 965 2220 pro
981 2186 1067 2221 parte

64 2239 94 2266 et
108 2236 238 2266 nomine
254 2235 410 2265 heredum
427 2234 514 2264 clare
528 2235 681 2264 memorie
698 2234 747 2271 G.,
763 2235 847 2273 regis
864 2235 972 2265 Sicilie
987 2259 993 2273 ,
1010 2245 1067 2274 pro

64 2289 241 2319 necessaria
266 2292 297 2318 et
321 2288 509 2318 imminenti
541 2287 729 2318 defensione
759 2288 860 2327 ipsius
889 2289 1000 2327 regni,
1027 2289 1068 2318 ad

65 2341 249 2371 mandatum
271 2345 433 2378 nostrum,
454 2340 493 2370 de
514 2341 652 2379 pecunia
667 2346 771 2370 vestra
789 2342 986 2379 octingentas
1006 2351 1067 2371 uu-

65 2394 129 2425 cias
150 2394 221 2425 auri
250 2394 289 2424 ad
314 2393 439 2433 pondus
468 2395 613 2433 ejusdem
639 2394 742 2432 regni,
770 2395 912 2434 quinque
938 2395 1067 2425 florenis

65 2448 133 2478 auri
149 2455 205 2486 pro
221 2447 316 2477 uncia
331 2447 472 2486 qnalibet
497 2447 700 2486 computatiS,
717 2447 894 2478 liberaliter
912 2448 1068 2478 duxeritis

65 2500 269 2538 mutuandas,
299 2508 372 2536 nos,
400 2500 663 2539 promptitudinis
686 2505 788 2531 vestre
812 2501 916 2531 studia
946 2502 979 2531 in
1009 2501 1069 2531 hac

65 2557 151 2593 parte
170 2553 284 2584 merito
307 2553 569 2583 commendantes
591 2562 627 2583 ac
645 2562 740 2593 super
765 2554 825 2585 hoc
849 2558 950 2584 vestre
971 2560 1001 2585 et
1019 2564 1068 2585 so-

23 2644 26 2647 ,
67 2604 186 2635 cietatis
214 2610 316 2636 vestre
345 2604 632 2644 indempnitatibus
664 2606 873 2645 imposterum
902 2616 1069 2646 precavere

68 2658 206 2689 volentes
217 2682 227 2697 ,
243 2661 441 2698 presentium
456 2659 545 2690 vobis
561 2660 746 2690 auctoritate
762 2661 967 2690 concedimus
983 2665 1017 2690 01
1032 2661 1070 2690 de

69 2713 201 2751 pecunia
235 2713 433 2743 decimarum
468 2712 672 2744 collectarum
707 2723 763 2752 pro
799 2714 939 2744 subsidio
975 2715 1070 2744 Terre

68 2764 181 2796 Sancte
198 2775 295 2805 penes
310 2775 364 2797 vos
381 2774 438 2796 seu
454 2766 578 2806 aliquos
598 2776 634 2796 ex
651 2767 740 2797 vobis
756 2772 786 2797 et
801 2768 981 2798 societatem
998 2777 1070 2798 ves-

71 2822 148 2849 tram
170 2818 308 2858 deposita
332 2818 384 2849 vel
408 2818 489 2849 alias
514 2828 716 2859 quocumque
742 2821 874 2851 nomine
897 2821 1069 2859 assignata,

97 2963 130 2995 (1)
146 2964 217 2996 Voy.
233 2965 373 2990 ei-dessus
390 2966 428 2996 (n·
445 2965 515 2996 7104)
534 2972 588 2989 une
604 2966 683 2990 lettre
697 2967 843 2991 semblable
859 2974 926 2998 pour
940 2967 980 2991 les
996 2966 1072 2991 Sien-

68 3014 140 3033 nois.

211 3067 284 3096 Rae.
304 3066 427 3095 Nicons
447 3067 500 3095 IV.

1142 393 1234 430 regni
1249 391 1368 430 Anglie
1385 391 1507 422 decima
1526 391 1690 421 dumtaxat
1707 394 1845 429 excepta,
1863 399 1918 428 pro
1936 391 2103 420 securitate
2119 396 2149 421 et

1142 445 1264 476 cautela
1279 450 1382 474 vestra
1398 454 1498 484 usque
1511 445 1549 474 ad
1567 444 1738 483 predictam
1756 444 1966 483 quantitatem
1983 444 2147 482 octingen-

1142 502 1246 528 tarum
1263 498 1432 528 unciarum
1448 498 1519 527 auri
1540 506 1557 527 a
1580 497 1685 534 vobis,
1705 502 1739 527 ut
1755 497 1940 536 predicitur,
1957 501 2146 535 mutuatam,

1143 557 1247 582 vestro
1270 556 1300 581 et
1324 551 1482 581 societatis
1508 551 1648 590 predicte
1673 551 1820 588 nomine,
1847 552 1984 580 retinere
2009 550 2095 580 licite
2121 555 2152 580 et

1143 605 1244 635 libere
1259 604 1402 641 valeatis,
1424 604 1523 638 donec
1539 604 1576 633 de
1597 604 1731 634 decimis
1752 604 1911 634 concessis
1928 604 2066 643 predicto
2082 604 2149 642 regi

1144 667 1198 697 per
1216 658 1318 688 felicis
1339 657 1565 688 recordationis
1588 658 1630 686 M.
1652 666 1782 696 papam,
1805 657 2058 696 predecessorem
2075 665 2150 687 nos-

1146 715 1241 748 trum,
1258 711 1308 740 vel
1326 711 1404 740 alias
1417 711 1455 740 de
1471 711 1562 740 bonis
1579 711 1791 749 predictorum
1808 711 1962 740 heredum
1979 711 2067 740 vobis
2085 711 2148 740 fue-

1144 765 1185 793 rit
1204 764 1241 793 de
1263 764 1382 802 prefato
1406 767 1516 793 mutuo
1538 763 1682 802 plenarie
1703 764 1910 793 satissactum.
1935 764 2001 793 Nec
2025 763 2151 802 possitis

1144 817 1276 847 interim
1294 817 1332 846 ad
1353 816 1585 846 restituendum
1598 817 1635 846 de
1649 819 1784 855 pecunia
1797 818 1938 855 ipsarum
1951 817 2150 847 decimarum

1144 870 1227 909 apud
1244 879 1297 900 vos
1318 874 1347 899 et
1363 870 1545 900 societatem
1565 873 1700 899 vestram
1721 870 1881 909 deposita,
1905 876 2046 909 excepta,
2070 871 2152 901 sicut

1145 923 1358 962 premittitur,
1382 922 1506 952 decima
1529 923 1619 960 regni
1643 922 1760 961 Anglie
1780 924 1963 959 memorati,
1987 933 2087 962 usque
2112 923 2151 953 ad

1145 976 1354 1015 quantitatem
1380 975 1483 1005 mutui
1509 975 1683 1013 supradicti
1699 984 1716 1004 a
1732 984 1892 1014 quoquam
1910 977 2080 1014 apostolica
2096 985 2151 1006 seu

1146 1037 1347 1068 quacumque
1370 1028 1432 1057 alia
1452 1028 1639 1057 auctoritate
1665 1028 1813 1066 compelli
1841 1028 1891 1058 vel
1914 1028 2153 1067 quomodolibet

1145 1082 1319 1112 molestari.
1339 1082 1405 1111 Nos
1422 1081 1509 1110 enim
1526 1081 1729 1110 decernimus
1746 1081 1875 1110 irritum
1893 1086 1923 1111 et
1944 1082 2042 1111 inane
2062 1082 2153 1120 quic-

1146 1135 1224 1175 quid
1240 1139 1348 1165 contra
1365 1133 1549 1173 hujusmodi
1566 1134 1779 1164 concessionis
1797 1138 1903 1164 nostre
1920 1138 2061 1164 tenorem
2077 1143 2152 1165 con-

1148 1188 1253 1227 tigerit
1272 1188 1463 1227 attemptari.
1491 1188 1556 1217 Has
1582 1187 1701 1217 litteras
1726 1186 1813 1217 bulla
1832 1191 1938 1217 nostra
1955 1189 2094 1217 munitas
2117 1188 2151 1217 in

1147 1242 1243 1281 hujus
1260 1242 1306 1271 rei
1324 1241 1543 1271 testimonium
1564 1240 1785 1270 0000οἀ00105.
1810 1241 1881 1270 Dat.
1904 1241 2019 1276 Reate,
2038 1251 2079 1270 xn
2097 1241 2152 1270 ka-

1147 1295 1258 1325 lendas
1275 1294 1473 1333 septembris,
1491 1294 1692 1332 pontificatus
1709 1294 1811 1324 nostri
1829 1303 1914 1324 anno
1930 1294 2044 1332 primo.
2065 1304 2079 1323 1>

1190 1361 1202 1375 α
1220 1349 1258 1378 10
1275 1358 1302 1378 0.
1325 1357 1368 1377 m.
1386 1347 1509 1377 dilectis
1528 1347 1604 1376 filiis
1620 1347 1709 1377 Fatio
1725 1351 1754 1376 et
1774 1347 1906 1377 Nicolao
1931 1347 2151 1385 Bonsignoris,

1149 1403 1373 1433 Bonaventure
1394 1401 1605 1438 Bernardini,
1631 1401 1794 1439 Raynerio
1810 1401 1936 1436 Jacobi,
1954 1401 2043 1430 Fatio
2062 1401 2154 1430 Beri-

1148 1456 1276 1494 gnonis,
1291 1455 1396 1484 Bindo
1409 1454 1522 1484 Clariti
1534 1458 1563 1484 et
1577 1454 1749 1484 Cristoforo
1767 1454 1944 1490 Benedicti,
1958 1454 1995 1483 de
2008 1454 2155 1484 societate

1148 1509 1292 1539 filiorum
1310 1508 1519 1546 Bonsignoris
1539 1511 1569 1537 et
1586 1508 1719 1546 predicti
1736 1508 1972 1544 Bonaventure,
1992 1516 2027 1537 ac
2044 1507 2155 1537 ceteris

1149 1563 1263 1592 vestris
1290 1561 1383 1592 sociis
1408 1561 1446 1591 de
1476 1561 1624 1591 societate
1651 1564 1769 1596 vestra,
1798 1560 1922 1590 civibus
1946 1560 2153 1596 Senensibus,

1149 1624 1274 1647 camere
1287 1619 1394 1645 nostre
1405 1614 1646 1644 mercatoribus.
1662 1613 1743 1644 Cum
1755 1613 1931 1643 venerabili
1942 1613 2032 1642 fratri
2049 1617 2156 1643 nostro

1149 1670 1202 1707 G.,
1221 1669 1365 1709 00150000
1382 1668 1563 1706 8311100051,
1581 1672 1653 1704 010,
1671 1671 1706 1698 111
1721 1676 1815 1706 snpra
1831 1676 1886 1706 per
1903 1671 2013 1697 totum.
2031 1666 2103 1696 Dat.
2122 1670 2157 1696 01

1150 1732 1256 1763 supra.
1275 1732 1291 1753 1³

1192 1789 1206 1805 «
1233 1777 1272 1807 In
1295 1786 1322 1806 e.
1348 1785 1393 1806 m.
1418 1775 1541 1805 dilectis
1564 1775 1639 1805 filiis
1669 1775 1788 1805 Uberto
1814 1773 1994 1812 Raynaldi,
2020 1772 2157 1811 Symoni

1150 1832 1241 1868 Rote,
1257 1830 1423 1860 Francetto
1436 1829 1643 1864 Rimbertini‚
1658 1829 1826 1867 Maynecto
1838 1825 1999 1865 Raynaldi
2013 1831 2042 1855 et
2059 1825 2157 1855 Baldo

1151 1884 1313 1923 Maynecti
1330 1882 1536 1918 Rimbertini,
1553 1882 1591 1911 de
1608 1882 1754 1911 societate
1773 1879 1921 1910 Pulicum
1937 1884 1967 1909 et
1980 1878 2155 1908 1110100111-

1150 1946 1278 1973 norum,
1289 1945 1325 1966 ac
1338 1936 1450 1966 ceteris
1463 1935 1574 1964 vestris
1587 1934 1680 1964 sociis
1696 1934 1734 1963 de
1745 1933 1893 1963 societate
1905 1936 2019 1967 vestra,
2033 1931 2158 1960 civibus

1150 1990 1358 2025 Florentinis,
1372 1993 1477 2019 nostre
1491 1996 1615 2018 camere
1631 1986 1870 2016 mercatoribus.
1889 1985 1969 2015 Cum
1982 1982 2158 2013 venerabili

1150 2043 1242 2073 fratri
1269 2047 1377 2073 nostro
1398 2042 1450 2078 G.,
1469 2041 1616 2079 00150000
1644 2038 1827 2074 8311100051,
1854 2041 1925 2074 etc.,
1947 2041 1981 2066 01
2006 2044 2101 2074 50013
2122 2035 2157 2065 in

1150 2100 1253 2138 prima
1270 2107 1325 2137 per
1344 2101 1453 2127 totum.
1475 2096 1545 2125 Dat.
1565 2100 1598 2124 ut
1614 2103 1720 2133 supra.
1742 2106 1756 2120 n

1192 2164 1206 2179 α
1234 2152 1274 2181 In
1297 2161 1324 2181 e.
1355 2159 1399 2179 m.
1426 2149 1549 2179 dilectis
1573 2148 1649 2177 filiis
1679 2146 1779 2176 Labro
1802 2145 1960 2184 Vulpelli,
1985 2143 2158 2182 Paganello

1150 2203 1321 2239 Gualandi,
1340 2201 1523 2240 Paganucio
1539 2199 1757 2234 Guiditionis,
1774 2198 1918 2228 Johanni
1935 2196 2114 2235 Symonetti
2130 2199 2160 2225 et

1150 2258 1269 2296 Adjuto
1285 2254 1498 2294 Rostimpelli,
1516 2254 1554 2283 de
1570 2253 1718 2283 societate
1734 2252 1977 2288 Riccardorum,
1996 2259 2032 2280 ac
2048 2249 2161 2280 ceteris

1150 2310 1267 2341 vestris
1306 2309 1399 2339 sociis
1428 2308 1467 2338 de
1499 2307 1645 2337 societate
1685 2309 1806 2343 vestra,
1841 2304 1964 2334 civibus
2002 2303 2160 2339 Lucanis,

1151 2372 1277 2394 camere
1293 2365 1398 2392 nostre
1412 2360 1650 2391 mercatoribus.
1667 2359 1749 2389 Cnm
1762 2357 1936 2388 venerabili
1950 2357 2039 2386 fratri
2054 2359 2160 2386 nostro

1150 2417 1202 2453 G.,
1218 2416 1364 2454 episcopo
1378 2413 1562 2450 Sabinensi,
1578 2416 1649 2449 etc.,
1664 2415 1697 2442 ut
1709 2419 1803 2450 supra
1815 2411 1849 2439 10
1862 2410 1965 2448 011013
1979 2418 2034 2448 per
2046 2412 2157 2439 totum.

1153 2470 1222 2499 Dat.
1242 2473 1275 2498 ut
1291 2476 1397 2507 supra.
1416 2479 1430 2494 n

1194 2535 1207 2549 α
1226 2523 1264 2552 10
1284 2531 1311 2552 0.
1329 2530 1372 2551 m.
1391 2520 1515 2550 dilectis
1537 2518 1612 2548 filiis
1633 2518 1818 2548 Clarentino
1841 2520 1870 2546 et
1893 2516 2070 2546 Lanfranco
2090 2515 2161 2544 An-

1152 2576 1257 2611 selmi,
1276 2574 1405 2604 Fortino
1422 2576 1451 2603 et
1477 2572 1575 2602 Baldo
1592 2571 1764 2610 Baynerii,
1788 2568 1996 2607 Merguliesio
2019 2566 2159 2603 Bracliii,

1153 2628 1298 2659 Conrado
1320 2626 1411 2662 Gaii,
1429 2625 1584 2656 Anselmo
1601 2623 1776 2660 Meliorati,
1795 2622 1834 2652 de
1852 2622 2000 2651 societate
2018 2620 2160 2649 filiorum

1153 2681 1351 2717 Clarenti,ac
1367 2679 1438 2709 aliis
1455 2679 1567 2708 vestris
1584 2677 1680 2707 sociis
1695 2676 1734 2706 de
1751 2675 1899 2705 societate
1912 2677 2026 2708 vestra,
2039 2672 2161 2702 civibus

1154 2733 1422 2769 Pistoriensibus,
1441 2740 1566 2762 camere
1583 2733 1689 2760 nostre
1705 2728 1946 2759 mercatoribus.
1966 2726 2048 2756 Cum
2063 2732 2161 2754 vene-

1154 2788 1250 2818 rabili
1274 2787 1362 2817 t'ratri
1379 2789 1484 2816 nostro
1501 2785 1553 2821 G.,
1573 2784 1717 2823 episcopo
1733 2780 1916 2817 sabinensi,
1932 2783 2003 2816 etc.,
2022 2781 2163 2815 utsupra

1155 2844 1189 2873 in
1205 2842 1323 2881 prima⁷
1351 2847 1452 2878 usque
1473 2841 1507 2868 ut
1531 2837 1570 2867 de
1592 2836 1727 2876 pecunia
1746 2835 1943 2865 decimarum
1959 2831 2162 2862 collectarum

1156 2905 1211 2926 sen
1226 2895 1321 2925 etiam
1335 2891 1588 2930 colligendarum
1604 2899 1660 2929 pro
1675 2888 1816 2919 subsidio
1829 2888 1925 2917 Terre
1941 2886 2054 2915 Sancte
2066 2891 2163 2922 penes

1156 2957 1210 2979 vos
1227 2957 1282 2978 seu
1300 2947 1426 2985 aliquos
1437 2954 1473 2975 ex
1490 2944 1577 2974 vobis
1593 2946 1622 2973 et
1635 2942 1816 2973 societatem
1832 2942 1969 2970 vestram
1981 2936 2121 2975 deposita
2134 2938 2164 2964 et

1158 3000 1357 3041 deponenda,
1378 2998 1429 3030 vel
1447 2998 1526 3028 alias
1544 3004 1745 3036 quocumque
1767 2993 1900 3024 nomine
1924 2990 2085 3028 assignata
2107 2996 2161 3018 seu

1974 3057 2019 3083 121
