2393 3496
227 396 253 425 C·
267 396 348 430 ‹ez-ie,
362 393 588 428 Licliesecnensis
603 390 735 418 diocesis.
753 386 833 415 Cum
851 392 897 415 eo.
908 381 1163 413 consideratione
1179 379 1225 414 E„

226 447 309 485 regis
328 446 480 483 Angliae,
498 445 657 480 dispensat
680 446 711 469 ut
736 438 882 467 ecclesias
898 436 936 465 de
962 433 1126 464 Bleccliele
1143 436 1171 461 et
1189 431 1228 460 de

226 501 351 530 Denton
365 522 371 534 ‚
392 495 624 528 lincolniensis
647 498 675 522 et
696 490 915 522 Nol-wicensis
930 487 1123 518 dioecesium
1137 510 1143 522 ,
1164 493 1227 514 uua

226 562 297 583 cuin
319 553 472 581 decanatu
489 554 518 577 et
535 545 712 586 pi·a.›b··11da
732 545 764 573 in
783 542 954 572 Assavensi
980 539 1130 574 ecclesia,
1147 546 1227 575 quae

226 606 296 635 sine
310 603 476 642 apostolica
493 598 727 638 disponsatione
743 596 896 631 obtinuit,
914 595 946 624 in
967 599 1125 632 posterum
1142 591 1227 620 licite

226 657 383 696 possidere
404 654 521 688 valeam
543 650 714 680 dnmmodo
734 658 906 686 congruam
924 652 1043 686 partem
1065 646 1226 674 fructuum

225 720 258 740 ex
286 708 448 747 praedictis
471 705 631 735 beneficiis
653 704 720 742 jani
744 706 962 741 perceptorum
983 700 1016 729 in
1040 698 1225 729 eorumdem

226 762 392 792 utilitatem
410 762 579 788 convertat.

265 828 277 840 ,⁴
299 811 478 843 Laudabilis
494 810 745 841 conversationis
763 813 830 838 et...
850 824 887 829 -
907 808 975 836 Dat.
996 807 1118 841 Rome,
1142 803 1225 842 apud

224 869 370 898 Sanctam
388 866 522 895 Mariam
541 865 693 902 Majorein
706 887 714 901 ‚
732 872 761 892 vt
782 862 933 892 kalendas
951 859 1118 893 februarii,
1140 866 1226 887 anno

222 926 342 961 quarto.
363 933 376 947 ι»

294 1092 409 1120 6589
703 1089 831 1118 Orvieto,
847 1086 881 1113 ‘2‘2
898 1085 1060 1120 septembre
1079 1084 1153 1111 1‘291.

259 1153 442 1187 Dispensatio
460 1151 642 1178 matrimonii.
661 1149 744 1182 (Rae.
763 1148 811 1178 46,
829 1156 854 1174 c.
872 1148 933 1176 735,
951 1147 970 1173 s.
991 1147 1037 1172 147
1057 1146 1107 1180 ι·0,)

269 1255 437 1284 Venerabili
458 1255 551 1289 fratri
575 1276 594 1283 ..
615 1253 747 1289 episcopo
769 1250 984 1285 Lichefeldensi
1005 1247 1175 1278 committit
1194 1251 1228 1276 nt

222 1317 293 1338 curn
318 1307 452 1336 Roberto
469 1306 507 1335 de
524 1305 665 1343 Criraipe
682 1308 711 1333 et
728 1302 882 1333 Mathilde
901 1302 983 1331 dicta
999 1300 1227 1339 Goidekenape

221 1361 383 1399 dispenset
401 1364 434 1388 nt
454 1359 484 1388 in
506 1357 711 1387 matrimonio
733 1356 816 1395 quod
838 1355 931 1391 olim,
958 1354 1226 1393 impedimentum

222 1422 290 1443 esse
306 1414 500 1449 ignorantes,
518 1414 745 1441 contraxerunt
760 1414 789 1439 et
805 1410 837 1438 in
855 1417 917 1448 quo
934 1408 1039 1447 plures
1055 1407 1139 1437 filios
1158 1415 1227 1445 pro-

222 1471 370 1497 crearunt
387 1474 551 1495 remanere
568 1464 705 1499 valeant,
724 1472 787 1493 nou
807 1463 950 1492 obstante
968 1466 1081 1500 quarto
1095 1470 1226 1491 consan-

221 1519 390 1557 guinitatis
407 1518 505 1554 gradu
522 1526 584 1555 quo
601 1517 762 1555 conjuncti
780 1520 865 1546 sunt.

262 1584 275 1598 κ
305 1571 452 1601 Exliibita
472 1571 561 1600 uobis
586 1570 731 1600 dilecti...
754 1585 793 1592 —
818 1569 887 1598 Dat.
910 1568 992 1606 apud
1015 1568 1225 1598 Urbemvete-

222 1635 304 1661 rem,
325 1635 341 1654 x
360 1624 513 1654 kalendas
528 1623 684 1660 octobris,
704 1631 789 1652 anno
808 1626 931 1661 quarto.
952 1634 964 1647 1>

292 1797 412 1825 6590
527 1794 886 1828 Satnte-Marie-Majeure,
904 1794 935 1820 17
947 1794 1061 1827 janvier
1078 1793 1154 1820 1‘29‘2.

256 1859 388 1885 Facultas
404 1858 569 1884 absolvendi
589 1866 604 1883 a
620 1857 767 1883 canonicis
782 1857 944 1883 sententiis.
962 1855 1045 1889 (Rae.
1062 1856 1105 1890 46,
1123 1864 1148 1883 c.
1164 1856 1225 1887 736,

220 1909 238 1935 f.
258 1909 305 1935 147
324 1915 364 1940 τος
385 1907 500 1941 ΡΟΤΤΗ.7
518 1907 627 1936 93897.)

260 2011 383 2045 Uenuli,
401 2010 623 2046 archiepiscopo
640 2009 761 2045 Reqino,
777 2008 1025 2037 administratori
1040 2010 1227 2046 episcopatus

218 2064 353 2100 Alisani,
374 2061 554 2092 facultatem
571 2061 716 2091 concedit
733 2060 919 2091 absolvendi
937 2060 1069 2091 clericos
1084 2067 1113 2091 et
1128 2061 1226 2091 laicos

217 2117 317 2155 ipsius
339 2116 490 2145 dioecesis
506 2115 546 2144 ab
562 2115 901 2144 excommunicationis
921 2119 951 2144 et
970 2114 1130 2145 interdicti
1150 2125 1225 2146 sen—

218 2170 324 2199 tentiis
349 2178 427 2207 qnas
447 2168 486 2198 ob
502 2168 658 2197 auxilium
682 2168 775 2197 Petro
799 2167 837 2197 de
861 2167 1025 2205 Aragonia
1040 2168 1226 2206 impensum

218 2223 443 2257 incurrerunt,
462 2221 734 2260 dispensandique
753 2230 825 2251 cum
847 2221 973 2251 clericis
994 2222 1048 2260 qui
1073 2222 1118 2251 sic
1137 2221 1226 2260 ligati

217 2285 249 2305 se
265 2276 385 2305 divinis
400 2275 512 2305 officiis
529 2275 773 2304 immiscuerint.

263 2342 275 2355 u
303 2329 348 2358 De
378 2333 428 2358 tue
453 2327 787 2366 circumspectionis...
819 2344 856 2349 —
886 2328 956 2358 Dat.
989 2328 1089 2357 Rome
1105 2351 1111 2363 ‚
1141 2328 1224 2366 apud

217 2383 365 2413 Sanctam
382 2382 515 2411 Mariam
531 2382 695 2421 Majorem,
710 2391 761 2411 xw
781 2380 933 2411 kalendas
949 2381 1120 2419 februarii,
1138 2391 1225 2412 anno

217 2442 339 2475 quarto.
359 2448 371 2461 n

286 2607 397 2635 6591

250 2669 375 2695 Licentia
392 2669 523 2695 testandil
541 2669 624 2701 (Iino.
640 2668 683 2703 46,
699 2676 724 2695 e.
742 2668 803 2702 737,
821 2669 840 2696 f.
858 2669 906 2695 147
923 2670 971 2702 1¹⁰.)

522 2606 880 2640 Sainte-Marie-Majeure,
898 2608 929 2634 13
942 2608 1055 2642 janvier
1072 2607 1150 2636 1292.

253 2772 396 2807 Maqistro
419 2772 591 2801 Rannccino
612 2772 646 2800 cle
669 2772 784 2807 Murro,
808 2772 1023 2802 archidiacono
1052 2773 1222 2803 Vervecensi·

214 2826 246 2854 in
264 2826 383 2854 ecclesia
402 2825 557 2860 Burssensi,
575 2825 729 2861 capellano
743 2829 845 2853 nostro
861 2829 885 2853 et
907 2826 1082 2854 litterarum
1099 2830 1222 2855 nostra-

212 2887 281 2907 rum
299 2879 556 2907 contradictarum
571 2879 719 2906 auditori.

253 2944 266 2956 «
289 2931 369 2967 Quia
387 2931 542 2969 presentis
564 2931 665 2960 vite...
684 2947 713 2952 —
743 2930 814 2960 Dat.
838 2930 954 2968 Rome⁷
972 2931 1054 2970 apud
1071 2932 1220 2963 Sanctam

212 2985 346 3014 Mariam
367 2985 538 3023 Maj0rem‚
558 2983 664 3013 idibus
679 2983 840 3022 januarii,
857 2992 944 3014 anno
962 2989 1084 3024 quarto.
1105 2997 1119 3012 »

969 312 1204 346 REGISTRES
1226 312 1280 341 DE
1303 309 1486 340 NICOLAS
1509 309 1565 338 IV.

1381 375 1497 403 6532
1639 370 1998 404 Sainte-Marie-Majeuro,
2015 370 2030 396 5
2047 369 2149 395 fevi-ier
2166 368 2242 396 1292.

1347 437 1530 472 Dispensatio
1547 444 1635 470 super
1651 435 1810 470 pluralitate
1827 432 2041 459 beneficiorum.
2060 431 2142 464 (Rea.
2160 430 2204 464 46,
2216 439 2241 458 c.
2253 431 2312 464 738,

1309 486 1328 513 s.
1348 486 1394 512 147
1413 487 1463 518 v0.)

1357 587 1523 617 Venerabili
1537 585 1629 622 fratri
1644 607 1664 614 ..
1682 585 1813 623 episcopo
1830 583 2026 612 Norwicensi.
2044 581 2124 611 Cum
2141 589 2176 611 eo
2191 581 2315 620 dispen-

1309 644 1356 669 sat
1384 644 1416 668 ut
1442 638 1590 669 ecclesias
1616 638 1653 667 de
1678 636 1849 674 Elingham
1875 643 1971 674 parva
1997 638 2027 663 et
2050 634 2087 663 de
2112 634 2311 674 Telvetliam,

1309 692 1527 722 Norwicensis
1543 691 1708 725 dioecesis,
1723 699 1801 728 quas
1817 690 1887 718 sine
1902 687 2071 727 apostolica
2082 687 2314 726 dispensatione

1309 746 1442 775 insimul
1459 745 1608 781 detinuit,
1626 744 1711 773 licite
1731 743 1890 781 possidere
1908 742 2029 778 valeat,
2048 741 2220 771 dummodo
2237 750 2312 771 con-

1309 808 1419 837 gruam
1438 803 1556 837 partem
1573 799 1733 827 fructuum
1745 805 1780 825 ex
1794 797 1839 825 eis
1856 799 2074 834 perceptorum
2087 794 2118 823 in
2136 794 2314 826 evidentem

1309 861 1417 881 earum
1438 851 1603 881 utilitatem
1621 854 1792 880 convertat.

1351 917 1363 932 υ
1386 905 1478 933 Lecta
1498 913 1603 933 coram
1628 903 1756 933 nobis...
1774 919 1811 923 —
1828 902 1899 931 Dat.
1925 902 2040 935 Rome,
2062 900 2145 939 apud
2167 900 2315 932 Sanctam

1311 958 1445 988 Mariani
1465 958 1635 995 Majorem‚
1654 956 1749 986 nonis
1766 955 1933 991 februarii,
1952 963 2038 984 anno
2054 958 2176 993 quarto.
2196 966 2208 981 υ

1381 1143 1501 1172 6593
1796 1141 1923 1174 Orvieto‚
1943 1141 1974 1168 13
1990 1141 2152 1175 septembre
2170 1140 2248 1168 1291.

1348 1206 1531 1240 Dispensatio
1543 1213 1631 1238 super
1644 1204 1756 1231 defectu
1771 1203 1891 1230 ordinis.
1905 1203 1989 1237 (Rae.
2001 1203 2043 1233 46,
2057 1211 2082 1230 e.
2095 1203 2156 1234 739,
2169 1203 2188 1230 f.
2204 1203 2253 1230 147
2266 1205 2317 1237 νο.)

1356 1309 1522 1338 Venerabili
1544 1309 1641 1345 fratri
1661 1329 1681 1337 ..
1699 1306 1919 1343 archiepiscopo
1936 1307 2115 1335 Eboracensi
2134 1305 2265 1335 mandat
2285 1310 2318 1336 ut

1309 1370 1383 1391 curn
1401 1362 1494 1390 Petro
1508 1360 1547 1390 de
1563 1360 1703 1394 Cesti-ia,
1726 1359 1935 1395 subdiacono,
1953 1358 2068 1388 clerico
2085 1359 2135 1395 E„
2153 1359 2235 1396 regis
2251 1360 2318 1388 An-
2347 1364 2350 1366 ’

1309 1415 1402 1453 gnae,
1419 1414 1661 1452 consanguineo
1679 1413 1793 1443 nobilis
1810 1413 1871 1442 viri
1890 1436 1910 1442 ..
1928 1413 2054 1442 comitis
2071 1413 2315 1452 Lincolniensis,

1309 1469 1360 1499 cui
1380 1468 1457 1498 olim
1483 1468 1584 1497 bonae
1608 1467 1782 1497 memoriae
1801 1466 1917 1503 Fulco,
1939 1466 2175 1496 Londoniensis
2196 1467 2317 1505 episco-

1310 1532 1378 1561 pus,
1398 1521 1580 1551 Innocentii
1597 1521 1681 1550 1111ss
1699 1521 1840 1553 nomine,
1860 1520 1995 1549 indulsit
2013 1525 2058 1557 ut,
2077 1525 2199 1559 praeter
2216 1520 2316 1550 eccle-

1310 1577 1389 1606 siam
1406 1576 1445 1605 de
1463 1575 1623 1613 Walleye,
1637 1574 1887 1605 Conventrensis
1903 1574 2068 1610 dioecesis,
2085 1574 2149 1603 alia
2164 1574 2320 1605 beneficia

1310 1622 1523 1660 ecclesiastica
1546 1637 1647 1666 usque
1663 1628 1702 1657 ad
1723 1636 1866 1657 annuam
1888 1636 2049 1656 summam
2070 1631 2200 1657 centum
2222 1627 2318 1658 libra-

1310 1692 1383 1712 rum
1408 1682 1635 1719 sterlingorum
1665 1681 1804 1720 recipere
1828 1685 1951 1719 posset,
1977 1681 2140 1719 dispenset
2165 1689 2260 1720 super
2283 1689 2319 1712 eo

1310 1736 1405 1775 quod,
1425 1740 1546 1774 praeter
1559 1735 1724 1765 ecclesiam
1742 1735 1780 1764 de
1798 1734 1960 1773 Walteye,
1977 1734 2125 1764 ecclesias
2140 1734 2320 1773 parrochia-

1310 1789 1355 1819 les
1374 1790 1412 1819 de
1434 1789 1598 1827 Bubieby,
1616 1788 1654 1818 de
1673 1788 1825 1827 Esyngon
1844 1793 1874 1817 et
1895 1788 1933 1817 de
1956 1787 2142 1824 Sleteburn‚
2162 1789 2318 1827 praeposi-

1311 1847 1414 1873 turam
1434 1842 1584 1872 ecclesiae
1602 1841 1844 1872 Beverlacensis
1860 1846 1890 1872 et
1905 1841 2070 1872 ecclesiam
2087 1842 2126 1871 de
2142 1842 2317 1882 Arkeseye,

1311 1897 1521 1926 Eboracensis
1542 1896 1705 1930 dioecesis,
1733 1895 1886 1931 detinuit,
1906 1904 1964 1925 nec
1988 1905 2021 1925 se
2043 1897 2076 1924 in
2097 1895 2319 1935 presbyterum

1310 1950 1489 1989 promoveri
1514 1950 1605 1986 fecit;
1624 1950 1717 1988 eique
1738 1948 1904 1987 indulgeat
1925 1953 1958 1979 ut
1978 1949 2089 1978 eadem
2107 1949 2263 1979 beneficia
2277 1948 2319 1979 li-

1309 2005 1370 2033 cite
1388 2004 1546 2042 possidere
1570 2003 1684 2042 possit,
1707 2002 1881 2032 dummodo
1902 2011 2077 2040 congruam
2097 2006 2216 2041 partem
2232 2002 2318 2033 fruc-

1312 2062 1401 2087 tuum
1432 2066 1467 2086 ex
1502 2057 1548 2086 eis
1579 2057 1645 2095 jam
1679 2060 1899 2095 perceptorum
1930 2056 1963 2085 in
1997 2056 2177 2086 evidentem
2209 2064 2319 2086 eorum

1310 2111 1478 2141 utilitatem
1501 2115 1664 2140 convertat
1685 2115 1713 2140 et
1736 2119 1769 2140 se
1791 2110 1824 2139 in
1842 2110 2065 2148 presbyterum
2088 2109 2173 2139 infra
2196 2113 2319 2148 tempus

1309 2169 1461 2194 statutum
1480 2163 1659 2202 promoveri
1675 2163 1779 2193 faciat.

1351 2231 1364 2245 (ι
1388 2219 1537 2256 Exposuit
1561 2218 1651 2247 nobis
1674 2218 1826 2247 Petrus...
1843 2233 1882 2240 —
1905 2217 1975 2246 Dat.
1998 2216 2082 2256 apud
2109 2216 2317 2247 Urbemvete-

1309 2281 1387 2309 rem,
1404 2272 1510 2301 idibus
1530 2271 1733 2310 septembris,
1751 2279 1836 2301 anno
1852 2275 1975 2310 quarto.
1994 2282 2009 2297 »

1358 2451 1614 2479 6594-8593
1654 2450 2006 2485 Sainte-Ma1·ie-Majeure‚
2026 2451 2057 2477 15
2072 2451 2176 2477 sevrier
2193 2451 2269 2478 1292.

1342 2513 1551 2547 indulgentiae.
1572 2513 1652 2546 (nm.
1672 2514 1716 2547 46,
1733 2521 1758 2540 c.
1776 2514 1837 2547 740,
1857 2514 1875 2541 f.
1895 2513 1943 2540 147
1961 2514 2012 2546 vo.)

1348 2618 1503 2646 Universis
1520 2618 1633 2646 Christi
1652 2617 1792 2654 fidelibus
1812 2621 1961 2654 presentes
1983 2617 2101 2645 litteras
2119 2616 2313 2653 inspecturis.

1306 2670 1545 2707 Indulgentiam
1565 2670 1659 2699 unius
1676 2670 1754 2700 anni
1770 2673 1799 2700 et
1814 2679 1851 2699 xc
1873 2669 1997 2698 dierum
2017 2668 2163 2699 concedit
2181 2668 2314 2698 visitan-

1306 2723 1389 2753 tibus
1406 2723 1571 2753 ecclesiain
1592 2724 1698 2753 Sancti
1716 2724 1803 2753 Petri
1819 2723 1857 2753 de
1875 2723 2111 2762 Hamptonette,
2132 2721 2314 2752 Cicestren-

1305 2777 1347 2805 sis
1362 2776 1526 2812 dioecesis„
1545 2777 1576 2806 in
1595 2776 1819 2806 festivitatibus
1839 2776 1871 2806 S.
1898 2775 1985 2805 Petri
2005 2774 2156 2814 apostoli,
2177 2783 2230 2814 per
2245 2779 2314 2804 octo
2351 2763 2355 2767 ’

1303 2830 1371 2860 dies
1387 2835 1556 2869 sequentes
1576 2835 1606 2859 et
1628 2831 1661 2859 in
1683 2830 1902 2860 anniversario
1923 2829 1975 2859 die
1997 2828 2207 2859 dedicationis
2230 2828 2313 2866 ejus-

1303 2883 1375 2913 dem
1397 2883 1560 2913 ecclesiae.

1346 2949 1358 2963 a
1380 2936 1451 2965 Vite
1466 2937 1616 2978 perennis
1632 2937 1770 2975 gloria...
1788 2954 1826 2959 —
1845 2937 1912 2966 Dat.
1936 2936 2047 2972 Rome,
2063 2935 2146 2974 apud
2163 2934 2312 2964 Sanctam

1304 2989 1439 3019 Mariani
1459 2991 1623 3029 MaJ'orem,
1641 2999 1680 3020 xv
1698 2990 1852 3020 kalendas
1868 2989 1990 3027 martii,
2009 2996 2094 3019 anno
2113 2991 2236 3028 quarto.
2256 2998 2269 3013 ιι
