2393 3496
655 342 792 372 TABLE
814 332 1148 375 ALPHABETIQUE
1172 339 1251 369 DES
1274 339 1391 369 NOMS
1415 338 1620 369 PROPRES.
2113 342 2185 370 1227

90 406 307 438 Monterolani
330 406 510 445 (Johannes
536 407 574 437 de
600 408 688 447 Baya
715 408 818 438 dictus
841 407 905 447 de),
925 406 1098 437 Cathalau-

132 460 243 490 nensis
261 460 293 488 d.
311 459 399 488 4512.

92 511 342 544 Monterotundo
369 511 555 550 (Antelmus
578 512 669 542 Abili
690 513 754 551 de),
780 518 883 544 rector
907 522 952 543 ec.
981 513 1020 542 de
1047 513 1101 542 Est

133 567 279 604 Mensey,
296 565 532 595 Londoniensis
551 566 581 595 d.
600 566 688 596 6536.

93 618 302 650 Monterubeo
318 617 428 656 (Hugo
446 617 499 656 de)
514 617 603 647 4683.

33 684 43 690 -
94 673 204 703 Monte
230 670 381 700 Rubiano
407 671 561 709 (castrum
584 671 651 708 de),
682 672 850 702 Firmanae
878 673 909 702 d.
938 672 1035 710 3554;
1062 688 1101 694 —

133 724 260 764 (domus
287 722 518 752 heremitarum
544 723 595 761 de)
619 723 715 761 4600;
740 741 779 746 -
801 727 857 762 (ec.
884 725 921 754 fr.
947 726 1026 754 min.
1050 725 1102 764 de)

135 777 224 807 6083.

29 845 34 851 ·
94 830 214 861 Montis
235 828 377 868 Salayoli
393 828 495 868 (mon.
519 829 552 859 S.
576 830 715 860 Rufinae
734 831 772 861 de
795 831 893 870 villa),
914 832 1101 870 Eugnbinae

133 883 165 912 d.
183 881 272 913 6395.

94 937 204 967 Monte
220 936 336 966 Sancto
350 935 452 974 (mon.
474 935 506 965 S.
523 936 643 966 Mariae
658 936 722 976 de),
741 937 915 968 Esculanae
934 938 965 968 d.
983 938 1050 968 804.

27 1005 36 1020 a
94 989 203 1019 Monte
218 988 334 1018 Sancto
350 988 476 1027 (domus
494 988 531 1019 fr.
551 988 782 1019 heremitarum
801 990 863 1029 de),
887 991 1053 1021 Firmanae
1070 991 1100 1020 (1.

134 1041 229 1078 6335;
250 1059 289 1063 -
312 1041 413 1080 (111011.
439 1040 490 1080 (19)
513 1041 609 1078 6882;
633 1059 671 1064 -
694 1042 798 1080 (plebs
818 1043 850 1073 S.
876 1043 1029 1082 Stephani
1050 1044 1102 1083 de)

134 1095 223 1125 5214.

94 1148 312 1179 Monteselice.
331 1148 378 1178 Cf.
398 1148 609 1178 Montesiliee.

33 1222 39 1228 .
94 1202 328 1231 Monteserrato
342 1201 443 1240 (prior
458 1201 511 1240 de)
527 1201 615 1231 2384.

96 1254 296 1285 Montesilice
316 1253 378 1294 (ec.
401 1255 437 1284 Β.
454 1255 603 1284 Justinae
623 1255 689 1293 de),
709 1255 880 1285 Paduanae
900 1256 930 1285 d.
955 1256 1105 1293 6621;-

136 1307 195 1347 (ec.
214 1308 251 1338 Β.
270 1307 404 1337 Martini
420 1308 551 1347 Maj0ris
569 1307 621 1346 de)
637 1307 725 1338 3411.

98 1361 206 1391 Monte
226 1361 412 1391 Simernich
435 1361 539 1399 (hosp.
564 1361 597 1391 S.
624 1361 746 1391 Mariae
766 1361 826 1400 in),
844 1362 1104 1400 Salzeburgensis

136 1414 168 1443 d.
186 1413 275 1444 5988.

99 1467 208 1497 Monte
225 1467 339 1497 Siracti
355 1467 456 1506 (mon.
476 1467 532 1497 SS.
553 1468 703 1498 Andreae
723 1472 753 1498 et
768 1468 913 1498 Silvestri
928 1469 976 1506 de)
994 1469 1027 1498 iu
1045 1469 1103 1498 ssu-

137 1520 240 1557 mine,
255 1520 401 1550 Civitatis
417 1520 615 1550 Castellanae
630 1521 660 1549 d.
679 1520 787 1558 34-36;
804 1538 841 1542 —
861 1522 918 1561 (ec.
938 1522 969 1552 S.
989 1523 1104 1553 Silves-

138 1574 180 1604 tri
196 1574 249 1612 de)
263 1573 357 1611 62:343
375 1590 414 1596 —
429 1574 529 1612 (mon.
549 1574 581 1604 S.
598 1574 744 1604 Silvestri
759 1574 808 1613 11])
824 1576 911 1605 7650.

98 1627 316 1658 Montestafilii
331 1627 391 1666 (ec.
412 1627 444 1657 S.
465 1628 585 1657 Mariae
600 1628 651 1666 de)
669 1627 755 1657 6094.

98 1680 208 1711 Monte
237 1680 373 1710 Subasio
403 1681 504 1719 (mon.
533 1680 565 1711 S.
596 1681 763 1711 Benedicti
789 1682 850 1720 de),
878 1682 1050 1713 Asisinatis
1071 1683 1102 1713 d.

137 1734 226 1764 4585.
281 1761 286 1766 .

99 1788 208 1818 Monte
225 1787 368 1826 Syr-acto.
388 1787 436 1817 Cf.
458 1788 566 1817 Monte
583 1787 709 1818 Siracti.

99 1840 318 1871 Montetollelo
334 1841 462 1880 (Petrus
478 1841 546 1879 de),
564 1842 707 1871 notarius
727 1842 892 1880 Hugonis,
912 1841 945 1871 S.
968 1842 1105 1872 Sabinae

138 1893 320 1933 presbyteri
335 1893 509 1923 cardinalis
530 1894 616 1923 1406.

99 1946 318 1986 Montistopoli
336 1945 442 1976 locum
464 1946 529 1977 136.

100 1999 219 2030 Montis
238 1999 328 2030 Ulmi
343 2004 494 2037 castrum,
512 2000 683 2030 Firmanae
699 2000 728 2029 (1.
750 2001 837 2037 4484,
858 2001 944 2031 7571.

99 2046 217 2083 Montis
236 2053 383 2091 Virginis
401 2061 503 2090 mon.,
521 2053 743 2083 Avelliuensis
760 2054 789 2083 d.
809 2054 896 2083 6285.

98 2105 334 2135 Montisviridis
350 2111 501 2143 castrum,
522 2106 692 2136 Firmanae
708 2106 738 2136 (1.
758 2107 844 2136 2588.

97 2158 333 2188 Montisviridis
349 2159 515 2197 episcopus
531 2159 619 2189 6174.

99 2211 305 2250 Montegnole
322 2211 532 2251 (Carnarolus
548 2213 685 2242 Antonii
700 2213 748 2249 de)
769 2212 854 2242 1986.

98 2264 279 2295 Montereul
294 2265 392 2303 (Aelis
406 2265 470 2304 de),
485 2265 637 2295 monialis
651 2274 737 2296 mon.
756 2266 788 2296 S.
802 2266 963 2296 «Iohannis
982 2267 1105 2296 Eduen-

136 2319 180 2348 sis
197 2319 284 2348 1117.

97 2371 278 2401 Montereul
298 2371 470 2410 (Katerina
498 2372 560 2410 de),
590 2371 742 2401 monialis
767 2381 854 2402 mon.
882 2371 914 2402 S.
943 2372 1105 2402 Joliannis

136 2423 296 2454 Eduensis
316 2424 402 2453 1117,

98 2476 288 2507 Montereul.
306 2476 353 2506 Cf.
372 2477 577 2508 Mousterolo.

98 2529 256 2560 Monteria
271 2530 330 2570 (ec.
348 2529 380 2561 S.
400 2531 532 2561 Martini
550 2531 614 2570 de),
634 2531 852 2569 Lingonensis
868 2531 899 2560 (1.
920 2531 1007 2560 5050.

99 2583 260 2613 Montibus
274 2583 454 2622 (Johannes
470 2584 540 2623 de),
558 2589 660 2614 rector
676 2593 720 2614 ec.
739 2584 771 2614 S.
792 2584 938 2614 Gildardi
953 2583 992 2613 de
1010 2583 1102 2613 Beri-

138 2644 255 2674 gneyo,
274 2636 459 2675 Bajocensis
477 2637 508 2666 d.
527 2637 614 2666 5065.

100 2688 261 2718 Montibus
289 2688 481 2728 (Lodovicus
510 2689 573 2728 de),
607 2690 757 2720 dominus
787 2690 921 2719 civitatis
955 2689 1103 2719 Putheoli

139 2740 227 2771 6446.

99 2794 261 2825 Montibus
276 2795 468 2834 (Margareta
482 2796 543 2835 de),
560 2796 718 2826 abbatissa
735 2804 819 2826 mon.
843 2795 1001 2831 Farensis,
1020 2794 1102 2824 1191-

137 2847 245 2878 densis
261 2848 292 2878 d.
315 2848 401 2879 1633.

99 2900 263 2931 Montibus
279 2901 381 2940 (mon.
399 2901 462 2940 de),
479 2902 720 2932 Cameracensis
736 2902 766 2932 (1.
785 2902 873 2931 5462.

98 2953 263 2984 Montibus
283 2954 460 2993 (presbyter
477 2954 651 2984 cardinalis
670 2954 702 2984 S.
720 2955 852 2984 Martini
869 2953 928 2992 in).
946 2953 993 2983 Cf.
1012 2953 1101 2982 Mar-

142 3007 214 3036 tini.

1183 405 1345 435 Montibus
1363 405 1422 445 (ec.
1441 406 1472 436 S.
1492 406 1578 435 Petri
1593 405 1656 445 (19),
1676 406 1839 436 Uticensis
1853 406 1884 435 d.
1903 406 1992 437 5042.

1183 459 1377 488 Monticellis
1393 458 1611 498 (Bulgarellus
1626 459 1675 497 de)
1695 459 1782 489 3466.

1182 512 1378 542 Monticellis
1393 513 1452 550 (ec.
1470 513 1508 541 fr.
1527 512 1608 542 min.
1627 512 1689 551 de),
1708 513 1862 542 Reatinae
1877 513 1907 542 d.
1928 513 2016 543 5241.

1185 565 1367 596 Monticello
1385 565 1485 604 (mon.
1503 565 1566 604 de),
1584 565 1790 595 Florentinae
1804 566 1832 595 (1.
1853 565 1920 596 309.

1183 618 1367 648 Monticello
1378 618 1477 657 (mon.
1493 618 1548 648 SS.
1567 619 1687 655 Quirici
1701 623 1731 648 et
1743 618 1875 649 Julittae
1890 619 1950 658 in),
1966 628 2061 658 prope
2077 620 2184 650 civita-

1223 675 1286 700 tem
1304 671 1467 701 Lucanam
1487 671 1574 707 2467,
1594 671 1682 701 ς2807.

1184 724 1362 754 Montichio
1378 725 1435 761 (ec.
1453 724 1514 762 de),
1533 724 1733 754 Tholosanae
1749 725 1779 754 d.
1803 725 1888 761 1993,
1909 724 1994 754 1994.

1186 777 1352 807 Monticuli
1369 777 1573 815 (Guillelmus
1592 777 1757 807 Verleonis
1773 777 1811 807 de
1827 778 1942 816 castro)
1958 778 2046 808 7077.

1186 830 1353 860 Monticnli
1377 830 1558 869 (Petrucins
1583 830 1621 859 de
1641 830 1767 869 castro),
1785 830 2026 860 Camerinensis
2047 831 2077 860 d.
2097 832 2184 862 5285.

1186 882 1353 913 Monticuli
1373 886 1521 919 castrum,
1543 882 1781 912 Camerinensis
1799 883 1827 912 (1.
1848 883 1936 913 3551.
1954 883 2002 913 Cf.
2019 883 2064 912 les
2081 886 2185 923 prece-

1225 936 1335 972 dents;
1353 952 1391 956 —
1407 935 1519 964 domus
1536 935 1573 964 fr.
1594 935 1675 964 min.
1694 935 1732 964 de
1747 940 1849 965 castro
1865 935 1952 966 6563.

1187 988 1354 1018 Monticuli
1372 993 1524 1024 castrum,
1544 987 1733 1026 Spoletauae
1749 988 1778 1017 d.
1797 987 1884 1017 7316.

1187 1041 1356 1072 Monticuli
1374 1041 1412 1070 de
1430 1041 1630 1070 Normannis
1645 1044 1784 1070 castrum
1803 1041 1890 1077 5584,
1909 1041 1996 1071 6200.

1186 1093 1382 1124 Monticulus
1397 1093 1516 1132 (locum
1533 1093 1668 1130 dictum)
1683 1094 1715 1122 in
1732 1095 1888 1124 territorio
1905 1095 2040 1124 civitatis
2059 1095 2186 1124 Funda-

1226 1157 1285 1177 nae
1300 1147 1388 1177 3466.

1188 1200 1406 1237 Montigniaco
1428 1199 1528 1238 (mon.
1552 1198 1584 1228 S.
1609 1198 1719 1229 Clarae
1742 1199 1804 1235 de),
1827 1199 2017 1229 Bisuntinae
2043 1199 2073 1230 (1.
2103 1200 2186 1237 1339,

1226 1253 1315 1284 5570.

1187 1306 1404 1343 Montigniaco
1430 1305 1623 1344 (Stephanus
1649 1305 1712 1344 de),
1741 1305 1892 1342 clericus,
1914 1305 2129 1343 Lingonensis
2155 1306 2186 1334 d.

1229 1359 1322 1394 11223
1339 1374 1378 1380 —
1393 1358 1566 1388 canonieus
1582 1358 1803 1387 Atrebatensis
1820 1357 1908 1387 6105.

1188 1411 1403 1449 Moutigniaco
1418 1410 1477 1449 (ec.
1496 1410 1527 1439 S.
1549 1410 1717 1439 Saturnini
1735 1409 1798 1448 de),
1818 1410 2032 1447 Lingonensis
2047 1410 2077 1439 d.
2097 1410 2186 1440 6474.

1186 1464 1404 1502 Montiguiaco
1423 1463 1576 1502 (castrum
1603 1462 1666 1499 de),
1691 1463 1963 1500 Petragoricensis
1983 1463 2013 1492 d.
2039 1463 2132 1500 35183
2151 1481 2188 1485 —

1226 1516 1494 1556 (111011.(19)2ῖ86.

1188 1571 1410 1608 Montigneyo.
1427 1569 1474 1599 Cf.
1491 1568 1537 1598 les
1553 1568 1750 1607 precedent&

1186 1623 1342 1653 Montiliis
1354 1621 1508 1661 (Ravolus
1521 1621 1583 1659 de),
1599 1626 1782 1659 praecentor
1793 1630 1838 1651 ec.
1854 1621 2085 1651 Avinionensis
2102 1621 2185 1651 1299.

1186 1676 1343 1706 Montiliis
1360 1675 1418 1713 (ec.
1439 1674 1500 1713 (19),
1518 1674 1812 1713 Carpentorateusis
1831 1674 1862 1703 d.
1879 1673 1976 1711 31623
1998 1691 2036 1695 ——-
2053 1675 2186 1713 (priora-

1229 1733 1277 1759 tus
1293 1728 1344 1767 de)
1360 1728 1428 1757 790.

1187 1782 1333 1812 Montilio
1348 1781 1407 1819 (ec.
1428 1780 1459 1809 S.
1477 1779 1588 1809 Crucis
1604 1776 1666 1817 de),
1689 1778 1876 1808 Valentinae
1893 1779 1923 1808 d.
1940 1779 2027 1809 2893.

1188 1835 1355 1865 Montione
1370 1834 1429 1873 (ee.
1448 1834 1485 1862 fr.
1504 1833 1584 1862 min.
1603 1832 1664 1870 de),
1684 1832 1876 1861 Tudertinae
1892 1832 1923 1861 (1.
1941 1832 2029 1861 5261.

1189 1888 1343 1919 Moutolio
1360 1887 1531 1926 (prioratus
1551 1886 1583 1915 S.
1607 1886 1675 1915 Leti
1693 1885 1758 1923 (19),
1780 1885 2027 1915 Aurelianensis
2050 1885 2080 1914 d.
2099 1886 2186 1915 4916.

1188 1943 1339 1972 Montone
1354 1941 1413 1979 (ec.
1434 1940 1472 1968 fr.
1491 1939 1572 1968 min.
1593 1938 1655 1976 de),
1674 1938 1873 1968 Castellanae
1889 1939 1920 1967 d.
1938 1938 2026 1967 5240.

1188 1994 1333 2024 Montoni
1350 1992 1469 2031 (insula
1486 1992 1517 2021 S.
1537 1991 1715 2029 Laurentii)
1732 1991 1798 2021 237.

1188 2046 1349 2077 Montonis
1364 2046 1489 2084 (Pons).
1509 2044 1556 2074 Cf.
1576 2043 1851 2073 Pontemontonis.

1189 2101 1350 2131 Montonis
1370 2098 1499 2138 (Valle).
1517 2097 1564 2127 Cf.
1585 2097 1850 2126 Vallemoutonis.

1189 2153 1404 2189 Montosinns,
1425 2152 1520 2181 abbas
1540 2160 1626 2180 mon.
1644 2149 1889 2187 Fontisfrigidi,
1912 2150 2132 2179 Narbonensis
2155 2150 2187 2179 d.

1227 2207 1316 2236 5769.

1188 2261 1344 2290 Monzauo
1359 2258 1417 2298 (ec.
1435 2257 1497 2295 de),
1517 2256 1778 2286 Carcassonensis
1791 2256 1822 2285 d.
1842 2255 1930 2285 4035.

1188 2314 1277 2343 Mora
1292 2310 1472 2351 (castellum
1488 2319 1541 2338 seu
1561 2308 1650 2347 villa)
1668 2308 1734 2337 526.

1189 2367 1294 2396 Morac
1310 2365 1483 2403 (prioratus
1501 2362 1552 2400 de)
1574 2361 1658 2391 1753.

1188 2419 1356 2453 Moracius,
1377 2416 1508 2445 nuntius
1525 2415 1676 2452 Argonis,
1694 2414 1777 2451 regis
1794 2414 2000 2443 'tartarorum
2017 2414 2105 2443 7578.

1188 2471 1325 2501 Moraria
1352 2467 1580 2508 (liaymundus
1610 2466 1672 2505 de),
1705 2470 1890 2504 praecentor
1923 2475 1968 2495 ec.
2001 2465 2190 2495 Valentinae

1227 2524 1315 2554 3788.

1189 2575 1396 2607 Moraviensis
1424 2573 1576 2603 dioecesis
1606 2572 1693 2609 5180,
1723 2571 1817 2608 59343
1843 2587 1884 2593 -
1911 2572 2074 2610 episcopus
2100 2571 2187 2607 4858,

1227 2630 1323 2665 5180,
1341 2645 1378 2649 ——
1395 2627 1527 2657 ecclesia
1548 2624 1633 2655 1338.

1188 2684 1331 2712 Moreaco
1348 2680 1507 2718 (dominus
1524 2677 1586 2717 de),
1607 2676 1809 2706 Redonensis
1825 2676 1855 2706 d.
1873 2675 1961 2705 3868.

1188 2733 1319 2764 Mox-elia
1334 2733 1390 2771 (ec.
1411 2732 1442 2762 S.
1463 2731 1582 2760 Mariae
1597 2730 1660 2766 de),
1678 2729 1883 2759 Dertusensis
1901 2729 1930 2757 d.
1949 2728 2036 2757 5876.

1190 2787 1313 2818 11019111
1326 2787 1427 2825 (mon.
1442 2784 1475 2814 S.
1493 2784 1610 2813 Mariae
1624 2783 1662 2812 de
1676 2782 1808 2820 Monte),
1824 2782 2034 2811 Abrincensis
2049 2781 2079 2810 (1.
2097 2779 2186 2809 3090.

1188 2840 1340 2871 Morellus
1357 2837 1519 2877 (Gentilis)
1535 2837 1573 2866 de
1592 2836 1749 2869 Asserico,
1771 2834 1958 2873 Aquilensis
1974 2833 2004 2862 d.
2024 2833 2092 2862 310.

1188 2894 1339 2925 Morellus
1354 2890 1577 2931 (Gualtarius),
1593 2889 1678 2919 filius
1691 2888 1828 2918 Gentilis
1845 2887 1969 2917 Morelli
1985 2886 2023 2915 de
2040 2886 2187 2915 Asserico

1228 2948 1296 2977 310.

1190 2999 1357 3031 Moretonii
1377 2996 1510 3036 (archid.
1528 2996 1567 3025 (19
1584 2995 1684 3032 Valle)
1702 2994 1735 3023 in
1752 3003 1796 3023 ec.
1815 2992 2007 3022 Abrincensi
2024 2992 2112 3020 5777.
