2393 3496
913 283 1166 328 QUATRIEME
1188 284 1344 323 ANNEE.
2120 304 2172 334 331

85 356 124 385 ad
147 363 308 383 romanam
334 356 487 384 ecclesiam
509 355 595 385 nullo
621 358 718 386 medio
747 360 938 396 pertinentis,
973 359 1089 388 ordinis

84 409 115 438 S.
150 409 313 443 Benedicti,
346 409 483 438 Elnensis
515 410 647 440 diocesis.
678 411 872 441 Electionem
901 413 983 450 ejus,
1015 417 1089 442 tunc

85 461 235 491 monachi
266 462 451 491 monasterii
485 462 594 492 Sancti
627 464 710 493 Petri
741 464 779 494 de
812 465 931 501 Rodis,
966 465 1089 495 ordinis

86 513 118 544 S.
146 513 332 548 Benedicti,
354 514 577 545 Gerundensis
603 516 770 553 dioecesis,
791 518 826 547 in
849 518 994 547 abbatem
1020 527 1088 548 mo-

86 567 213 596 nasterii
237 566 344 596 Sancti
364 567 496 597 Martini
518 569 556 598 de
572 569 753 608 Canigone‚
775 581 827 610 per
844 572 965 601 obitum
986 580 1089 610 quon-

85 619 158 649 dam
188 619 273 648 Petri
307 621 464 657 vacantis⁷
498 622 537 651 ab
573 622 669 662 hujus
702 625 886 654 monasterii
923 625 1088 655 monachis

86 672 282 702 unanimiter
313 672 518 711 celebratam,
547 676 732 713 confirmat,
760 686 943 716 munusque
977 687 1089 708 conse-

85 725 234 756 crationis
250 726 278 755 ei
295 725 463 764 impendit.

131 791 142 805 ι
165 778 286 817 Sponso
308 780 415 809 celesti
434 781 528 819 qui...
546 799 583 803 —
607 783 676 811 Dat.
697 784 779 821 apud
804 784 1065 814 Urbemveterem
1081 807 1088 821 ,

87 841 109 862 n
123 831 275 861 kalendas
289 833 441 869 octobris,
459 843 544 864 anno
561 840 684 874 quarto.
705 848 717 861 n

125 886 162 916 ln
180 894 207 914 e.
225 895 268 915 m.
291 907 312 915 ..
332 887 429 925 priori
447 892 476 917 et
491 889 663 918 conventui
677 891 863 919 monasterii
880 891 990 920 Sancti
1007 891 1090 920 Mar-

88 939 146 968 tini
164 938 202 967 de
223 938 388 976 Canigone
404 941 535 970 mandat
554 946 588 971 ut
608 942 711 972 eidem
727 943 832 972 abbati
855 944 995 974 debitam
1014 944 1088 974 obe-

85 990 238 1020 dientiam
258 991 439 1029 praebeant.

123 1043 161 1073 In
179 1052 207 1073 e.
227 1053 270 1073 m.
290 1045 448 1074 universis
467 1046 612 1076 vassallis
628 1047 772 1085 ejusdem
792 1048 979 1077 monasterii
998 1057 1090 1077 man-

83 1097 136 1127 dat
158 1101 192 1127 ut
214 1097 243 1126 ei
267 1097 372 1127 debita
392 1098 556 1129 fidelitatis
576 1101 760 1138 J'uramenta
783 1105 813 1130 et
835 1102 965 1131 servitia
983 1111 1089 1140 praes-

83 1154 160 1181 tent.

152 1391 264 1419 6121

118 1453 303 1489 Dispensatio
320 1461 408 1488 super
424 1453 585 1487 pluralitate
601 1454 818 1482 beneficiorum.
835 1455 919 1487 (Rae.
935 1456 977 1487 46,
991 1464 1016 1481 e.
1030 1455 1089 1487 558,

84 1503 104 1530 f.
122 1503 169 1529 111
191 1503 239 1534 ro.)

563 1390 694 1423 orviem,
713 1392 745 1418 30
761 1392 924 1426 septembre
941 1393 1018 1420 1291.

125 1633 268 1669 Massistro
294 1632 416 1661 Roberto
437 1633 470 1661 de
492 1632 700 1669 Cortinystolc,
728 1634 838 1662 rectori
860 1634 976 1663 ecclesie
991 1634 1026 1662 de
1043 1635 1092 1662 As-

88 1690 152 1715 tone
170 1685 359 1721 Sumervzil„
385 1685 602 1722 Wiyorniensis
617 1686 757 1721 diocesis,
777 1686 884 1714 clerico
896 1692 922 1715 et
937 1687 1092 1722 familiari

85 1739 240 1768 carissimi
260 1739 293 1767 in
317 1737 438 1767 Christo
456 1737 518 1776 filis
539 1739 636 1767 nostri
651 1739 697 1774 E.,
717 1740 798 1776 reyis
817 1740 924 1776 Anyli'e
945 1740 1090 1768 illustris.

85 1791 165 1822 Cum
185 1800 235 1826 eo⁷
257 1791 512 1821 consideratione
530 1792 579 1828 E„
594 1792 679 1829 regis
695 1792 848 1830 Angliae,
867 1793 1029 1831 dispensat
1046 1797 1090 1830 ut,

84 1846 208 1883 praeter
231 1844 397 1874 eeclesiam
423 1844 461 1874 de
487 1845 607 1874 Astoue
625 1844 824 1882 Sumervill.‚
852 1845 1092 1884 Wigorniensis

84 1897 236 1928 dioecesis
249 1922 256 1935 ,
275 1898 408 1928 unicum
423 1897 510 1927 aliud
527 1898 720 1928 beneficium
740 1899 991 1929 ecclesiasticum
1011 1900 1090 1929 reci-

82 1960 156 1991 pere
172 1951 284 1981 valeat.

125 2016 138 2031 ιι
157 2004 281 2034 Eximie
299 2004 476 2035 devotionis
492 2005 682 2035 affectum...
705 2023 743 2026 —
764 2006 835 2036 Dat.
853 2006 936 2045 apud
952 2006 1090 2036 Urbem-

84 2064 220 2090 veterem
234 2083 242 2097 ,
260 2070 282 2090 11
300 2059 456 2090 kalendas
473 2061 629 2098 octobris,
646 2070 732 2091 anno
748 2066 872 2100 quarto.
892 2074 905 2088 n

154 2299 270 2328 81⁷2
569 2299 695 2332 Orvieto,
713 2299 746 2326 30
761 2300 924 2335 septembre
942 2300 1019 2328 1291.

126 2429 287 2466 Lodovico,
307 2435 379 2459 nato
402 2430 505 2459 dilecti
527 2430 588 2466 filii
605 2429 716 2458 nobilis
730 2430 792 2457 viri
813 2429 963 2466 Lodovici‚
982 2430 1091 2459 viceco-

86 2483 170 2512 mitis
191 2483 391 2518 Bellimontis‚
417 2484 643 2520 consanguinei
667 2483 748 2511 clare
768 2483 912 2511 memorie
934 2482 1091 2518 Alienore,

85 2537 187 2574 reyine
205 2537 322 2574 Anqlie,
344 2537 491 2565 canonico
507 2535 735 2565 Saresbiriensi.
753 2534 834 2564 Cum
853 2543 890 2564 eo
908 2534 1091 2573 dispensat,

85 2589 338 2619 consideratione
362 2589 411 2625 E.‚
434 2589 518 2626 regis
535 2588 691 2626 Angliae,
708 2592 763 2623 ut,
784 2596 847 2617 non
872 2588 1017 2617 obstante
1038 2587 1093 2617 de-

87 2641 168 2671 fectu
190 2642 302 2672 aetatis
324 2651 420 2680 quem
445 2641 578 2680 patitur,
602 2641 717 2679 viginti
739 2649 842 2670 annos
858 2645 970 2678 natus,
991 2649 1092 2670 unum

86 2694 278 2725 beneficium
300 2694 568 2730 ecclesiasticum,
592 2695 687 2723 etiam
713 2694 738 2723 si
760 2693 899 2731 dignitas
921 2693 969 2722 vel
985 2702 1092 2732 perso-

86 2752 182 2778 natus
206 2749 261 2785 sit,
278 2749 435 2787 recipere,
458 2752 577 2778 etcum
599 2747 840 2777 canonicatibus
855 2751 886 2777 et
905 2747 1094 2785 praebendis

85 2810 165 2840 quae
197 2801 231 2831 in
261 2801 514 2837 Saresbiriensi,
549 2800 806 2836 Cenomanensi,
841 2800 1031 2830 Eboracensi
1065 2803 1095 2830 et

87 2854 245 2884 Wellensi
263 2859 292 2884 et
307 2854 345 2884 de
362 2854 545 2890 Nor-thona,
564 2853 794 2883 Dunelmensis
813 2852 976 2889 dioecesis,
994 2852 1094 2883 eccle-

86 2906 144 2937 siis
157 2907 278 2938 obtinet
295 2909 433 2938 retinere
451 2907 557 2946 possit.
603 2947 605 2950 .

129 2972 143 2987 «
160 2960 331 2990 Probitatis
347 2965 377 2990 et
391 2960 607 2996 nobilitatis...
624 2977 662 2981 —
678 2959 750 2989 Dat.
767 2963 802 2988 ut
819 2967 924 2998 supra.
949 2970 962 2984 »

1242 360 1362 389 8123

1208 420 1392 456 Dispensatio
1408 424 1592 453 matrimonii.
1610 426 1694 459 (Ru-20.
1713 427 1754 458 46,
1773 435 1797 454 ο.
1815 428 1877 462 560,
1895 429 1914 455 f.
1934 430 1979 455 111
1998 438 2039 463 r⁰;
2059 431 2176 464 Poma,

1170 468 1280 502 ε33843)

1599 363 1726 396 Orvieto,
1743 364 1776 391 22
1795 366 1957 400 septembre
1976 368 2037 395 1291
2060 369 2104 401 (l).

1219 571 1386 601 Venerabili
1408 575 1503 608 fratri
1533 598 1551 604 ..
1578 577 1709 614 episcopo
1735 579 1922 608 Zzoerinensi
1947 581 2119 611 committit
2145 586 2180 611 ut

1171 630 1243 651 cum
1262 624 1393 654 Nicolao
1406 625 1443 655 de
1461 627 1588 663 Werle,
1605 629 1738 660 domino
1752 630 1877 661 Salviae
1893 632 1971 672 (sic),
1988 634 2178 664 Zwerinen-

1173 675 1216 704 sis
1239 675 1407 712 dioecesis,
1423 683 1453 707 et
1470 680 1571 709 nobili
1591 682 1695 719 puella
1712 684 1806 715 Riza.
1825 685 1889 714 filia
1908 709 1928 717 ..
1949 687 2031 724 regis
2048 688 2176 726 Datiae,

1173 732 1266 765 nepte
1282 730 1508 760 marchionum
1524 733 1861 773 Magdebuigensium,
1879 738 2040 778 dispenset
2055 745 2097 775 ut,
2113 750 2178 771 non

1172 780 1316 810 obstante
1342 789 1453 820 quarto
1476 789 1765 824 consanguinitatis
1793 791 1893 827 gradu
1923 801 1985 830 qno
2014 795 2178 832 conjuncti

1173 839 1267 865 sunt,
1289 840 1391 864 tamen
1411 837 1449 865 ad
1469 838 1625 868 sedandas
1643 849 1774 877 guerras
1793 843 1877 872 inter
1894 845 2062 875 Nicolaum
2080 851 2110 876 et
2127 855 2177 877 re-

1172 894 1244 922 gem
1261 895 1295 915 ac
1313 888 1514 918 marchiones
1536 892 1726 929 praedictOS,
1745 895 1909 925 occasione
1927 902 2084 928 terrarum
2100 907 2178 938 quas

1172 939 1239 977 ipse
1256 940 1409 970 Nicolaus
1432 942 1627 975 hereditario
1647 946 1720 983 jure
1743 947 1777 976 iu
1798 957 1895 985 regno
1913 951 2022 980 Datiae
2041 953 2180 991 possidet

1172 996 1273 1028 ortas,
1292 995 1534 1025 matrimonium
1551 998 1739 1028 contrahere
1758 1001 1896 1031 valeant.

1215 1057 1227 1070 u
1256 1045 1406 1076 Exhibita
1431 1048 1523 1078 nobis
1548 1049 1692 1080 dilecti...
1714 1069 1752 1073 —
1773 1053 1844 1083 Dat.
1866 1055 1949 1092 apud
1970 1056 2180 1088 Urbemvete-

1173 1106 1257 1135 rem,
1275 1107 1292 1126 x
1309 1098 1463 1130 kalendas
1479 1102 1633 1139 octobris,
1651 1112 1737 1134 anno
1753 1110 1875 1144 quarto.
1897 1119 1910 1133 n

1244 1276 1364 1304 8174

1209 1339 1447 1374 Archiepiscopis
1465 1340 1585 1368 Barensi
1599 1346 1627 1369 et
1641 1343 1818 1372 Brundisino
1836 1351 1864 1372 et
1882 1348 2018 1383 episcopo
2033 1350 2182 1377 Montisvi-

1173 1386 1243 1412 ridis
1261 1388 1374 1413 mandat
1394 1392 1424 1414 ut
1443 1389 1606 1417 abbatissae
1628 1395 1656 1418 et
1672 1393 1821 1420 sororibus
1838 1397 2002 1423 monasterii
2019 1397 2179 1431 cusentini,

1174 1434 1282 1461 ordinis
1298 1435 1419 1462 Sanctae
1442 1436 1554 1472 Clarae,
1572 1440 1756 1468 exulantibus
1773 1446 1801 1469 et
1819 1444 1906 1470 multa
1923 1446 2097 1479 patientibus
2113 1457 2180 1483 pro-

1173 1483 1298 1510 videant.
1316 1484 1398 1517 (nm.
1417 1486 1460 1519 46,
1477 1495 1503 1514 c.
1521 1488 1581 1519 561,
1600 1489 1617 1515 f.
1638 1489 1682 1516 111
1702 1496 1744 1523 1‘03
1763 1491 1879 1527 Porrn.⁷
1895 1494 2003 1527 23844.›

1701 1281 1827 1315 Orvieto,
1849 1286 1884 1310 μ’·
1898 1286 2014 1313 octobre
2031 1287 2108 1314 1291.

1221 1585 1441 1617 Venerabiiibus
1464 1590 1616 1625 fratribus
1637 1615 1656 1622 ..
1679 1594 1805 1623 Barensi
1828 1600 1853 1624 ec
1872 1618 1892 1626 ..
1921 1598 2108 1628 Brundisino
2128 1609 2179 1629 ar-

1174 1638 1369 1677 chiepiscopis
1383 1650 1418 1670 ac
1434 1663 1454 1670 ..
1474 1644 1605 1681 episcopo
1618 1645 1848 1677 Montisviridis.

1216 1703 1230 1718 «
1248 1692 1311 1722 Sua
1323 1694 1415 1723 nobis
1429 1695 1580 1726 dilecte...
1597 1714 1636 1719 —
1652 1699 1722 1728 Dat.
1740 1701 1824 1739 apud
1838 1702 2112 1743 Urbemveterem,
2126 1706 2179 1736 ka-

1174 1743 1280 1774 lendis
1295 1747 1446 1784 octobris,
1465 1757 1551 1779 anno
1567 1756 1689 1789 quarto.
1712 1765 1725 1779 »

1245 1926 1366 1955 6125

1210 1986 1396 2023 privilegium
1409 1991 1632 2024 jurisdictionis.
1648 1994 1731 2027 (Rau.
1750 1996 1792 2027 46,
1811 2005 1836 2023 c.
1855 1998 1915 2032 562,
1933 2000 1952 2026 f.
1974 2001 2019 2026 111
2038 2004 2089 2034 v0.)

1652 1931 1782 1965 Orvieto,
1802 1935 1833 1961 18
1849 1937 2011 1970 septembre
2030 1939 2107 1967 1291.

1214 2091 1335 2120 Dilectis
1349 2092 1423 2128 liliis
1441 2115 1460 2122 ..
1481 2097 1644 2125 rectoribus
1659 2099 1854 2129 ecclesiarum
1868 2102 2002 2132 civitatis
2017 2109 2044 2132 et
2057 2105 2180 2135 diocesis

1171 2143 1321 2172 Eduensis
1346 2144 1494 2182 indulget
1515 2151 1548 2175 ut
1573 2152 1660 2177 extra
1687 2149 1857 2181 dioecesim
1881 2153 2063 2185 Eduensem
2085 2166 2180 2196 super

1173 2195 1370 2232 actionibus,
1400 2199 1545 2235 personis
1572 2205 1602 2230 et
1629 2201 1721 2232 bonis
1747 2213 1829 2242 quae
1855 2205 1941 2236 infra
1968 2208 2072 2247 ipsam
2097 2211 2179 2241 obti-

1173 2253 1252 2277 nent
1277 2258 1332 2287 per
1355 2250 1476 2281 litteras
1502 2254 1690 2291 apostolicae
1715 2257 1798 2287 sedis
1826 2259 1876 2288 vel
1906 2261 1974 2299 ejus
2001 2262 2179 2301 legatorum

1174 2301 1207 2329 in
1227 2310 1355 2331 causam
1371 2304 1453 2333 trahi
1470 2305 1520 2335 vel
1536 2307 1574 2336 ad
1589 2308 1748 2346 judicium
1766 2313 1871 2342 vocari
1888 2322 1951 2343 non
1968 2317 2100 2354 possint.

1221 2367 1231 2380 ι
1250 2354 1372 2384 Meritis
1388 2362 1490 2387 vestre
1506 2359 1720 2393 devotionis...
1738 2379 1778 2386 —
1792 2365 1864 2394 Dat.
1891 2368 1975 2405 apud
2001 2369 2179 2401 Urbemve—

1175 2409 1290 2444 terem,
1308 2417 1375 2438 xnu
1393 2409 1548 2442 kalendas
1563 2414 1715 2452 octobris,
1733 2425 1819 2448 anno
1834 2425 1957 2457 quarto.
1981 2434 1993 2448 r>

1247 2587 1362 2615 6176
1612 2615 1615 2618 ,
1653 2593 1784 2630 Orvieto,
1800 2596 1833 2623 24
1848 2600 2012 2633 septembre
2029 2601 2107 2630 1291.

1212 2645 1397 2681 Dispensatio
1414 2657 1502 2685 super
1517 2652 1676 2686 pluralitate
1693 2656 1907 2688 beneficiorum.
1925 2661 2006 2693 (Rae.
2021 2664 2063 2697 46,
2077 2672 2102 2691 c.
2117 2666 2178 2698 563,

1174 2694 1194 2721 f.
1214 2695 1260 2721 111
1280 2698 1329 2727 vo.)

1224 2798 1388 2828 Venerabili
1412 2801 1507 2836 fratri
1527 2802 1678 2842 Johanni,
1706 2808 1926 2848 archiepiscopo
1950 2812 2177 2854 Carzcuariensi‚

1176 2849 1359 2880 facultatem
1382 2853 1527 2883 concedit
1551 2857 1737 2888 conferendi
1762 2861 1926 2893 ecclesiam
1954 2865 1992 2895 de
2016 2866 2179 2905 Hadleghe

1209 2968 1241 2998 (1)
1257 2968 1342 2993 Datee
1358 2970 1425 2995 dans
1442 2972 1567 2998 Potthast
1583 2975 1618 2999 du
1637 2976 1669 2999 1·‘
1684 2979 1805 3003 octobre.
