<?xml version="1.0" encoding="UTF-8"?>
<!DOCTYPE html PUBLIC "-//W3C//DTD XHTML 1.0 Transitional//EN"
    "http://www.w3.org/TR/xhtml1/DTD/xhtml1-transitional.dtd">
<html xmlns="http://www.w3.org/1999/xhtml" xml:lang="en" lang="en">
 <head>
  <title>
</title>
<meta http-equiv="Content-Type" content="text/html;charset=utf-8" />
  <meta name='ocr-system' content='tesseract 3.04.00' />
  <meta name='ocr-capabilities' content='ocr_page ocr_carea ocr_par ocr_line ocrx_word'/>
</head>
<body>
  <div class='ocr_page' id='page_1' title='image "./lesregistresdeni02romeuoft_0015.png"; bbox 0 0 2393 3496; ppageno 0'>
   <div class='ocr_carea' id='block_1_1' title="bbox 0 1706 4 2363">
    <p class='ocr_par' dir='ltr' id='par_1_1' title="bbox 0 1706 4 2363">
     <span class='ocr_line' id='line_1_1' title="bbox 0 1706 4 2363; baseline 0 0"><span class='ocrx_word' id='word_1_1' title='bbox 0 1706 4 2363; x_wconf 95' lang='lat' dir='ltr'><strong> </strong></span> 
     </span>
    </p>
   </div>
   <div class='ocr_carea' id='block_1_2' title="bbox 7 2600 45 2867">
    <p class='ocr_par' dir='ltr' id='par_1_2' title="bbox 7 2600 45 2867">
     <span class='ocr_line' id='line_1_2' title="bbox 7 2600 45 2867; textangle 90"><span class='ocrx_word' id='word_1_2' title='bbox 17 2837 40 2867; x_wconf 60' lang='lat' dir='ltr'><strong>a·</strong></span> <span class='ocrx_word' id='word_1_3' title='bbox 23 2815 36 2826; x_wconf 51' lang='grc' dir='ltr'><strong>’τ</strong></span> <span class='ocrx_word' id='word_1_4' title='bbox 7 2680 45 2805; x_wconf 49' lang='grc' dir='ltr'><strong>,ι”ῆην</strong></span> <span class='ocrx_word' id='word_1_5' title='bbox 29 2654 33 2667; x_wconf 47' lang='lat'><em>⁴</em></span> <span class='ocrx_word' id='word_1_6' title='bbox 12 2600 35 2641; x_wconf 48' lang='grc' dir='ltr'><strong>*π’</strong></span> 
     </span>
    </p>
   </div>
   <div class='ocr_carea' id='block_1_3' title="bbox 8 2876 44 3058">
    <p class='ocr_par' dir='ltr' id='par_1_3' title="bbox 8 2876 44 3058">
     <span class='ocr_line' id='line_1_3' title="bbox 8 2876 44 3058; textangle 90"><span class='ocrx_word' id='word_1_7' title='bbox 8 2945 44 3058; x_wconf 41' lang='grc' dir='ltr'><strong>’Άῖὗ-ἰ</strong></span> <span class='ocrx_word' id='word_1_8' title='bbox 20 2876 41 2930; x_wconf 63' lang='grc' dir='ltr'><strong>4ι·“</strong></span> 
     </span>
    </p>
   </div>
   <div class='ocr_carea' id='block_1_4' title="bbox 14 3080 48 3121">
    <p class='ocr_par' dir='ltr' id='par_1_4' title="bbox 14 3080 48 3121">
     <span class='ocr_line' id='line_1_4' title="bbox 14 3080 48 3121; textangle 90"><span class='ocrx_word' id='word_1_9' title='bbox 14 3080 48 3121; x_wconf 61' lang='lat'><em>..⁴1⁴</em></span> 
     </span>
    </p>
   </div>
   <div class='ocr_carea' id='block_1_5' title="bbox 1023 242 2301 294">
    <p class='ocr_par' dir='ltr' id='par_1_5' title="bbox 1023 242 2301 294">
     <span class='ocr_line' id='line_1_5' title="bbox 1023 242 2301 294; baseline 0.002 -11"><span class='ocrx_word' id='word_1_10' title='bbox 1023 242 1284 288; x_wconf 65' lang='lat' dir='ltr'><strong>‚QUATRIEME</strong></span> <span class='ocrx_word' id='word_1_11' title='bbox 1306 248 1462 283; x_wconf 70' lang='lat' dir='ltr'>ANNEE.</span> <span class='ocrx_word' id='word_1_12' title='bbox 2243 264 2301 294; x_wconf 70' lang='lat'><strong>039</strong></span> 
     </span>
    </p>
   </div>
   <div class='ocr_carea' id='block_1_6' title="bbox 767 318 1137 350">
    <p class='ocr_par' dir='ltr' id='par_1_6' title="bbox 767 318 1137 350">
     <span class='ocr_line' id='line_1_6' title="bbox 767 318 1137 350; baseline -0.003 -4"><span class='ocrx_word' id='word_1_13' title='bbox 767 320 898 350; x_wconf 78' lang='lat' dir='ltr'><strong>Urvieto,</strong></span> <span class='ocrx_word' id='word_1_14' title='bbox 919 319 948 346; x_wconf 86' lang='grc'><strong>18</strong></span> <span class='ocrx_word' id='word_1_15' title='bbox 964 328 1040 346; x_wconf 84' lang='lat' dir='ltr'><strong>mars</strong></span> <span class='ocrx_word' id='word_1_16' title='bbox 1061 318 1137 346; x_wconf 65' lang='lat'><strong>129¹.</strong></span> 
     </span>
    </p>
   </div>
   <div class='ocr_carea' id='block_1_7' title="bbox 198 379 1210 804">
    <p class='ocr_par' dir='ltr' id='par_1_7' title="bbox 198 379 1210 579">
     <span class='ocr_line' id='line_1_7' title="bbox 239 379 1210 419; baseline 0.002 -9"><span class='ocrx_word' id='word_1_17' title='bbox 239 380 277 410; x_wconf 90' lang='lat' dir='ltr'><strong>In</strong></span> <span class='ocrx_word' id='word_1_18' title='bbox 295 389 323 410; x_wconf 90' lang='lat' dir='ltr'><strong>e.</strong></span> <span class='ocrx_word' id='word_1_19' title='bbox 341 389 384 410; x_wconf 88' lang='lat' dir='ltr'><strong>m.</strong></span> <span class='ocrx_word' id='word_1_20' title='bbox 403 379 556 419; x_wconf 79' lang='lat' dir='ltr'><strong>magistro</strong></span> <span class='ocrx_word' id='word_1_21' title='bbox 574 381 723 412; x_wconf 80' lang='lat' dir='ltr'><strong>Andreae</strong></span> <span class='ocrx_word' id='word_1_22' title='bbox 739 382 778 412; x_wconf 86' lang='lat' dir='ltr'><strong>de</strong></span> <span class='ocrx_word' id='word_1_23' title='bbox 790 381 962 419; x_wconf 83' lang='lat' dir='ltr'><strong>Albai-cha,</strong></span> <span class='ocrx_word' id='word_1_24' title='bbox 980 382 1094 412; x_wconf 81' lang='lat' dir='ltr'>rectori</span> <span class='ocrx_word' id='word_1_25' title='bbox 1110 381 1210 412; x_wconf 90' lang='lat' dir='ltr'><strong>eccle-</strong></span> 
     </span>
     <span class='ocr_line' id='line_1_8' title="bbox 198 433 1208 470; baseline 0.003 -7"><span class='ocrx_word' id='word_1_26' title='bbox 198 433 264 463; x_wconf 85' lang='lat' dir='ltr'><strong>siae</strong></span> <span class='ocrx_word' id='word_1_27' title='bbox 281 433 415 464; x_wconf 81' lang='lat' dir='ltr'><strong>Sanctae</strong></span> <span class='ocrx_word' id='word_1_28' title='bbox 435 434 556 464; x_wconf 81' lang='lat' dir='ltr'><strong>Mariae</strong></span> <span class='ocrx_word' id='word_1_29' title='bbox 577 434 616 465; x_wconf 91' lang='lat' dir='ltr'><strong>de</strong></span> <span class='ocrx_word' id='word_1_30' title='bbox 634 434 750 470; x_wconf 84' lang='lat' dir='ltr'><strong>Plano,</strong></span> <span class='ocrx_word' id='word_1_31' title='bbox 774 436 1022 466; x_wconf 87' lang='lat' dir='ltr'><strong>Terraconensis</strong></span> <span class='ocrx_word' id='word_1_32' title='bbox 1045 435 1208 466; x_wconf 89' lang='lat' dir='ltr'><strong>dioecesis.</strong></span> 
     </span>
     <span class='ocr_line' id='line_1_9' title="bbox 199 486 1210 527; baseline 0.002 -11"><span class='ocrx_word' id='word_1_33' title='bbox 199 486 271 516; x_wconf 88' lang='lat' dir='ltr'><strong>Dat.</strong></span> <span class='ocrx_word' id='word_1_34' title='bbox 301 487 386 526; x_wconf 89' lang='lat' dir='ltr'><strong>apud</strong></span> <span class='ocrx_word' id='word_1_35' title='bbox 414 487 698 525; x_wconf 88' lang='lat' dir='ltr'><strong>Urbemveterem,</strong></span> <span class='ocrx_word' id='word_1_36' title='bbox 724 498 764 519; x_wconf 84' lang='lat' dir='ltr'><strong>xv</strong></span> <span class='ocrx_word' id='word_1_37' title='bbox 790 488 944 519; x_wconf 83' lang='lat' dir='ltr'><strong>kalendas</strong></span> <span class='ocrx_word' id='word_1_38' title='bbox 970 488 1098 527; x_wconf 82' lang='lat' dir='ltr'>aprilis,</span> <span class='ocrx_word' id='word_1_39' title='bbox 1123 497 1210 519; x_wconf 90' lang='lat' dir='ltr'><strong>anno</strong></span> 
     </span>
     <span class='ocr_line' id='line_1_10' title="bbox 199 539 446 579; baseline -0.004 -9"><span class='ocrx_word' id='word_1_40' title='bbox 199 543 324 578; x_wconf 84' lang='lat' dir='ltr'><strong>quarto.</strong></span> <span class='ocrx_word' id='word_1_41' title='bbox 340 539 446 579; x_wconf 75' lang='lat' dir='ltr'><strong>(Ibid.)</strong></span> 
     </span>
    </p>

    <p class='ocr_par' dir='ltr' id='par_1_8' title="bbox 787 595 1136 630">
     <span class='ocr_line' id='line_1_11' title="bbox 787 595 1136 630; baseline -0.003 -7"><span class='ocrx_word' id='word_1_42' title='bbox 787 595 915 630; x_wconf 71' lang='lat' dir='ltr'><strong>Ou-vieto,</strong></span> <span class='ocrx_word' id='word_1_43' title='bbox 935 595 1040 630; x_wconf 80' lang='lat' dir='ltr'><strong>13juin</strong></span> <span class='ocrx_word' id='word_1_44' title='bbox 1062 595 1136 623; x_wconf 69' lang='lat'>1291.</span> 
     </span>
    </p>

    <p class='ocr_par' dir='ltr' id='par_1_9' title="bbox 198 655 1210 804">
     <span class='ocr_line' id='line_1_12' title="bbox 239 655 1210 698; baseline 0.004 -13"><span class='ocrx_word' id='word_1_45' title='bbox 239 655 279 685; x_wconf 90' lang='lat' dir='ltr'><strong>In</strong></span> <span class='ocrx_word' id='word_1_46' title='bbox 303 665 332 686; x_wconf 90' lang='lat' dir='ltr'><strong>e.</strong></span> <span class='ocrx_word' id='word_1_47' title='bbox 359 665 401 686; x_wconf 90' lang='lat' dir='ltr'><strong>m.</strong></span> <span class='ocrx_word' id='word_1_48' title='bbox 424 657 579 694; x_wconf 84' lang='lat' dir='ltr'><strong>magistro</strong></span> <span class='ocrx_word' id='word_1_49' title='bbox 596 657 688 688; x_wconf 87' lang='lat' dir='ltr'><strong>Petro</strong></span> <span class='ocrx_word' id='word_1_50' title='bbox 707 658 893 698; x_wconf 80' lang='lat' dir='ltr'><strong>Aybrandi,</strong></span> <span class='ocrx_word' id='word_1_51' title='bbox 911 658 1137 690; x_wconf 86' lang='lat' dir='ltr'><strong>archidiacono</strong></span> <span class='ocrx_word' id='word_1_52' title='bbox 1152 659 1210 690; x_wconf 90' lang='lat' dir='ltr'><strong>Ca-</strong></span> 
     </span>
     <span class='ocr_line' id='line_1_13' title="bbox 200 708 1207 751; baseline 0.004 -13"><span class='ocrx_word' id='word_1_53' title='bbox 200 708 359 747; x_wconf 88' lang='lat' dir='ltr'><strong>prariensi</strong></span> <span class='ocrx_word' id='word_1_54' title='bbox 384 709 418 739; x_wconf 93' lang='lat' dir='ltr'><strong>in</strong></span> <span class='ocrx_word' id='word_1_55' title='bbox 439 709 573 740; x_wconf 90' lang='lat' dir='ltr'><strong>ecclesia</strong></span> <span class='ocrx_word' id='word_1_56' title='bbox 594 711 790 747; x_wconf 81' lang='lat' dir='ltr'>Biterrensi,</span> <span class='ocrx_word' id='word_1_57' title='bbox 816 711 980 750; x_wconf 86' lang='lat' dir='ltr'><strong>capellano</strong></span> <span class='ocrx_word' id='word_1_58' title='bbox 1002 721 1110 751; x_wconf 87' lang='lat' dir='ltr'><strong>papae.</strong></span> <span class='ocrx_word' id='word_1_59' title='bbox 1137 712 1207 742; x_wconf 88' lang='lat' dir='ltr'><strong>Dat.</strong></span> 
     </span>
     <span class='ocr_line' id='line_1_14' title="bbox 198 761 1171 804; baseline 0.004 -12"><span class='ocrx_word' id='word_1_60' title='bbox 198 761 283 800; x_wconf 84' lang='lat' dir='ltr'><strong>apud</strong></span> <span class='ocrx_word' id='word_1_61' title='bbox 300 761 574 800; x_wconf 88' lang='lat' dir='ltr'><strong>Urbemveterem,</strong></span> <span class='ocrx_word' id='word_1_62' title='bbox 590 764 697 795; x_wconf 88' lang='lat' dir='ltr'><strong>idibus</strong></span> <span class='ocrx_word' id='word_1_63' title='bbox 711 765 808 804; x_wconf 80' lang='lat' dir='ltr'><strong>junii,</strong></span> <span class='ocrx_word' id='word_1_64' title='bbox 824 773 911 796; x_wconf 85' lang='lat' dir='ltr'><strong>anno</strong></span> <span class='ocrx_word' id='word_1_65' title='bbox 926 770 1050 804; x_wconf 87' lang='lat' dir='ltr'><strong>quarto.</strong></span> <span class='ocrx_word' id='word_1_66' title='bbox 1063 765 1171 804; x_wconf 78' lang='lat' dir='ltr'><strong>(lbid.)</strong></span> 
     </span>
    </p>
   </div>
   <div class='ocr_carea' id='block_1_8' title="bbox 775 843 1138 879">
    <p class='ocr_par' dir='ltr' id='par_1_10' title="bbox 775 843 1138 879">
     <span class='ocr_line' id='line_1_15' title="bbox 775 843 1138 879; baseline 0.006 -8"><span class='ocrx_word' id='word_1_67' title='bbox 775 843 903 875; x_wconf 84' lang='lat' dir='ltr'><strong>Orvieto,</strong></span> <span class='ocrx_word' id='word_1_68' title='bbox 921 845 935 870; x_wconf 88' lang='lat'><strong>7</strong></span> <span class='ocrx_word' id='word_1_69' title='bbox 950 845 1043 879; x_wconf 86' lang='lat' dir='ltr'><strong>juillet</strong></span> <span class='ocrx_word' id='word_1_70' title='bbox 1062 845 1138 873; x_wconf 69' lang='grc'><strong>1291.</strong></span> 
     </span>
    </p>
   </div>
   <div class='ocr_carea' id='block_1_9' title="bbox 198 903 1209 999">
    <p class='ocr_par' dir='ltr' id='par_1_11' title="bbox 198 903 1209 999">
     <span class='ocr_line' id='line_1_16' title="bbox 244 903 1209 946; baseline 0.004 -13"><span class='ocrx_word' id='word_1_71' title='bbox 244 903 281 934; x_wconf 84' lang='grc'><strong>111</strong></span> <span class='ocrx_word' id='word_1_72' title='bbox 300 912 328 934; x_wconf 88' lang='grc'><strong>0.</strong></span> <span class='ocrx_word' id='word_1_73' title='bbox 346 914 389 936; x_wconf 90' lang='lat' dir='ltr'><strong>m.</strong></span> <span class='ocrx_word' id='word_1_74' title='bbox 408 906 512 943; x_wconf 87' lang='lat' dir='ltr'><strong>Petro,</strong></span> <span class='ocrx_word' id='word_1_75' title='bbox 532 906 771 945; x_wconf 79' lang='lat' dir='ltr'>archiepiscopo</span> <span class='ocrx_word' id='word_1_76' title='bbox 786 906 1017 937; x_wconf 83' lang='lat' dir='ltr'><strong>Acherontino.</strong></span> <span class='ocrx_word' id='word_1_77' title='bbox 1036 907 1108 937; x_wconf 91' lang='lat' dir='ltr'><strong>Dat.</strong></span> <span class='ocrx_word' id='word_1_78' title='bbox 1125 907 1209 946; x_wconf 85' lang='lat' dir='ltr'><strong>apud</strong></span> 
     </span>
     <span class='ocr_line' id='line_1_17' title="bbox 198 959 1070 999; baseline -0.003 -7"><span class='ocrx_word' id='word_1_79' title='bbox 198 960 465 992; x_wconf 89' lang='lat' dir='ltr'><strong>Urbemveterem</strong></span> <span class='ocrx_word' id='word_1_80' title='bbox 479 981 487 995; x_wconf 85' lang='grc'><strong>,</strong></span> <span class='ocrx_word' id='word_1_81' title='bbox 507 960 601 990; x_wconf 88' lang='grc'><strong>1101115</strong></span> <span class='ocrx_word' id='word_1_82' title='bbox 615 959 703 999; x_wconf 88' lang='lat' dir='ltr'><strong>julii,</strong></span> <span class='ocrx_word' id='word_1_83' title='bbox 721 967 808 990; x_wconf 90' lang='lat' dir='ltr'><strong>anno</strong></span> <span class='ocrx_word' id='word_1_84' title='bbox 823 964 946 998; x_wconf 86' lang='lat' dir='ltr'><strong>quarto.</strong></span> <span class='ocrx_word' id='word_1_85' title='bbox 963 960 1070 998; x_wconf 82' lang='lat' dir='ltr'><strong>(Ibid.)</strong></span> 
     </span>
    </p>
   </div>
   <div class='ocr_carea' id='block_1_10' title="bbox 774 1037 1136 1073">
    <p class='ocr_par' dir='ltr' id='par_1_12' title="bbox 774 1037 1136 1073">
     <span class='ocr_line' id='line_1_18' title="bbox 774 1037 1136 1073; baseline 0.003 -8"><span class='ocrx_word' id='word_1_86' title='bbox 774 1037 902 1072; x_wconf 85' lang='lat' dir='ltr'><strong>Orvieto,</strong></span> <span class='ocrx_word' id='word_1_87' title='bbox 918 1039 933 1065; x_wconf 88' lang='lat'>5</span> <span class='ocrx_word' id='word_1_88' title='bbox 945 1039 1040 1073; x_wconf 87' lang='lat' dir='ltr'><strong>juillet</strong></span> <span class='ocrx_word' id='word_1_89' title='bbox 1059 1039 1136 1066; x_wconf 68' lang='lat'><strong>1291.</strong></span> 
     </span>
    </p>
   </div>
   <div class='ocr_carea' id='block_1_11' title="bbox 199 1100 1207 1195">
    <p class='ocr_par' dir='ltr' id='par_1_13' title="bbox 199 1100 1207 1195">
     <span class='ocr_line' id='line_1_19' title="bbox 241 1100 1207 1141; baseline 0.001 -9"><span class='ocrx_word' id='word_1_90' title='bbox 241 1101 279 1132; x_wconf 91' lang='lat' dir='ltr'><strong>ln</strong></span> <span class='ocrx_word' id='word_1_91' title='bbox 291 1110 319 1131; x_wconf 90' lang='lat' dir='ltr'><strong>e.</strong></span> <span class='ocrx_word' id='word_1_92' title='bbox 335 1110 379 1130; x_wconf 90' lang='lat' dir='ltr'><strong>m.</strong></span> <span class='ocrx_word' id='word_1_93' title='bbox 398 1100 592 1135; x_wconf 82' lang='lat' dir='ltr'><strong>Salimbene,</strong></span> <span class='ocrx_word' id='word_1_94' title='bbox 607 1100 846 1140; x_wconf 86' lang='lat' dir='ltr'><strong>archiepiscopo</strong></span> <span class='ocrx_word' id='word_1_95' title='bbox 856 1100 1020 1140; x_wconf 89' lang='lat' dir='ltr'><strong>Capuano.</strong></span> <span class='ocrx_word' id='word_1_96' title='bbox 1039 1102 1110 1131; x_wconf 87' lang='lat' dir='ltr'><strong>Dat.</strong></span> <span class='ocrx_word' id='word_1_97' title='bbox 1124 1103 1207 1141; x_wconf 89' lang='lat' dir='ltr'><strong>apud</strong></span> 
     </span>
     <span class='ocr_line' id='line_1_20' title="bbox 199 1153 1129 1195; baseline -0.001 -9"><span class='ocrx_word' id='word_1_98' title='bbox 199 1154 462 1186; x_wconf 86' lang='lat' dir='ltr'><strong>Urbemveterem</strong></span> <span class='ocrx_word' id='word_1_99' title='bbox 474 1178 481 1191; x_wconf 90' lang='lat'><strong>,</strong></span> <span class='ocrx_word' id='word_1_100' title='bbox 502 1163 534 1183; x_wconf 91' lang='grc'><strong>111</strong></span> <span class='ocrx_word' id='word_1_101' title='bbox 551 1162 653 1184; x_wconf 88' lang='grc'><strong>1101135</strong></span> <span class='ocrx_word' id='word_1_102' title='bbox 666 1153 758 1193; x_wconf 86' lang='lat' dir='ltr'><strong>julii.</strong></span> <span class='ocrx_word' id='word_1_103' title='bbox 776 1162 863 1185; x_wconf 91' lang='lat' dir='ltr'><strong>anno</strong></span> <span class='ocrx_word' id='word_1_104' title='bbox 880 1159 1004 1194; x_wconf 88' lang='lat' dir='ltr'><strong>quarto.</strong></span> <span class='ocrx_word' id='word_1_105' title='bbox 1021 1155 1129 1195; x_wconf 73' lang='lat' dir='ltr'><strong>(Ibid.)</strong></span> 
     </span>
    </p>
   </div>
   <div class='ocr_carea' id='block_1_12' title="bbox 785 1234 1136 1270">
    <p class='ocr_par' dir='ltr' id='par_1_14' title="bbox 785 1234 1136 1270">
     <span class='ocr_line' id='line_1_21' title="bbox 785 1234 1136 1270; baseline 0.006 -9"><span class='ocrx_word' id='word_1_106' title='bbox 785 1234 911 1265; x_wconf 84' lang='lat' dir='ltr'><strong>Orvieto,</strong></span> <span class='ocrx_word' id='word_1_107' title='bbox 932 1235 1040 1270; x_wconf 76' lang='lat' dir='ltr'><strong>ffijuin</strong></span> <span class='ocrx_word' id='word_1_108' title='bbox 1059 1236 1136 1264; x_wconf 75' lang='lat'>1291.</span> 
     </span>
    </p>
   </div>
   <div class='ocr_carea' id='block_1_13' title="bbox 200 1296 1210 1393">
    <p class='ocr_par' dir='ltr' id='par_1_15' title="bbox 200 1296 1210 1393">
     <span class='ocr_line' id='line_1_22' title="bbox 240 1296 1208 1339; baseline 0.003 -12"><span class='ocrx_word' id='word_1_109' title='bbox 240 1296 279 1327; x_wconf 87' lang='lat' dir='ltr'><strong>In</strong></span> <span class='ocrx_word' id='word_1_110' title='bbox 299 1306 328 1328; x_wconf 89' lang='lat' dir='ltr'><strong>e.</strong></span> <span class='ocrx_word' id='word_1_111' title='bbox 346 1305 392 1326; x_wconf 92' lang='lat' dir='ltr'><strong>m.</strong></span> <span class='ocrx_word' id='word_1_112' title='bbox 410 1296 584 1333; x_wconf 78' lang='lat' dir='ltr'><strong>Mattb‘aeo,</strong></span> <span class='ocrx_word' id='word_1_113' title='bbox 602 1297 747 1336; x_wconf 89' lang='lat' dir='ltr'><strong>episcopo</strong></span> <span class='ocrx_word' id='word_1_114' title='bbox 763 1297 1009 1336; x_wconf 85' lang='lat' dir='ltr'><strong>Famagustano.</strong></span> <span class='ocrx_word' id='word_1_115' title='bbox 1029 1299 1101 1329; x_wconf 91' lang='lat' dir='ltr'><strong>Dat.</strong></span> <span class='ocrx_word' id='word_1_116' title='bbox 1124 1300 1208 1339; x_wconf 92' lang='lat' dir='ltr'><strong>apud</strong></span> 
     </span>
     <span class='ocr_line' id='line_1_23' title="bbox 200 1349 1210 1393; baseline 0.002 -12"><span class='ocrx_word' id='word_1_117' title='bbox 200 1350 480 1387; x_wconf 88' lang='lat' dir='ltr'><strong>Urbemveterem,</strong></span> <span class='ocrx_word' id='word_1_118' title='bbox 497 1359 550 1380; x_wconf 79' lang='lat' dir='ltr'><strong>xvr</strong></span> <span class='ocrx_word' id='word_1_119' title='bbox 572 1349 728 1380; x_wconf 86' lang='lat' dir='ltr'><strong>kalendas</strong></span> <span class='ocrx_word' id='word_1_120' title='bbox 748 1350 841 1390; x_wconf 88' lang='lat' dir='ltr'><strong>julii,</strong></span> <span class='ocrx_word' id='word_1_121' title='bbox 857 1359 944 1382; x_wconf 90' lang='lat' dir='ltr'><strong>anuo</strong></span> <span class='ocrx_word' id='word_1_122' title='bbox 960 1357 1084 1390; x_wconf 86' lang='lat' dir='ltr'><strong>quarto.</strong></span> <span class='ocrx_word' id='word_1_123' title='bbox 1105 1352 1210 1393; x_wconf 79' lang='lat' dir='ltr'><strong>(lbid.)</strong></span> 
     </span>
    </p>
   </div>
   <div class='ocr_carea' id='block_1_14' title="bbox 778 1429 1136 1463">
    <p class='ocr_par' dir='ltr' id='par_1_16' title="bbox 778 1429 1136 1463">
     <span class='ocr_line' id='line_1_24' title="bbox 778 1429 1136 1463; baseline 0.011 -7"><span class='ocrx_word' id='word_1_124' title='bbox 778 1429 907 1463; x_wconf 86' lang='lat' dir='ltr'><strong>Orvieto,</strong></span> <span class='ocrx_word' id='word_1_125' title='bbox 925 1431 958 1458; x_wconf 72' lang='lat'><strong>‘23</strong></span> <span class='ocrx_word' id='word_1_126' title='bbox 973 1433 1042 1459; x_wconf 75' lang='lat' dir='ltr'><strong>aeut</strong></span> <span class='ocrx_word' id='word_1_127' title='bbox 1059 1432 1136 1460; x_wconf 70' lang='lat'>¹291.</span> 
     </span>
    </p>
   </div>
   <div class='ocr_carea' id='block_1_15' title="bbox 196 1480 1210 1745">
    <p class='ocr_par' dir='ltr' id='par_1_17' title="bbox 196 1480 1210 1691">
     <span class='ocr_line' id='line_1_25' title="bbox 238 1480 1208 1530; baseline 0.006 -10"><span class='ocrx_word' id='word_1_128' title='bbox 238 1491 276 1521; x_wconf 91' lang='lat' dir='ltr'><strong>In</strong></span> <span class='ocrx_word' id='word_1_129' title='bbox 295 1499 323 1521; x_wconf 89' lang='lat' dir='ltr'><strong>e.</strong></span> <span class='ocrx_word' id='word_1_130' title='bbox 342 1499 387 1520; x_wconf 91' lang='lat' dir='ltr'><strong>m.</strong></span> <span class='ocrx_word' id='word_1_131' title='bbox 406 1491 560 1529; x_wconf 86' lang='lat' dir='ltr'><strong>magistro</strong></span> <span class='ocrx_word' id='word_1_132' title='bbox 577 1480 719 1530; x_wconf 80' lang='lat' dir='ltr'><strong>Silvagio</strong></span> <span class='ocrx_word' id='word_1_133' title='bbox 737 1491 776 1522; x_wconf 89' lang='lat' dir='ltr'><strong>de</strong></span> <span class='ocrx_word' id='word_1_134' title='bbox 796 1492 968 1530; x_wconf 87' lang='lat' dir='ltr'><strong>Florentia,</strong></span> <span class='ocrx_word' id='word_1_135' title='bbox 987 1495 1142 1526; x_wconf 90' lang='lat' dir='ltr'><strong>canonico</strong></span> <span class='ocrx_word' id='word_1_136' title='bbox 1159 1504 1208 1526; x_wconf 89' lang='lat' dir='ltr'><strong>ec-</strong></span> 
     </span>
     <span class='ocr_line' id='line_1_26' title="bbox 197 1543 1210 1584; baseline 0.004 -10"><span class='ocrx_word' id='word_1_137' title='bbox 197 1543 313 1575; x_wconf 90' lang='lat' dir='ltr'><strong>clesiae</strong></span> <span class='ocrx_word' id='word_1_138' title='bbox 326 1543 434 1574; x_wconf 82' lang='lat' dir='ltr'>Sancti</span> <span class='ocrx_word' id='word_1_139' title='bbox 447 1543 573 1574; x_wconf 90' lang='lat' dir='ltr'><strong>Ceddae</strong></span> <span class='ocrx_word' id='word_1_140' title='bbox 585 1543 726 1584; x_wconf 84' lang='lat' dir='ltr'><strong>Salomp,</strong></span> <span class='ocrx_word' id='word_1_141' title='bbox 740 1544 992 1576; x_wconf 89' lang='lat' dir='ltr'><strong>Conventrensis</strong></span> <span class='ocrx_word' id='word_1_142' title='bbox 1008 1551 1038 1577; x_wconf 90' lang='lat' dir='ltr'><strong>et</strong></span> <span class='ocrx_word' id='word_1_143' title='bbox 1055 1547 1210 1578; x_wconf 86' lang='lat' dir='ltr'><strong>Licbesel-</strong></span> 
     </span>
     <span class='ocr_line' id='line_1_27' title="bbox 196 1597 1208 1638; baseline 0.005 -11"><span class='ocrx_word' id='word_1_144' title='bbox 196 1597 305 1628; x_wconf 87' lang='lat' dir='ltr'><strong>densis</strong></span> <span class='ocrx_word' id='word_1_145' title='bbox 321 1597 494 1633; x_wconf 84' lang='lat' dir='ltr'><strong>dioecesis,</strong></span> <span class='ocrx_word' id='word_1_146' title='bbox 513 1597 678 1637; x_wconf 86' lang='lat' dir='ltr'><strong>capellano</strong></span> <span class='ocrx_word' id='word_1_147' title='bbox 696 1606 806 1637; x_wconf 85' lang='lat' dir='ltr'><strong>papae.</strong></span> <span class='ocrx_word' id='word_1_148' title='bbox 829 1599 900 1630; x_wconf 89' lang='lat' dir='ltr'><strong>Dat.</strong></span> <span class='ocrx_word' id='word_1_149' title='bbox 920 1600 1003 1638; x_wconf 92' lang='lat' dir='ltr'><strong>apud</strong></span> <span class='ocrx_word' id='word_1_150' title='bbox 1029 1600 1208 1635; x_wconf 89' lang='lat' dir='ltr'><strong>Urbemve-</strong></span> 
     </span>
     <span class='ocr_line' id='line_1_28' title="bbox 198 1649 1095 1691; baseline 0.003 -11"><span class='ocrx_word' id='word_1_151' title='bbox 198 1654 308 1687; x_wconf 85' lang='lat' dir='ltr'><strong>terem,</strong></span> <span class='ocrx_word' id='word_1_152' title='bbox 324 1659 344 1680; x_wconf 85' lang='lat' dir='ltr'>x</span> <span class='ocrx_word' id='word_1_153' title='bbox 358 1649 514 1681; x_wconf 82' lang='lat' dir='ltr'>kalendas</span> <span class='ocrx_word' id='word_1_154' title='bbox 529 1650 734 1689; x_wconf 84' lang='lat' dir='ltr'><strong>septembris,</strong></span> <span class='ocrx_word' id='word_1_155' title='bbox 751 1659 838 1682; x_wconf 92' lang='lat' dir='ltr'><strong>anno</strong></span> <span class='ocrx_word' id='word_1_156' title='bbox 851 1656 976 1691; x_wconf 88' lang='lat' dir='ltr'><strong>quarto.</strong></span> <span class='ocrx_word' id='word_1_157' title='bbox 995 1654 1095 1691; x_wconf 83' lang='lat' dir='ltr'><strong>(Ibid.)</strong></span> 
     </span>
    </p>

    <p class='ocr_par' dir='ltr' id='par_1_18' title="bbox 237 1703 1041 1745">
     <span class='ocr_line' id='line_1_29' title="bbox 237 1703 1041 1745; baseline 0.002 -11"><span class='ocrx_word' id='word_1_158' title='bbox 237 1704 275 1734; x_wconf 90' lang='lat' dir='ltr'><strong>Iu</strong></span> <span class='ocrx_word' id='word_1_159' title='bbox 291 1712 320 1734; x_wconf 89' lang='lat' dir='ltr'><strong>e.</strong></span> <span class='ocrx_word' id='word_1_160' title='bbox 337 1712 380 1734; x_wconf 89' lang='lat' dir='ltr'><strong>m.</strong></span> <span class='ocrx_word' id='word_1_161' title='bbox 400 1703 557 1739; x_wconf 90' lang='lat' dir='ltr'><strong>Henrico,</strong></span> <span class='ocrx_word' id='word_1_162' title='bbox 577 1703 723 1743; x_wconf 86' lang='lat' dir='ltr'><strong>episcopo</strong></span> <span class='ocrx_word' id='word_1_163' title='bbox 741 1703 917 1743; x_wconf 86' lang='lat' dir='ltr'><strong>Clugiensi.</strong></span> <span class='ocrx_word' id='word_1_164' title='bbox 939 1706 1041 1745; x_wconf 74' lang='lat' dir='ltr'><strong>(Ibid.)</strong></span> 
     </span>
    </p>
   </div>
   <div class='ocr_carea' id='block_1_16' title="bbox 775 1785 1136 1817">
    <p class='ocr_par' dir='ltr' id='par_1_19' title="bbox 775 1785 1136 1817">
     <span class='ocr_line' id='line_1_30' title="bbox 775 1785 1136 1817; baseline 0.006 -5"><span class='ocrx_word' id='word_1_165' title='bbox 775 1785 908 1817; x_wconf 80' lang='lat' dir='ltr'><strong>Orvieto,</strong></span> <span class='ocrx_word' id='word_1_166' title='bbox 924 1786 958 1813; x_wconf 77' lang='lat'><strong>‘26</strong></span> <span class='ocrx_word' id='word_1_167' title='bbox 973 1787 1041 1813; x_wconf 78' lang='lat' dir='ltr'><strong>amit</strong></span> <span class='ocrx_word' id='word_1_168' title='bbox 1059 1786 1136 1814; x_wconf 69' lang='lat'>1291.</span> 
     </span>
    </p>
   </div>
   <div class='ocr_carea' id='block_1_17' title="bbox 193 1847 1209 2166">
    <p class='ocr_par' dir='ltr' id='par_1_20' title="bbox 193 1847 1209 1994">
     <span class='ocr_line' id='line_1_31' title="bbox 237 1847 1209 1890; baseline 0.004 -13"><span class='ocrx_word' id='word_1_169' title='bbox 237 1847 277 1878; x_wconf 87' lang='lat' dir='ltr'><strong>In</strong></span> <span class='ocrx_word' id='word_1_170' title='bbox 303 1856 332 1878; x_wconf 93' lang='lat' dir='ltr'><strong>e.</strong></span> <span class='ocrx_word' id='word_1_171' title='bbox 358 1856 400 1878; x_wconf 90' lang='lat' dir='ltr'><strong>m.</strong></span> <span class='ocrx_word' id='word_1_172' title='bbox 430 1847 592 1885; x_wconf 85' lang='lat' dir='ltr'><strong>Arnaldo,</strong></span> <span class='ocrx_word' id='word_1_173' title='bbox 619 1849 766 1888; x_wconf 88' lang='lat' dir='ltr'><strong>episcopo</strong></span> <span class='ocrx_word' id='word_1_174' title='bbox 791 1849 993 1879; x_wconf 87' lang='lat' dir='ltr'><strong>Dertusensi.</strong></span> <span class='ocrx_word' id='word_1_175' title='bbox 1025 1850 1096 1879; x_wconf 90' lang='lat' dir='ltr'><strong>Dat.</strong></span> <span class='ocrx_word' id='word_1_176' title='bbox 1124 1851 1209 1890; x_wconf 89' lang='lat' dir='ltr'><strong>apud</strong></span> 
     </span>
     <span class='ocr_line' id='line_1_32' title="bbox 197 1900 1205 1942; baseline 0.001 -10"><span class='ocrx_word' id='word_1_177' title='bbox 197 1900 479 1938; x_wconf 85' lang='lat' dir='ltr'><strong>Urbemveterem,</strong></span> <span class='ocrx_word' id='word_1_178' title='bbox 499 1910 542 1931; x_wconf 89' lang='lat' dir='ltr'><strong>vn</strong></span> <span class='ocrx_word' id='word_1_179' title='bbox 569 1900 723 1932; x_wconf 86' lang='lat' dir='ltr'>kalendas</span> <span class='ocrx_word' id='word_1_180' title='bbox 745 1902 950 1941; x_wconf 85' lang='lat' dir='ltr'><strong>septembris,</strong></span> <span class='ocrx_word' id='word_1_181' title='bbox 974 1911 1060 1933; x_wconf 89' lang='lat' dir='ltr'><strong>anuo</strong></span> <span class='ocrx_word' id='word_1_182' title='bbox 1082 1909 1205 1942; x_wconf 86' lang='lat' dir='ltr'><strong>quarto.</strong></span> 
     </span>
     <span class='ocr_line' id='line_1_33' title="bbox 193 1953 300 1994; baseline 0 -10"><span class='ocrx_word' id='word_1_183' title='bbox 193 1953 300 1994; x_wconf 69' lang='lat' dir='ltr'><strong>(loia.)</strong></span> 
     </span>
    </p>

    <p class='ocr_par' dir='ltr' id='par_1_21' title="bbox 668 2008 1134 2044">
     <span class='ocr_line' id='line_1_34' title="bbox 668 2008 1134 2044; baseline 0.009 -10"><span class='ocrx_word' id='word_1_184' title='bbox 668 2008 801 2040; x_wconf 76' lang='lat' dir='ltr'><strong>OrvIeto,</strong></span> <span class='ocrx_word' id='word_1_185' title='bbox 822 2010 860 2035; x_wconf 61' lang='grc' dir='ltr'><strong>μ’</strong></span> <span class='ocrx_word' id='word_1_186' title='bbox 874 2010 1037 2044; x_wconf 78' lang='lat' dir='ltr'><strong>septembre</strong></span> <span class='ocrx_word' id='word_1_187' title='bbox 1056 2010 1134 2038; x_wconf 66' lang='lat'>1291.</span> 
     </span>
    </p>

    <p class='ocr_par' dir='ltr' id='par_1_22' title="bbox 233 2071 1206 2112">
     <span class='ocr_line' id='line_1_35' title="bbox 233 2071 1206 2112; baseline 0.003 -11"><span class='ocrx_word' id='word_1_188' title='bbox 233 2071 272 2101; x_wconf 88' lang='lat' dir='ltr'><strong>In</strong></span> <span class='ocrx_word' id='word_1_189' title='bbox 287 2080 316 2102; x_wconf 89' lang='lat' dir='ltr'><strong>e.</strong></span> <span class='ocrx_word' id='word_1_190' title='bbox 332 2079 376 2101; x_wconf 91' lang='lat' dir='ltr'><strong>m.</strong></span> <span class='ocrx_word' id='word_1_191' title='bbox 396 2071 609 2107; x_wconf 85' lang='lat' dir='ltr'><strong>Archibaldo,</strong></span> <span class='ocrx_word' id='word_1_192' title='bbox 633 2071 779 2110; x_wconf 88' lang='lat' dir='ltr'><strong>episcopo</strong></span> <span class='ocrx_word' id='word_1_193' title='bbox 804 2071 1009 2102; x_wconf 80' lang='lat' dir='ltr'><strong>Moraviensi.</strong></span> <span class='ocrx_word' id='word_1_194' title='bbox 1034 2073 1105 2104; x_wconf 84' lang='lat' dir='ltr'><strong>Dat.</strong></span> <span class='ocrx_word' id='word_1_195' title='bbox 1123 2075 1206 2112; x_wconf 84' lang='lat' dir='ltr'><strong>apud</strong></span> 
     </span>
    </p>

    <p class='ocr_par' dir='ltr' id='par_1_23' title="bbox 193 2123 1206 2166">
     <span class='ocr_line' id='line_1_36' title="bbox 193 2123 1206 2166; baseline 0 -11"><span class='ocrx_word' id='word_1_196' title='bbox 193 2123 470 2159; x_wconf 87' lang='lat' dir='ltr'><strong>Urbemveterem,</strong></span> <span class='ocrx_word' id='word_1_197' title='bbox 485 2123 633 2153; x_wconf 80' lang='lat' dir='ltr'><strong>kalendis</strong></span> <span class='ocrx_word' id='word_1_198' title='bbox 645 2123 846 2162; x_wconf 79' lang='lat' dir='ltr'><strong>septembris,</strong></span> <span class='ocrx_word' id='word_1_199' title='bbox 862 2132 948 2155; x_wconf 90' lang='lat' dir='ltr'><strong>anno</strong></span> <span class='ocrx_word' id='word_1_200' title='bbox 963 2130 1087 2164; x_wconf 88' lang='lat' dir='ltr'><strong>quarto.</strong></span> <span class='ocrx_word' id='word_1_201' title='bbox 1103 2127 1206 2166; x_wconf 80' lang='lat' dir='ltr'><strong>(Ibid.)</strong></span> 
     </span>
    </p>
   </div>
   <div class='ocr_carea' id='block_1_18' title="bbox 229 2323 1132 2419">
    <p class='ocr_par' dir='ltr' id='par_1_24' title="bbox 229 2323 1132 2419">
     <span class='ocr_line' id='line_1_37' title="bbox 261 2323 1132 2356; baseline 0 -4"><span class='ocrx_word' id='word_1_202' title='bbox 261 2323 380 2353; x_wconf 72' lang='lat'><strong>4859</strong></span> <span class='ocrx_word' id='word_1_203' title='bbox 773 2323 900 2356; x_wconf 60' lang='lat' dir='ltr'><strong>Ort-teto,</strong></span> <span class='ocrx_word' id='word_1_204' title='bbox 918 2324 952 2351; x_wconf 75' lang='lat'><strong>‘26</strong></span> <span class='ocrx_word' id='word_1_205' title='bbox 966 2325 1036 2351; x_wconf 86' lang='lat' dir='ltr'><strong>avril</strong></span> <span class='ocrx_word' id='word_1_206' title='bbox 1056 2325 1132 2352; x_wconf 67' lang='lat'>129¹.</span> 
     </span>
     <span class='ocr_line' id='line_1_38' title="bbox 229 2383 944 2419; baseline -0.001 -7"><span class='ocrx_word' id='word_1_207' title='bbox 229 2383 360 2412; x_wconf 74' lang='lat' dir='ltr'><strong>Faculms</strong></span> <span class='ocrx_word' id='word_1_208' title='bbox 375 2385 510 2412; x_wconf 82' lang='lat' dir='ltr'><strong>testandi.</strong></span> <span class='ocrx_word' id='word_1_209' title='bbox 528 2384 612 2418; x_wconf 76' lang='lat' dir='ltr'><strong>(Rso.</strong></span> <span class='ocrx_word' id='word_1_210' title='bbox 626 2385 670 2417; x_wconf 71' lang='lat'><strong>46,</strong></span> <span class='ocrx_word' id='word_1_211' title='bbox 684 2393 710 2412; x_wconf 90' lang='lat' dir='ltr'><strong>c.</strong></span> <span class='ocrx_word' id='word_1_212' title='bbox 731 2385 790 2419; x_wconf 73' lang='lat'><strong>1⁴4,</strong></span> <span class='ocrx_word' id='word_1_213' title='bbox 807 2385 825 2412; x_wconf 76' lang='lat' dir='ltr'><strong>t&#39;.</strong></span> <span class='ocrx_word' id='word_1_214' title='bbox 841 2385 875 2412; x_wconf 77' lang='lat'><strong>‘28</strong></span> <span class='ocrx_word' id='word_1_215' title='bbox 892 2388 944 2418; x_wconf 76' lang='lat' dir='ltr'><strong>vo.)</strong></span> 
     </span>
    </p>
   </div>
   <div class='ocr_carea' id='block_1_19' title="bbox 188 2494 1205 2958">
    <p class='ocr_par' dir='ltr' id='par_1_25' title="bbox 188 2494 1205 2958">
     <span class='ocr_line' id='line_1_39' title="bbox 239 2494 1204 2533; baseline 0.004 -11"><span class='ocrx_word' id='word_1_216' title='bbox 239 2494 405 2523; x_wconf 80' lang='lat' dir='ltr'><strong>Venerabili</strong></span> <span class='ocrx_word' id='word_1_217' title='bbox 420 2494 516 2530; x_wconf 79' lang='lat' dir='ltr'><strong>fratri</strong></span> <span class='ocrx_word' id='word_1_218' title='bbox 532 2494 653 2529; x_wconf 79' lang='lat' dir='ltr'><strong>Pontio,</strong></span> <span class='ocrx_word' id='word_1_219' title='bbox 673 2495 809 2533; x_wconf 85' lang='lat' dir='ltr'><strong>episcopo</strong></span> <span class='ocrx_word' id='word_1_220' title='bbox 828 2494 1028 2532; x_wconf 71' lang='lat' dir='ltr'><strong>Majoricensi.</strong></span> <span class='ocrx_word' id='word_1_221' title='bbox 1048 2507 1060 2521; x_wconf 79' lang='grc' dir='ltr'><strong>ιι</strong></span> <span class='ocrx_word' id='word_1_222' title='bbox 1081 2495 1204 2525; x_wconf 83' lang='lat' dir='ltr'><strong>Meritis</strong></span> 
     </span>
     <span class='ocr_line' id='line_1_40' title="bbox 192 2546 1204 2578; baseline 0.001 -1"><span class='ocrx_word' id='word_1_223' title='bbox 192 2551 246 2577; x_wconf 85' lang='lat' dir='ltr'><strong>tue</strong></span> <span class='ocrx_word' id='word_1_224' title='bbox 270 2546 452 2577; x_wconf 81' lang='lat' dir='ltr'><strong>devotionis</strong></span> <span class='ocrx_word' id='word_1_225' title='bbox 478 2546 667 2577; x_wconf 86' lang='lat' dir='ltr'><strong>inducimur</strong></span> <span class='ocrx_word' id='word_1_226' title='bbox 696 2550 730 2576; x_wconf 90' lang='lat' dir='ltr'><strong>ut</strong></span> <span class='ocrx_word' id='word_1_227' title='bbox 755 2552 825 2577; x_wconf 82' lang='lat' dir='ltr'><strong>vota</strong></span> <span class='ocrx_word' id='word_1_228' title='bbox 853 2551 906 2577; x_wconf 91' lang='lat' dir='ltr'><strong>tua</strong></span> <span class='ocrx_word' id='word_1_229' title='bbox 926 2547 1032 2578; x_wconf 80' lang='lat' dir='ltr'><strong>favore</strong></span> <span class='ocrx_word' id='word_1_230' title='bbox 1058 2548 1204 2578; x_wconf 82' lang='lat' dir='ltr'><strong>benivolo</strong></span> 
     </span>
     <span class='ocr_line' id='line_1_41' title="bbox 190 2600 1205 2640; baseline 0.002 -10"><span class='ocrx_word' id='word_1_231' title='bbox 190 2609 434 2640; x_wconf 83' lang='lat' dir='ltr'><strong>prosequamur.</strong></span> <span class='ocrx_word' id='word_1_232' title='bbox 460 2600 544 2631; x_wconf 91' lang='lat' dir='ltr'><strong>Sane</strong></span> <span class='ocrx_word' id='word_1_233' title='bbox 561 2600 668 2639; x_wconf 91' lang='lat' dir='ltr'><strong>petitio</strong></span> <span class='ocrx_word' id='word_1_234' title='bbox 684 2605 736 2631; x_wconf 92' lang='lat' dir='ltr'><strong>tua</strong></span> <span class='ocrx_word' id='word_1_235' title='bbox 755 2601 847 2631; x_wconf 90' lang='lat' dir='ltr'><strong>nobis</strong></span> <span class='ocrx_word' id='word_1_236' title='bbox 863 2601 1005 2631; x_wconf 80' lang='lat' dir='ltr'><strong>exhibita</strong></span> <span class='ocrx_word' id='word_1_237' title='bbox 1022 2602 1205 2632; x_wconf 89' lang='lat' dir='ltr'><strong>continebat</strong></span> 
     </span>
     <span class='ocr_line' id='line_1_42' title="bbox 191 2653 1203 2694; baseline 0 -9"><span class='ocrx_word' id='word_1_238' title='bbox 191 2653 298 2694; x_wconf 86' lang='lat' dir='ltr'><strong>quod,</strong></span> <span class='ocrx_word' id='word_1_239' title='bbox 323 2663 398 2684; x_wconf 90' lang='lat' dir='ltr'><strong>cum</strong></span> <span class='ocrx_word' id='word_1_240' title='bbox 421 2653 461 2684; x_wconf 91' lang='lat' dir='ltr'><strong>ad</strong></span> <span class='ocrx_word' id='word_1_241' title='bbox 484 2653 673 2684; x_wconf 86' lang='lat' dir='ltr'><strong>mandatum</strong></span> <span class='ocrx_word' id='word_1_242' title='bbox 702 2653 808 2684; x_wconf 85' lang='lat' dir='ltr'><strong>dilecti</strong></span> <span class='ocrx_word' id='word_1_243' title='bbox 833 2654 890 2684; x_wconf 81' lang='lat' dir='ltr'><strong>filii</strong></span> <span class='ocrx_word' id='word_1_244' title='bbox 921 2655 1020 2685; x_wconf 80' lang='lat' dir='ltr'><strong>nostri</strong></span> <span class='ocrx_word' id='word_1_245' title='bbox 1045 2656 1089 2690; x_wconf 87' lang='lat' dir='ltr'><strong>J.‚</strong></span> <span class='ocrx_word' id='word_1_246' title='bbox 1122 2655 1203 2685; x_wconf 87' lang='lat' dir='ltr'><strong>tituli</strong></span> 
     </span>
     <span class='ocr_line' id='line_1_43' title="bbox 191 2706 1202 2746; baseline 0.002 -10"><span class='ocrx_word' id='word_1_247' title='bbox 191 2706 308 2737; x_wconf 84' lang='lat' dir='ltr'><strong>Sancte</strong></span> <span class='ocrx_word' id='word_1_248' title='bbox 333 2706 450 2737; x_wconf 89' lang='lat' dir='ltr'><strong>Cecilie</strong></span> <span class='ocrx_word' id='word_1_249' title='bbox 478 2706 655 2746; x_wconf 79' lang='lat' dir='ltr'><strong>presbyteri</strong></span> <span class='ocrx_word' id='word_1_250' title='bbox 676 2706 865 2744; x_wconf 85' lang='lat' dir='ltr'><strong>cardinalis,</strong></span> <span class='ocrx_word' id='word_1_251' title='bbox 894 2711 969 2738; x_wconf 85' lang='lat' dir='ltr'><strong>tunc</strong></span> <span class='ocrx_word' id='word_1_252' title='bbox 991 2708 1024 2738; x_wconf 93' lang='lat' dir='ltr'><strong>in</strong></span> <span class='ocrx_word' id='word_1_253' title='bbox 1052 2708 1202 2745; x_wconf 88' lang='lat' dir='ltr'><strong>Fraucie,</strong></span> 
     </span>
     <span class='ocr_line' id='line_1_44' title="bbox 190 2758 1201 2799; baseline 0.001 -9"><span class='ocrx_word' id='word_1_254' title='bbox 190 2758 356 2798; x_wconf 79' lang='lat' dir='ltr'><strong>Aragonie</strong></span> <span class='ocrx_word' id='word_1_255' title='bbox 375 2764 406 2789; x_wconf 84' lang='lat' dir='ltr'><strong>et</strong></span> <span class='ocrx_word' id='word_1_256' title='bbox 423 2758 650 2798; x_wconf 84' lang='lat' dir='ltr'><strong>Maj0ricarum</strong></span> <span class='ocrx_word' id='word_1_257' title='bbox 673 2760 781 2797; x_wconf 87' lang='lat' dir='ltr'><strong>regnis</strong></span> <span class='ocrx_word' id='word_1_258' title='bbox 799 2760 968 2798; x_wconf 81' lang='lat' dir='ltr'><strong>apostolice</strong></span> <span class='ocrx_word' id='word_1_259' title='bbox 988 2760 1071 2790; x_wconf 92' lang='lat' dir='ltr'><strong>sedis</strong></span> <span class='ocrx_word' id='word_1_260' title='bbox 1088 2760 1201 2799; x_wconf 79' lang='lat' dir='ltr'><strong>legati,</strong></span> 
     </span>
     <span class='ocr_line' id='line_1_45' title="bbox 189 2811 1202 2850; baseline 0.001 -8"><span class='ocrx_word' id='word_1_261' title='bbox 189 2811 366 2842; x_wconf 81' lang='lat' dir='ltr'><strong>sententias</strong></span> <span class='ocrx_word' id='word_1_262' title='bbox 381 2815 412 2841; x_wconf 86' lang='lat' dir='ltr'><strong>et</strong></span> <span class='ocrx_word' id='word_1_263' title='bbox 427 2819 595 2850; x_wconf 83' lang='lat' dir='ltr'><strong>processus</strong></span> <span class='ocrx_word' id='word_1_264' title='bbox 614 2811 741 2842; x_wconf 87' lang='lat' dir='ltr'><strong>habitos</strong></span> <span class='ocrx_word' id='word_1_265' title='bbox 758 2820 814 2850; x_wconf 89' lang='lat' dir='ltr'><strong>per</strong></span> <span class='ocrx_word' id='word_1_266' title='bbox 836 2812 944 2842; x_wconf 87' lang='lat' dir='ltr'><strong>sedem</strong></span> <span class='ocrx_word' id='word_1_267' title='bbox 969 2813 1102 2843; x_wconf 90' lang='lat' dir='ltr'><strong>eandem</strong></span> <span class='ocrx_word' id='word_1_268' title='bbox 1127 2822 1202 2844; x_wconf 82' lang='lat' dir='ltr'><strong>con-</strong></span> 
     </span>
     <span class='ocr_line' id='line_1_46' title="bbox 189 2864 1203 2904; baseline 0.002 -10"><span class='ocrx_word' id='word_1_269' title='bbox 189 2869 238 2895; x_wconf 86' lang='lat' dir='ltr'><strong>tra</strong></span> <span class='ocrx_word' id='word_1_270' title='bbox 263 2864 427 2904; x_wconf 89' lang='lat' dir='ltr'><strong>quondam</strong></span> <span class='ocrx_word' id='word_1_271' title='bbox 460 2865 614 2899; x_wconf 86' lang='lat' dir='ltr'><strong>Petrum,</strong></span> <span class='ocrx_word' id='word_1_272' title='bbox 643 2864 766 2894; x_wconf 88' lang='lat' dir='ltr'><strong>dudum</strong></span> <span class='ocrx_word' id='word_1_273' title='bbox 795 2874 902 2903; x_wconf 83' lang='lat' dir='ltr'><strong>regem</strong></span> <span class='ocrx_word' id='word_1_274' title='bbox 933 2866 1142 2903; x_wconf 82' lang='lat' dir='ltr'><strong>Aragonum.</strong></span> <span class='ocrx_word' id='word_1_275' title='bbox 1173 2872 1203 2896; x_wconf 90' lang='lat' dir='ltr'><strong>et</strong></span> 
     </span>
     <span class='ocr_line' id='line_1_47' title="bbox 188 2917 1201 2958; baseline 0.001 -10"><span class='ocrx_word' id='word_1_276' title='bbox 188 2918 327 2949; x_wconf 78' lang='lat' dir='ltr'><strong>fautores</strong></span> <span class='ocrx_word' id='word_1_277' title='bbox 342 2917 443 2956; x_wconf 86' lang='lat' dir='ltr'><strong>ipsius</strong></span> <span class='ocrx_word' id='word_1_278' title='bbox 461 2917 656 2957; x_wconf 88' lang='lat' dir='ltr'><strong>publicasses</strong></span> <span class='ocrx_word' id='word_1_279' title='bbox 678 2918 712 2947; x_wconf 93' lang='grc'><strong>111</strong></span> <span class='ocrx_word' id='word_1_280' title='bbox 732 2918 859 2948; x_wconf 88' lang='lat' dir='ltr'><strong>civitate</strong></span> <span class='ocrx_word' id='word_1_281' title='bbox 876 2923 904 2948; x_wconf 92' lang='lat' dir='ltr'><strong>et</strong></span> <span class='ocrx_word' id='word_1_282' title='bbox 932 2918 1049 2949; x_wconf 84' lang='lat' dir='ltr'><strong>diocesi</strong></span> <span class='ocrx_word' id='word_1_283' title='bbox 1068 2919 1201 2958; x_wconf 83' lang='lat' dir='ltr'><strong>Majori-</strong></span> 
     </span>
    </p>
   </div>
   <div class='ocr_carea' id='block_1_20' title="bbox 331 2982 622 3012">
    <p class='ocr_par' dir='ltr' id='par_1_26' title="bbox 331 2982 622 3012">
     <span class='ocr_line' id='line_1_48' title="bbox 331 2982 622 3012; baseline -0.003 -2"><span class='ocrx_word' id='word_1_284' title='bbox 331 2982 403 3010; x_wconf 73' lang='lat' dir='ltr'><strong>Res.</strong></span> <span class='ocrx_word' id='word_1_285' title='bbox 425 2983 548 3012; x_wconf 55' lang='lat' dir='ltr'><strong>Nicotaus</strong></span> <span class='ocrx_word' id='word_1_286' title='bbox 570 2983 622 3010; x_wconf 81' lang='lat' dir='ltr'><strong>lv.</strong></span> 
     </span>
    </p>
   </div>
   <div class='ocr_carea' id='block_1_21' title="bbox 1285 320 2302 2964">
    <p class='ocr_par' dir='ltr' id='par_1_27' title="bbox 1285 320 2302 2964">
     <span class='ocr_line' id='line_1_49' title="bbox 1293 320 2299 368; baseline 0.013 -20"><span class='ocrx_word' id='word_1_287' title='bbox 1293 320 1379 348; x_wconf 87' lang='lat' dir='ltr'><strong>censi</strong></span> <span class='ocrx_word' id='word_1_288' title='bbox 1406 324 1436 349; x_wconf 84' lang='lat' dir='ltr'><strong>et</strong></span> <span class='ocrx_word' id='word_1_289' title='bbox 1455 330 1583 351; x_wconf 88' lang='lat' dir='ltr'><strong>crucem</strong></span> <span class='ocrx_word' id='word_1_290' title='bbox 1607 321 1726 352; x_wconf 85' lang='lat' dir='ltr'><strong>ibidem</strong></span> <span class='ocrx_word' id='word_1_291' title='bbox 1751 324 1847 353; x_wconf 89' lang='lat' dir='ltr'><strong>etiam</strong></span> <span class='ocrx_word' id='word_1_292' title='bbox 1867 326 2078 363; x_wconf 73' lang='lat' dir='ltr'><strong>predic-asses,</strong></span> <span class='ocrx_word' id='word_1_293' title='bbox 2099 329 2277 361; x_wconf 74' lang='lat' dir='ltr'><strong>ildefonsus</strong></span> <span class='ocrx_word' id='word_1_294' title='bbox 2292 356 2299 368; x_wconf 89' lang='lat'><strong>,</strong></span> 
     </span>
     <span class='ocr_line' id='line_1_50' title="bbox 1293 370 2299 422; baseline 0.013 -22"><span class='ocrx_word' id='word_1_295' title='bbox 1293 370 1394 409; x_wconf 83' lang='lat' dir='ltr'><strong>ipsius</strong></span> <span class='ocrx_word' id='word_1_296' title='bbox 1413 372 1499 403; x_wconf 84' lang='lat' dir='ltr'><strong>Petri</strong></span> <span class='ocrx_word' id='word_1_297' title='bbox 1516 373 1617 411; x_wconf 81' lang='lat' dir='ltr'><strong>tilius,</strong></span> <span class='ocrx_word' id='word_1_298' title='bbox 1639 380 1666 404; x_wconf 89' lang='lat' dir='ltr'><strong>te</strong></span> <span class='ocrx_word' id='word_1_299' title='bbox 1685 381 1810 414; x_wconf 83' lang='lat' dir='ltr'><strong>propter</strong></span> <span class='ocrx_word' id='word_1_300' title='bbox 1830 377 1888 407; x_wconf 93' lang='grc'><strong>1100</strong></span> <span class='ocrx_word' id='word_1_301' title='bbox 1909 387 2102 418; x_wconf 86' lang='lat' dir='ltr'><strong>persequens</strong></span> <span class='ocrx_word' id='word_1_302' title='bbox 2124 382 2194 412; x_wconf 90' lang='lat' dir='ltr'><strong>odio</strong></span> <span class='ocrx_word' id='word_1_303' title='bbox 2212 386 2299 422; x_wconf 84' lang='lat' dir='ltr'><strong>capi-</strong></span> 
     </span>
     <span class='ocr_line' id='line_1_51' title="bbox 1294 425 2300 475; baseline 0.014 -21"><span class='ocrx_word' id='word_1_304' title='bbox 1294 425 1364 461; x_wconf 86' lang='lat' dir='ltr'><strong>tali,</strong></span> <span class='ocrx_word' id='word_1_305' title='bbox 1381 427 1485 456; x_wconf 86' lang='lat' dir='ltr'><strong>statim</strong></span> <span class='ocrx_word' id='word_1_306' title='bbox 1505 432 1670 467; x_wconf 76' lang='lat' dir='ltr'><strong>postquam</strong></span> <span class='ocrx_word' id='word_1_307' title='bbox 1691 430 1851 460; x_wconf 86' lang='lat' dir='ltr'><strong>civitatem</strong></span> <span class='ocrx_word' id='word_1_308' title='bbox 1876 431 2009 462; x_wconf 85' lang='lat' dir='ltr'><strong>intravit</strong></span> <span class='ocrx_word' id='word_1_309' title='bbox 2031 434 2165 465; x_wconf 88' lang='lat' dir='ltr'><strong>eandem</strong></span> <span class='ocrx_word' id='word_1_310' title='bbox 2190 446 2300 475; x_wconf 90' lang='lat' dir='ltr'><strong>preco-</strong></span> 
     </span>
     <span class='ocr_line' id='line_1_52' title="bbox 1293 479 2302 524; baseline 0.014 -17"><span class='ocrx_word' id='word_1_311' title='bbox 1293 479 1395 508; x_wconf 90' lang='lat' dir='ltr'><strong>nizari</strong></span> <span class='ocrx_word' id='word_1_312' title='bbox 1411 480 1537 518; x_wconf 91' lang='lat' dir='ltr'><strong>publice</strong></span> <span class='ocrx_word' id='word_1_313' title='bbox 1560 482 1632 512; x_wconf 85' lang='lat' dir='ltr'><strong>fecit</strong></span> <span class='ocrx_word' id='word_1_314' title='bbox 1654 487 1688 513; x_wconf 91' lang='lat' dir='ltr'><strong>ut</strong></span> <span class='ocrx_word' id='word_1_315' title='bbox 1710 484 1906 524; x_wconf 88' lang='lat' dir='ltr'><strong>quicumque</strong></span> <span class='ocrx_word' id='word_1_316' title='bbox 1924 485 1964 515; x_wconf 92' lang='lat' dir='ltr'><strong>de</strong></span> <span class='ocrx_word' id='word_1_317' title='bbox 1979 486 2071 517; x_wconf 90' lang='lat' dir='ltr'><strong>bonis</strong></span> <span class='ocrx_word' id='word_1_318' title='bbox 2091 488 2152 518; x_wconf 90' lang='lat' dir='ltr'><strong>tuis</strong></span> <span class='ocrx_word' id='word_1_319' title='bbox 2170 489 2302 522; x_wconf 82' lang='lat' dir='ltr'><strong>haberet</strong></span> 
     </span>
     <span class='ocr_line' id='line_1_53' title="bbox 1294 531 2301 580; baseline 0.013 -19"><span class='ocrx_word' id='word_1_320' title='bbox 1294 531 1418 569; x_wconf 88' lang='lat' dir='ltr'><strong>publice</strong></span> <span class='ocrx_word' id='word_1_321' title='bbox 1441 533 1490 563; x_wconf 82' lang='lat' dir='ltr'><strong>vel</strong></span> <span class='ocrx_word' id='word_1_322' title='bbox 1514 534 1637 566; x_wconf 82' lang='lat' dir='ltr'><strong>occulte</strong></span> <span class='ocrx_word' id='word_1_323' title='bbox 1655 535 1745 567; x_wconf 87' lang='lat' dir='ltr'><strong>daret</strong></span> <span class='ocrx_word' id='word_1_324' title='bbox 1765 545 1801 567; x_wconf 88' lang='grc'><strong>03</strong></span> <span class='ocrx_word' id='word_1_325' title='bbox 1826 542 1856 567; x_wconf 86' lang='grc'><strong>01</strong></span> <span class='ocrx_word' id='word_1_326' title='bbox 1881 539 2102 570; x_wconf 78' lang='lat' dir='ltr'><strong>manifestaret</strong></span> <span class='ocrx_word' id='word_1_327' title='bbox 2125 542 2245 580; x_wconf 82' lang='lat' dir='ltr'><strong>eidem,</strong></span> <span class='ocrx_word' id='word_1_328' title='bbox 2272 550 2301 574; x_wconf 89' lang='lat' dir='ltr'><strong>et</strong></span> 
     </span>
     <span class='ocr_line' id='line_1_54' title="bbox 1293 584 2296 635; baseline 0.013 -21"><span class='ocrx_word' id='word_1_329' title='bbox 1293 584 1409 616; x_wconf 88' lang='lat' dir='ltr'><strong>deinde</strong></span> <span class='ocrx_word' id='word_1_330' title='bbox 1423 587 1561 625; x_wconf 85' lang='lat' dir='ltr'><strong>quodam</strong></span> <span class='ocrx_word' id='word_1_331' title='bbox 1578 589 1777 628; x_wconf 70' lang='lat' dir='ltr'><strong>presbytero,</strong></span> <span class='ocrx_word' id='word_1_332' title='bbox 1795 595 1997 629; x_wconf 80' lang='lat' dir='ltr'><strong>procuratore</strong></span> <span class='ocrx_word' id='word_1_333' title='bbox 2014 597 2066 623; x_wconf 90' lang='lat' dir='ltr'><strong>tuo</strong></span> <span class='ocrx_word' id='word_1_334' title='bbox 2084 594 2116 623; x_wconf 88' lang='lat' dir='ltr'><strong>in</strong></span> <span class='ocrx_word' id='word_1_335' title='bbox 2141 599 2296 635; x_wconf 88' lang='lat' dir='ltr'><strong>tempora-</strong></span> 
     </span>
     <span class='ocr_line' id='line_1_55' title="bbox 1294 638 2300 687; baseline 0.014 -20"><span class='ocrx_word' id='word_1_336' title='bbox 1294 638 1392 675; x_wconf 84' lang='lat' dir='ltr'><strong>libus,</strong></span> <span class='ocrx_word' id='word_1_337' title='bbox 1420 640 1642 671; x_wconf 80' lang='lat' dir='ltr'><strong>inhumaniter</strong></span> <span class='ocrx_word' id='word_1_338' title='bbox 1668 649 1773 682; x_wconf 85' lang='lat' dir='ltr'><strong>capto,</strong></span> <span class='ocrx_word' id='word_1_339' title='bbox 1794 645 1962 683; x_wconf 87' lang='lat' dir='ltr'><strong>pecuniam</strong></span> <span class='ocrx_word' id='word_1_340' title='bbox 1989 651 2018 676; x_wconf 92' lang='lat' dir='ltr'><strong>et</strong></span> <span class='ocrx_word' id='word_1_341' title='bbox 2039 646 2102 677; x_wconf 91' lang='lat' dir='ltr'><strong>alia</strong></span> <span class='ocrx_word' id='word_1_342' title='bbox 2127 658 2188 687; x_wconf 87' lang='lat' dir='ltr'><strong>que</strong></span> <span class='ocrx_word' id='word_1_343' title='bbox 2214 650 2300 681; x_wconf 90' lang='lat' dir='ltr'><strong>idem</strong></span> 
     </span>
     <span class='ocr_line' id='line_1_56' title="bbox 1295 693 2298 741; baseline 0.013 -20"><span class='ocrx_word' id='word_1_344' title='bbox 1295 693 1460 732; x_wconf 74' lang='lat' dir='ltr'><strong>presbyter</strong></span> <span class='ocrx_word' id='word_1_345' title='bbox 1484 695 1614 724; x_wconf 88' lang='lat' dir='ltr'><strong>nomine</strong></span> <span class='ocrx_word' id='word_1_346' title='bbox 1636 700 1688 726; x_wconf 88' lang='lat' dir='ltr'><strong>tuo</strong></span> <span class='ocrx_word' id='word_1_347' title='bbox 1711 697 1926 735; x_wconf 86' lang='lat' dir='ltr'><strong>custodiebat,</strong></span> <span class='ocrx_word' id='word_1_348' title='bbox 1948 703 1978 728; x_wconf 88' lang='lat' dir='ltr'><strong>et</strong></span> <span class='ocrx_word' id='word_1_349' title='bbox 2000 701 2109 731; x_wconf 91' lang='lat' dir='ltr'><strong>omnia</strong></span> <span class='ocrx_word' id='word_1_350' title='bbox 2129 701 2212 732; x_wconf 89' lang='lat' dir='ltr'><strong>bona</strong></span> <span class='ocrx_word' id='word_1_351' title='bbox 2230 708 2298 741; x_wconf 84' lang='lat' dir='ltr'><strong>tua,</strong></span> 
     </span>
     <span class='ocr_line' id='line_1_57' title="bbox 1293 745 2299 796; baseline 0.013 -22"><span class='ocrx_word' id='word_1_352' title='bbox 1293 745 1488 785; x_wconf 87' lang='lat' dir='ltr'><strong>ubicumque</strong></span> <span class='ocrx_word' id='word_1_353' title='bbox 1518 747 1635 777; x_wconf 89' lang='lat' dir='ltr'><strong>habere</strong></span> <span class='ocrx_word' id='word_1_354' title='bbox 1660 750 1780 787; x_wconf 89' lang='lat' dir='ltr'><strong>potuit,</strong></span> <span class='ocrx_word' id='word_1_355' title='bbox 1803 752 1981 790; x_wconf 82' lang='lat' dir='ltr'><strong>occupavit,</strong></span> <span class='ocrx_word' id='word_1_356' title='bbox 2004 762 2127 784; x_wconf 83' lang='lat' dir='ltr'><strong>necnon</strong></span> <span class='ocrx_word' id='word_1_357' title='bbox 2150 760 2181 786; x_wconf 87' lang='lat' dir='ltr'><strong>et</strong></span> <span class='ocrx_word' id='word_1_358' title='bbox 2206 766 2299 796; x_wconf 83' lang='lat' dir='ltr'><strong>pecu-</strong></span> 
     </span>
     <span class='ocr_line' id='line_1_58' title="bbox 1295 799 2300 843; baseline 0.015 -16"><span class='ocrx_word' id='word_1_359' title='bbox 1295 799 1382 828; x_wconf 86' lang='lat' dir='ltr'><strong>niam</strong></span> <span class='ocrx_word' id='word_1_360' title='bbox 1407 808 1470 838; x_wconf 89' lang='lat' dir='ltr'><strong>que</strong></span> <span class='ocrx_word' id='word_1_361' title='bbox 1497 800 1552 830; x_wconf 78' lang='lat' dir='ltr'><strong>tibi</strong></span> <span class='ocrx_word' id='word_1_362' title='bbox 1577 800 1752 832; x_wconf 87' lang='lat' dir='ltr'><strong>debebatur</strong></span> <span class='ocrx_word' id='word_1_363' title='bbox 1777 804 1816 833; x_wconf 87' lang='lat' dir='ltr'><strong>ab</strong></span> <span class='ocrx_word' id='word_1_364' title='bbox 1844 806 2039 843; x_wconf 83' lang='lat' dir='ltr'><strong>emptoribus</strong></span> <span class='ocrx_word' id='word_1_365' title='bbox 2064 808 2224 840; x_wconf 86' lang='lat' dir='ltr'><strong>fructuum</strong></span> <span class='ocrx_word' id='word_1_366' title='bbox 2253 811 2300 842; x_wconf 89' lang='lat' dir='ltr'><strong>tui</strong></span> 
     </span>
     <span class='ocr_line' id='line_1_59' title="bbox 1293 852 2298 902; baseline 0.013 -21"><span class='ocrx_word' id='word_1_367' title='bbox 1293 852 1491 891; x_wconf 89' lang='lat' dir='ltr'><strong>episcopatus</strong></span> <span class='ocrx_word' id='word_1_368' title='bbox 1508 854 1588 883; x_wconf 90' lang='lat' dir='ltr'><strong>anui</strong></span> <span class='ocrx_word' id='word_1_369' title='bbox 1614 858 1688 884; x_wconf 89' lang='lat' dir='ltr'><strong>tunc</strong></span> <span class='ocrx_word' id='word_1_370' title='bbox 1712 857 1851 894; x_wconf 89' lang='lat' dir='ltr'><strong>preteriti</strong></span> <span class='ocrx_word' id='word_1_371' title='bbox 1868 858 1927 888; x_wconf 85' lang='lat' dir='ltr'><strong>sibi</strong></span> <span class='ocrx_word' id='word_1_372' title='bbox 1949 860 2092 890; x_wconf 79' lang='lat' dir='ltr'><strong>exhiberi</strong></span> <span class='ocrx_word' id='word_1_373' title='bbox 2113 863 2298 902; x_wconf 86' lang='lat' dir='ltr'><strong>mandavit,</strong></span> 
     </span>
     <span class='ocr_line' id='line_1_60' title="bbox 1293 906 2300 949; baseline 0.015 -16"><span class='ocrx_word' id='word_1_374' title='bbox 1293 910 1419 944; x_wconf 87' lang='lat' dir='ltr'><strong>propter</strong></span> <span class='ocrx_word' id='word_1_375' title='bbox 1444 906 1529 945; x_wconf 87' lang='lat' dir='ltr'><strong>quod</strong></span> <span class='ocrx_word' id='word_1_376' title='bbox 1554 907 1593 936; x_wconf 90' lang='lat' dir='ltr'><strong>ad</strong></span> <span class='ocrx_word' id='word_1_377' title='bbox 1621 908 1835 948; x_wconf 81' lang='lat' dir='ltr'><strong>episcopatum</strong></span> <span class='ocrx_word' id='word_1_378' title='bbox 1860 911 1964 949; x_wconf 90' lang='lat' dir='ltr'><strong>ipsum</strong></span> <span class='ocrx_word' id='word_1_379' title='bbox 1994 914 2098 944; x_wconf 87' lang='lat' dir='ltr'><strong>redire</strong></span> <span class='ocrx_word' id='word_1_380' title='bbox 2125 916 2300 948; x_wconf 82' lang='lat' dir='ltr'><strong>formidans</strong></span> 
     </span>
     <span class='ocr_line' id='line_1_61' title="bbox 1294 958 2299 1005; baseline 0.014 -18"><span class='ocrx_word' id='word_1_381' title='bbox 1294 958 1458 997; x_wconf 86' lang='lat' dir='ltr'><strong>nichilque</strong></span> <span class='ocrx_word' id='word_1_382' title='bbox 1471 959 1510 989; x_wconf 89' lang='lat' dir='ltr'><strong>de</strong></span> <span class='ocrx_word' id='word_1_383' title='bbox 1523 959 1615 990; x_wconf 89' lang='lat' dir='ltr'><strong>bonis</strong></span> <span class='ocrx_word' id='word_1_384' title='bbox 1627 961 1703 999; x_wconf 90' lang='lat' dir='ltr'><strong>ipsis</strong></span> <span class='ocrx_word' id='word_1_385' title='bbox 1716 963 1906 1002; x_wconf 87' lang='lat' dir='ltr'><strong>percipiens,</strong></span> <span class='ocrx_word' id='word_1_386' title='bbox 1922 974 2019 1004; x_wconf 89' lang='lat' dir='ltr'><strong>penas</strong></span> <span class='ocrx_word' id='word_1_387' title='bbox 2032 968 2194 1005; x_wconf 81' lang='lat' dir='ltr'><strong>cogebaris</strong></span> <span class='ocrx_word' id='word_1_388' title='bbox 2209 971 2299 1001; x_wconf 87' lang='lat' dir='ltr'><strong>exilii</strong></span> 
     </span>
     <span class='ocr_line' id='line_1_62' title="bbox 1292 1012 2300 1061; baseline 0.014 -20"><span class='ocrx_word' id='word_1_389' title='bbox 1292 1012 1440 1051; x_wconf 85' lang='lat' dir='ltr'><strong>experiri.</strong></span> <span class='ocrx_word' id='word_1_390' title='bbox 1462 1012 1555 1043; x_wconf 89' lang='lat' dir='ltr'><strong>Unde</strong></span> <span class='ocrx_word' id='word_1_391' title='bbox 1573 1013 1674 1044; x_wconf 79' lang='lat' dir='ltr'><strong>felicis</strong></span> <span class='ocrx_word' id='word_1_392' title='bbox 1693 1016 1919 1047; x_wconf 87' lang='lat' dir='ltr'><strong>recordationis</strong></span> <span class='ocrx_word' id='word_1_393' title='bbox 1940 1018 2103 1050; x_wconf 89' lang='lat' dir='ltr'><strong>Honorius</strong></span> <span class='ocrx_word' id='word_1_394' title='bbox 2120 1031 2233 1061; x_wconf 86' lang='lat' dir='ltr'><strong>papa...</strong></span> <span class='ocrx_word' id='word_1_395' title='bbox 2253 1025 2300 1055; x_wconf 91' lang='lat' dir='ltr'><strong>ei-</strong></span> 
     </span>
     <span class='ocr_line' id='line_1_63' title="bbox 1292 1064 2300 1116; baseline 0.015 -23"><span class='ocrx_word' id='word_1_396' title='bbox 1292 1064 1365 1094; x_wconf 89' lang='lat' dir='ltr'><strong>dem</strong></span> <span class='ocrx_word' id='word_1_397' title='bbox 1388 1064 1491 1103; x_wconf 64' lang='grc'><strong>103310</strong></span> <span class='ocrx_word' id='word_1_398' title='bbox 1506 1067 1572 1096; x_wconf 89' lang='grc'><strong>51115</strong></span> <span class='ocrx_word' id='word_1_399' title='bbox 1588 1066 1675 1097; x_wconf 88' lang='lat' dir='ltr'><strong>dedit</strong></span> <span class='ocrx_word' id='word_1_400' title='bbox 1689 1067 1802 1098; x_wconf 88' lang='lat' dir='ltr'><strong>litteris</strong></span> <span class='ocrx_word' id='word_1_401' title='bbox 1818 1069 1851 1099; x_wconf 91' lang='lat' dir='ltr'><strong>in</strong></span> <span class='ocrx_word' id='word_1_402' title='bbox 1870 1071 2030 1102; x_wconf 88' lang='lat' dir='ltr'><strong>mandatis</strong></span> <span class='ocrx_word' id='word_1_403' title='bbox 2047 1079 2117 1104; x_wconf 87' lang='lat' dir='ltr'><strong>ut...</strong></span> <span class='ocrx_word' id='word_1_404' title='bbox 2139 1075 2177 1105; x_wconf 89' lang='lat' dir='ltr'><strong>de</strong></span> <span class='ocrx_word' id='word_1_405' title='bbox 2193 1077 2300 1116; x_wconf 88' lang='lat' dir='ltr'><strong>aliquo</strong></span> 
     </span>
     <span class='ocr_line' id='line_1_64' title="bbox 1291 1118 2301 1168; baseline 0.015 -22"><span class='ocrx_word' id='word_1_406' title='bbox 1291 1118 1485 1156; x_wconf 83' lang='lat' dir='ltr'><strong>competenti</strong></span> <span class='ocrx_word' id='word_1_407' title='bbox 1505 1123 1535 1148; x_wconf 93' lang='lat' dir='ltr'><strong>et</strong></span> <span class='ocrx_word' id='word_1_408' title='bbox 1552 1119 1715 1150; x_wconf 87' lang='lat' dir='ltr'><strong>moderato</strong></span> <span class='ocrx_word' id='word_1_409' title='bbox 1736 1122 1878 1153; x_wconf 88' lang='lat' dir='ltr'><strong>subsidio</strong></span> <span class='ocrx_word' id='word_1_410' title='bbox 1891 1147 1898 1159; x_wconf 91' lang='lat'><strong>,</strong></span> <span class='ocrx_word' id='word_1_411' title='bbox 1915 1129 2006 1162; x_wconf 89' lang='lat' dir='ltr'><strong>prout</strong></span> <span class='ocrx_word' id='word_1_412' title='bbox 2029 1131 2059 1156; x_wconf 89' lang='lat' dir='ltr'><strong>et</strong></span> <span class='ocrx_word' id='word_1_413' title='bbox 2079 1127 2132 1157; x_wconf 90' lang='lat' dir='ltr'><strong>ubi</strong></span> <span class='ocrx_word' id='word_1_414' title='bbox 2154 1131 2301 1168; x_wconf 86' lang='lat' dir='ltr'><strong>expedire</strong></span> 
     </span>
     <span class='ocr_line' id='line_1_65' title="bbox 1292 1170 2298 1214; baseline 0.015 -15"><span class='ocrx_word' id='word_1_415' title='bbox 1292 1170 1428 1206; x_wconf 89' lang='lat' dir='ltr'><strong>videret,</strong></span> <span class='ocrx_word' id='word_1_416' title='bbox 1454 1173 1558 1202; x_wconf 85' lang='lat' dir='ltr'><strong>causis</strong></span> <span class='ocrx_word' id='word_1_417' title='bbox 1585 1173 1733 1211; x_wconf 87' lang='lat' dir='ltr'><strong>predictis</strong></span> <span class='ocrx_word' id='word_1_418' title='bbox 1759 1174 1964 1213; x_wconf 87' lang='lat' dir='ltr'><strong>durantibus,</strong></span> <span class='ocrx_word' id='word_1_419' title='bbox 1989 1178 2105 1210; x_wconf 80' lang='lat' dir='ltr'><strong>faceret</strong></span> <span class='ocrx_word' id='word_1_420' title='bbox 2128 1181 2211 1212; x_wconf 81' lang='lat' dir='ltr'><strong>infra</strong></span> <span class='ocrx_word' id='word_1_421' title='bbox 2237 1187 2298 1214; x_wconf 89' lang='lat' dir='ltr'><strong>ter—</strong></span> 
     </span>
     <span class='ocr_line' id='line_1_66' title="bbox 1292 1224 2296 1273; baseline 0.015 -20"><span class='ocrx_word' id='word_1_422' title='bbox 1292 1224 1399 1254; x_wconf 87' lang='lat' dir='ltr'><strong>minos</strong></span> <span class='ocrx_word' id='word_1_423' title='bbox 1414 1234 1471 1255; x_wconf 90' lang='lat' dir='ltr'><strong>sue</strong></span> <span class='ocrx_word' id='word_1_424' title='bbox 1488 1225 1672 1264; x_wconf 85' lang='lat' dir='ltr'><strong>legationis,</strong></span> <span class='ocrx_word' id='word_1_425' title='bbox 1690 1229 1877 1260; x_wconf 87' lang='lat' dir='ltr'><strong>auctoritate</strong></span> <span class='ocrx_word' id='word_1_426' title='bbox 1902 1231 2033 1269; x_wconf 88' lang='lat' dir='ltr'><strong>predicti</strong></span> <span class='ocrx_word' id='word_1_427' title='bbox 2054 1236 2296 1273; x_wconf 85' lang='lat' dir='ltr'><strong>predecessoris.</strong></span> 
     </span>
     <span class='ocr_line' id='line_1_67' title="bbox 1294 1277 2298 1322; baseline 0.015 -16"><span class='ocrx_word' id='word_1_428' title='bbox 1294 1277 1354 1307; x_wconf 90' lang='lat' dir='ltr'><strong>tuis</strong></span> <span class='ocrx_word' id='word_1_429' title='bbox 1379 1279 1622 1309; x_wconf 88' lang='lat' dir='ltr'><strong>necessitatibus</strong></span> <span class='ocrx_word' id='word_1_430' title='bbox 1647 1281 1816 1319; x_wconf 89' lang='lat' dir='ltr'><strong>provideri.</strong></span> <span class='ocrx_word' id='word_1_431' title='bbox 1836 1282 2107 1322; x_wconf 77' lang='lat' dir='ltr'><strong>Contradictores,</strong></span> <span class='ocrx_word' id='word_1_432' title='bbox 2133 1293 2190 1319; x_wconf 90' lang='lat' dir='ltr'><strong>etc.</strong></span> <span class='ocrx_word' id='word_1_433' title='bbox 2211 1290 2298 1321; x_wconf 86' lang='lat' dir='ltr'><strong>Idem</strong></span> 
     </span>
     <span class='ocr_line' id='line_1_68' title="bbox 1292 1331 2300 1376; baseline 0.016 -17"><span class='ocrx_word' id='word_1_434' title='bbox 1292 1339 1366 1361; x_wconf 85' lang='lat' dir='ltr'><strong>vero</strong></span> <span class='ocrx_word' id='word_1_435' title='bbox 1386 1331 1528 1370; x_wconf 85' lang='lat' dir='ltr'><strong>legatus,</strong></span> <span class='ocrx_word' id='word_1_436' title='bbox 1553 1334 1603 1362; x_wconf 91' lang='lat' dir='ltr'><strong>cui</strong></span> <span class='ocrx_word' id='word_1_437' title='bbox 1625 1333 1665 1363; x_wconf 92' lang='lat' dir='ltr'><strong>de</strong></span> <span class='ocrx_word' id='word_1_438' title='bbox 1683 1336 1849 1373; x_wconf 87' lang='lat' dir='ltr'><strong>premissis</strong></span> <span class='ocrx_word' id='word_1_439' title='bbox 1871 1337 1963 1376; x_wconf 89' lang='lat' dir='ltr'><strong>plene</strong></span> <span class='ocrx_word' id='word_1_440' title='bbox 1985 1341 2142 1376; x_wconf 87' lang='lat' dir='ltr'><strong>constitit,</strong></span> <span class='ocrx_word' id='word_1_441' title='bbox 2163 1343 2300 1375; x_wconf 87' lang='lat' dir='ltr'><strong>decrevit</strong></span> 
     </span>
     <span class='ocr_line' id='line_1_69' title="bbox 1291 1385 2300 1436; baseline 0.015 -22"><span class='ocrx_word' id='word_1_442' title='bbox 1291 1385 1477 1416; x_wconf 88' lang='lat' dir='ltr'><strong>auctoritate</strong></span> <span class='ocrx_word' id='word_1_443' title='bbox 1493 1386 1707 1425; x_wconf 91' lang='lat' dir='ltr'><strong>predictarum</strong></span> <span class='ocrx_word' id='word_1_444' title='bbox 1724 1388 1904 1420; x_wconf 86' lang='lat' dir='ltr'><strong>litterarum</strong></span> <span class='ocrx_word' id='word_1_445' title='bbox 1922 1392 1978 1422; x_wconf 91' lang='lat' dir='ltr'><strong>tibi</strong></span> <span class='ocrx_word' id='word_1_446' title='bbox 1996 1393 2060 1424; x_wconf 82' lang='lat' dir='ltr'><strong>sore</strong></span> <span class='ocrx_word' id='word_1_447' title='bbox 2077 1395 2180 1426; x_wconf 88' lang='lat' dir='ltr'><strong>taliter</strong></span> <span class='ocrx_word' id='word_1_448' title='bbox 2195 1399 2300 1436; x_wconf 91' lang='lat' dir='ltr'><strong>provi-</strong></span> 
     </span>
     <span class='ocr_line' id='line_1_70' title="bbox 1291 1438 2298 1483; baseline 0.015 -16"><span class='ocrx_word' id='word_1_449' title='bbox 1291 1438 1446 1475; x_wconf 87' lang='lat' dir='ltr'><strong>dendum,</strong></span> <span class='ocrx_word' id='word_1_450' title='bbox 1464 1439 1613 1470; x_wconf 89' lang='lat' dir='ltr'><strong>videlicet</strong></span> <span class='ocrx_word' id='word_1_451' title='bbox 1628 1442 1712 1480; x_wconf 88' lang='lat' dir='ltr'><strong>quod</strong></span> <span class='ocrx_word' id='word_1_452' title='bbox 1730 1452 1830 1473; x_wconf 90' lang='lat' dir='ltr'><strong>unum</strong></span> <span class='ocrx_word' id='word_1_453' title='bbox 1847 1445 1896 1474; x_wconf 80' lang='lat' dir='ltr'><strong>vel</strong></span> <span class='ocrx_word' id='word_1_454' title='bbox 1914 1444 2004 1483; x_wconf 85' lang='lat' dir='ltr'><strong>plura</strong></span> <span class='ocrx_word' id='word_1_455' title='bbox 2018 1447 2229 1480; x_wconf 87' lang='lat' dir='ltr'><strong>ecclesiastica</strong></span> <span class='ocrx_word' id='word_1_456' title='bbox 2245 1452 2298 1482; x_wconf 89' lang='lat' dir='ltr'><strong>be-</strong></span> 
     </span>
     <span class='ocr_line' id='line_1_71' title="bbox 1293 1492 2299 1535; baseline 0.015 -15"><span class='ocrx_word' id='word_1_457' title='bbox 1293 1492 1444 1522; x_wconf 83' lang='lat' dir='ltr'><strong>neficia...</strong></span> <span class='ocrx_word' id='word_1_458' title='bbox 1465 1502 1566 1532; x_wconf 89' lang='lat' dir='ltr'><strong>usque</strong></span> <span class='ocrx_word' id='word_1_459' title='bbox 1581 1494 1620 1523; x_wconf 90' lang='lat' dir='ltr'><strong>ad</strong></span> <span class='ocrx_word' id='word_1_460' title='bbox 1633 1504 1793 1526; x_wconf 84' lang='lat' dir='ltr'><strong>summam</strong></span> <span class='ocrx_word' id='word_1_461' title='bbox 1811 1502 2029 1529; x_wconf 80' lang='lat' dir='ltr'><strong>sexcentarum</strong></span> <span class='ocrx_word' id='word_1_462' title='bbox 2045 1500 2197 1532; x_wconf 87' lang='lat' dir='ltr'><strong>librarum</strong></span> <span class='ocrx_word' id='word_1_463' title='bbox 2217 1508 2299 1535; x_wconf 88' lang='lat' dir='ltr'><strong>turo-</strong></span> 
     </span>
     <span class='ocr_line' id='line_1_72' title="bbox 1292 1545 2295 1594; baseline 0.014 -21"><span class='ocrx_word' id='word_1_464' title='bbox 1292 1545 1445 1575; x_wconf 89' lang='lat' dir='ltr'><strong>nensium</strong></span> <span class='ocrx_word' id='word_1_465' title='bbox 1458 1569 1466 1582; x_wconf 98' lang='lat'><strong>,</strong></span> <span class='ocrx_word' id='word_1_466' title='bbox 1501 1546 1550 1576; x_wconf 89' lang='lat' dir='ltr'><strong>vel</strong></span> <span class='ocrx_word' id='word_1_467' title='bbox 1580 1547 1684 1584; x_wconf 81' lang='lat' dir='ltr'><strong>circa,</strong></span> <span class='ocrx_word' id='word_1_468' title='bbox 1719 1549 1746 1578; x_wconf 91' lang='lat' dir='ltr'><strong>si</strong></span> <span class='ocrx_word' id='word_1_469' title='bbox 1779 1549 1814 1579; x_wconf 89' lang='lat' dir='ltr'><strong>in</strong></span> <span class='ocrx_word' id='word_1_470' title='bbox 1847 1550 2047 1582; x_wconf 86' lang='lat' dir='ltr'><strong>Narbonensi</strong></span> <span class='ocrx_word' id='word_1_471' title='bbox 2063 1578 2069 1588; x_wconf 85' lang='lat'><strong>,</strong></span> <span class='ocrx_word' id='word_1_472' title='bbox 2101 1555 2295 1594; x_wconf 86' lang='lat' dir='ltr'><strong>Biterrensi,</strong></span> 
     </span>
     <span class='ocr_line' id='line_1_73' title="bbox 1292 1597 2297 1641; baseline 0.014 -14"><span class='ocrx_word' id='word_1_473' title='bbox 1292 1597 1474 1629; x_wconf 87' lang='lat' dir='ltr'><strong>Tholosana</strong></span> <span class='ocrx_word' id='word_1_474' title='bbox 1506 1604 1536 1630; x_wconf 91' lang='lat' dir='ltr'><strong>et</strong></span> <span class='ocrx_word' id='word_1_475' title='bbox 1566 1600 1814 1632; x_wconf 89' lang='lat' dir='ltr'><strong>Carcassonensi</strong></span> <span class='ocrx_word' id='word_1_476' title='bbox 1846 1604 2026 1635; x_wconf 87' lang='lat' dir='ltr'><strong>civitatibus</strong></span> <span class='ocrx_word' id='word_1_477' title='bbox 2059 1612 2089 1636; x_wconf 90' lang='lat' dir='ltr'><strong>et</strong></span> <span class='ocrx_word' id='word_1_478' title='bbox 2119 1608 2297 1641; x_wconf 87' lang='lat' dir='ltr'><strong>diocesibus</strong></span> 
     </span>
     <span class='ocr_line' id='line_1_74' title="bbox 1293 1654 2297 1699; baseline 0.015 -19"><span class='ocrx_word' id='word_1_479' title='bbox 1293 1656 1368 1682; x_wconf 88' lang='lat' dir='ltr'><strong>tunc</strong></span> <span class='ocrx_word' id='word_1_480' title='bbox 1384 1658 1549 1688; x_wconf 89' lang='lat' dir='ltr'><strong>vacarent,</strong></span> <span class='ocrx_word' id='word_1_481' title='bbox 1568 1654 1616 1683; x_wconf 85' lang='lat' dir='ltr'><strong>vel</strong></span> <span class='ocrx_word' id='word_1_482' title='bbox 1633 1657 1875 1694; x_wconf 82' lang='lat' dir='ltr'><strong>quamprimum</strong></span> <span class='ocrx_word' id='word_1_483' title='bbox 1892 1666 2002 1689; x_wconf 87' lang='lat' dir='ltr'><strong>vacare</strong></span> <span class='ocrx_word' id='word_1_484' title='bbox 2015 1661 2223 1699; x_wconf 76' lang='lat' dir='ltr'><strong>contingeret,</strong></span> <span class='ocrx_word' id='word_1_485' title='bbox 2242 1665 2297 1695; x_wconf 85' lang='lat' dir='ltr'><strong>tibi</strong></span> 
     </span>
     <span class='ocr_line' id='line_1_75' title="bbox 1292 1706 2295 1754; baseline 0.014 -20"><span class='ocrx_word' id='word_1_486' title='bbox 1292 1706 1594 1737; x_wconf 88' lang='lat' dir='ltr'><strong>commendarentur</strong></span> <span class='ocrx_word' id='word_1_487' title='bbox 1609 1713 1640 1738; x_wconf 92' lang='lat' dir='ltr'><strong>et</strong></span> <span class='ocrx_word' id='word_1_488' title='bbox 1656 1713 1790 1745; x_wconf 88' lang='lat' dir='ltr'><strong>teneres,</strong></span> <span class='ocrx_word' id='word_1_489' title='bbox 1811 1711 1959 1749; x_wconf 84' lang='lat' dir='ltr'><strong>predictis</strong></span> <span class='ocrx_word' id='word_1_490' title='bbox 1975 1714 2079 1743; x_wconf 84' lang='lat' dir='ltr'><strong>causis</strong></span> <span class='ocrx_word' id='word_1_491' title='bbox 2095 1715 2295 1754; x_wconf 81' lang='lat' dir='ltr'><strong>durantibus,</strong></span> 
     </span>
     <span class='ocr_line' id='line_1_76' title="bbox 1291 1758 2298 1810; baseline 0.015 -24"><span class='ocrx_word' id='word_1_492' title='bbox 1291 1758 1529 1796; x_wconf 83' lang='lat' dir='ltr'><strong>commendata,</strong></span> <span class='ocrx_word' id='word_1_493' title='bbox 1546 1760 1606 1790; x_wconf 92' lang='lat' dir='ltr'><strong>sibi</strong></span> <span class='ocrx_word' id='word_1_494' title='bbox 1621 1761 1780 1799; x_wconf 89' lang='lat' dir='ltr'><strong>addendi,</strong></span> <span class='ocrx_word' id='word_1_495' title='bbox 1798 1763 1967 1794; x_wconf 88' lang='lat' dir='ltr'><strong>minuendi</strong></span> <span class='ocrx_word' id='word_1_496' title='bbox 1990 1771 2020 1795; x_wconf 91' lang='lat' dir='ltr'><strong>et</strong></span> <span class='ocrx_word' id='word_1_497' title='bbox 2043 1769 2186 1799; x_wconf 90' lang='lat' dir='ltr'><strong>mutandi</strong></span> <span class='ocrx_word' id='word_1_498' title='bbox 2203 1779 2298 1810; x_wconf 90' lang='lat' dir='ltr'><strong>super</strong></span> 
     </span>
     <span class='ocr_line' id='line_1_77' title="bbox 1292 1810 2297 1861; baseline 0.014 -21"><span class='ocrx_word' id='word_1_499' title='bbox 1292 1810 1356 1841; x_wconf 90' lang='lat' dir='ltr'><strong>hiis</strong></span> <span class='ocrx_word' id='word_1_500' title='bbox 1373 1818 1533 1842; x_wconf 87' lang='lat' dir='ltr'><strong>reservata</strong></span> <span class='ocrx_word' id='word_1_501' title='bbox 1548 1813 1693 1851; x_wconf 88' lang='lat' dir='ltr'><strong>plenaria</strong></span> <span class='ocrx_word' id='word_1_502' title='bbox 1709 1820 1874 1853; x_wconf 85' lang='lat' dir='ltr'><strong>potestate,</strong></span> <span class='ocrx_word' id='word_1_503' title='bbox 1891 1826 1926 1847; x_wconf 89' lang='lat' dir='ltr'><strong>ac</strong></span> <span class='ocrx_word' id='word_1_504' title='bbox 1944 1819 2038 1849; x_wconf 89' lang='lat' dir='ltr'><strong>certis</strong></span> <span class='ocrx_word' id='word_1_505' title='bbox 2056 1820 2111 1850; x_wconf 90' lang='lat' dir='ltr'><strong>tibi</strong></span> <span class='ocrx_word' id='word_1_506' title='bbox 2127 1831 2221 1861; x_wconf 83' lang='lat' dir='ltr'><strong>super</strong></span> <span class='ocrx_word' id='word_1_507' title='bbox 2239 1824 2297 1855; x_wconf 88' lang='lat' dir='ltr'><strong>hoc</strong></span> 
     </span>
     <span class='ocr_line' id='line_1_78' title="bbox 1291 1864 2295 1909; baseline 0.015 -17"><span class='ocrx_word' id='word_1_508' title='bbox 1291 1873 1346 1903; x_wconf 89' lang='lat' dir='ltr'><strong>per</strong></span> <span class='ocrx_word' id='word_1_509' title='bbox 1357 1864 1495 1894; x_wconf 87' lang='lat' dir='ltr'><strong>eundem</strong></span> <span class='ocrx_word' id='word_1_510' title='bbox 1512 1865 1652 1903; x_wconf 87' lang='lat' dir='ltr'><strong>legatum</strong></span> <span class='ocrx_word' id='word_1_511' title='bbox 1669 1869 1888 1899; x_wconf 77' lang='lat' dir='ltr'><strong>executoribus</strong></span> <span class='ocrx_word' id='word_1_512' title='bbox 1901 1870 2069 1909; x_wconf 79' lang='lat' dir='ltr'><strong>deputatis.</strong></span> <span class='ocrx_word' id='word_1_513' title='bbox 2087 1874 2184 1905; x_wconf 86' lang='lat' dir='ltr'><strong>Porro</strong></span> <span class='ocrx_word' id='word_1_514' title='bbox 2197 1876 2295 1907; x_wconf 84' lang='lat' dir='ltr'><strong>iidem</strong></span> 
     </span>
     <span class='ocr_line' id='line_1_79' title="bbox 1291 1918 2295 1967; baseline 0.012 -20"><span class='ocrx_word' id='word_1_515' title='bbox 1291 1921 1474 1947; x_wconf 82' lang='lat' dir='ltr'><strong>executores</strong></span> <span class='ocrx_word' id='word_1_516' title='bbox 1490 1918 1598 1948; x_wconf 86' lang='lat' dir='ltr'><strong>Sancti</strong></span> <span class='ocrx_word' id='word_1_517' title='bbox 1615 1919 1771 1950; x_wconf 88' lang='lat' dir='ltr'><strong>Gremerii</strong></span> <span class='ocrx_word' id='word_1_518' title='bbox 1790 1921 1828 1951; x_wconf 87' lang='lat' dir='ltr'><strong>de</strong></span> <span class='ocrx_word' id='word_1_519' title='bbox 1844 1922 1982 1953; x_wconf 85' lang='lat' dir='ltr'><strong>Murello</strong></span> <span class='ocrx_word' id='word_1_520' title='bbox 2002 1929 2032 1954; x_wconf 88' lang='lat' dir='ltr'><strong>et</strong></span> <span class='ocrx_word' id='word_1_521' title='bbox 2047 1925 2085 1954; x_wconf 87' lang='lat' dir='ltr'><strong>de</strong></span> <span class='ocrx_word' id='word_1_522' title='bbox 2106 1927 2192 1965; x_wconf 73' lang='lat' dir='ltr'><strong>Hoys</strong></span> <span class='ocrx_word' id='word_1_523' title='bbox 2211 1930 2295 1967; x_wconf 91' lang='lat' dir='ltr'><strong>prio—</strong></span> 
     </span>
     <span class='ocr_line' id='line_1_80' title="bbox 1290 1969 2291 2015; baseline 0.014 -18"><span class='ocrx_word' id='word_1_524' title='bbox 1290 1973 1376 1999; x_wconf 90' lang='lat' dir='ltr'><strong>ratus</strong></span> <span class='ocrx_word' id='word_1_525' title='bbox 1392 1978 1445 1999; x_wconf 86' lang='lat' dir='ltr'><strong>seu</strong></span> <span class='ocrx_word' id='word_1_526' title='bbox 1466 1969 1625 2007; x_wconf 75' lang='lat' dir='ltr'><strong>ecclesias,</strong></span> <span class='ocrx_word' id='word_1_527' title='bbox 1645 1974 1871 2011; x_wconf 88' lang='lat' dir='ltr'><strong>preposituram</strong></span> <span class='ocrx_word' id='word_1_528' title='bbox 1889 1975 1927 2004; x_wconf 88' lang='lat' dir='ltr'><strong>de</strong></span> <span class='ocrx_word' id='word_1_529' title='bbox 1945 1976 2149 2015; x_wconf 61' lang='lat' dir='ltr'><strong>&#39;l&#39;halabussm</strong></span> <span class='ocrx_word' id='word_1_530' title='bbox 2167 1989 2291 2012; x_wconf 88' lang='lat' dir='ltr'><strong>necnon</strong></span> 
     </span>
     <span class='ocr_line' id='line_1_81' title="bbox 1289 2022 2293 2071; baseline 0.014 -20"><span class='ocrx_word' id='word_1_531' title='bbox 1289 2022 1328 2051; x_wconf 89' lang='lat' dir='ltr'><strong>de</strong></span> <span class='ocrx_word' id='word_1_532' title='bbox 1343 2022 1535 2059; x_wconf 84' lang='lat' dir='ltr'><strong>Faberzano,</strong></span> <span class='ocrx_word' id='word_1_533' title='bbox 1553 2024 1592 2054; x_wconf 87' lang='lat' dir='ltr'><strong>de</strong></span> <span class='ocrx_word' id='word_1_534' title='bbox 1610 2025 1718 2062; x_wconf 85' lang='lat' dir='ltr'><strong>Lento,</strong></span> <span class='ocrx_word' id='word_1_535' title='bbox 1735 2026 1773 2056; x_wconf 86' lang='lat' dir='ltr'><strong>de</strong></span> <span class='ocrx_word' id='word_1_536' title='bbox 1790 2027 1971 2066; x_wconf 84' lang='lat' dir='ltr'><strong>Prenuano,</strong></span> <span class='ocrx_word' id='word_1_537' title='bbox 1990 2030 2028 2060; x_wconf 85' lang='lat' dir='ltr'><strong>de</strong></span> <span class='ocrx_word' id='word_1_538' title='bbox 2043 2030 2151 2062; x_wconf 87' lang='lat' dir='ltr'><strong>Castro</strong></span> <span class='ocrx_word' id='word_1_539' title='bbox 2171 2033 2293 2071; x_wconf 80' lang='lat' dir='ltr'><strong>Maure,</strong></span> 
     </span>
     <span class='ocr_line' id='line_1_82' title="bbox 1289 2075 2294 2124; baseline 0.014 -20"><span class='ocrx_word' id='word_1_540' title='bbox 1289 2075 1328 2105; x_wconf 90' lang='lat' dir='ltr'><strong>de</strong></span> <span class='ocrx_word' id='word_1_541' title='bbox 1353 2076 1460 2105; x_wconf 82' lang='lat' dir='ltr'><strong>Monte</strong></span> <span class='ocrx_word' id='word_1_542' title='bbox 1487 2076 1669 2116; x_wconf 70' lang='lat' dir='ltr'><strong>Gaylardo,</strong></span> <span class='ocrx_word' id='word_1_543' title='bbox 1697 2079 1735 2108; x_wconf 91' lang='lat' dir='ltr'><strong>de</strong></span> <span class='ocrx_word' id='word_1_544' title='bbox 1767 2079 1842 2110; x_wconf 87' lang='lat' dir='ltr'><strong>villa</strong></span> <span class='ocrx_word' id='word_1_545' title='bbox 1869 2081 2024 2119; x_wconf 81' lang='lat' dir='ltr'><strong>Martino‚</strong></span> <span class='ocrx_word' id='word_1_546' title='bbox 2053 2083 2092 2114; x_wconf 93' lang='lat' dir='ltr'><strong>de</strong></span> <span class='ocrx_word' id='word_1_547' title='bbox 2119 2085 2294 2124; x_wconf 65' lang='lat' dir='ltr'><strong>Eyssotiis,</strong></span> 
     </span>
     <span class='ocr_line' id='line_1_83' title="bbox 1291 2127 2294 2173; baseline 0.015 -16"><span class='ocrx_word' id='word_1_548' title='bbox 1291 2127 1386 2158; x_wconf 87' lang='lat' dir='ltr'><strong>Beate</strong></span> <span class='ocrx_word' id='word_1_549' title='bbox 1405 2129 1504 2159; x_wconf 81' lang='lat' dir='ltr'><strong>Marie</strong></span> <span class='ocrx_word' id='word_1_550' title='bbox 1523 2130 1560 2159; x_wconf 90' lang='lat' dir='ltr'><strong>de</strong></span> <span class='ocrx_word' id='word_1_551' title='bbox 1579 2131 1718 2168; x_wconf 80' lang='lat' dir='ltr'><strong>Ahbate,</strong></span> <span class='ocrx_word' id='word_1_552' title='bbox 1738 2132 1846 2163; x_wconf 82' lang='lat' dir='ltr'><strong>Sancti</strong></span> <span class='ocrx_word' id='word_1_553' title='bbox 1871 2134 1998 2173; x_wconf 77' lang='lat' dir='ltr'><strong>Georgii</strong></span> <span class='ocrx_word' id='word_1_554' title='bbox 2024 2139 2052 2166; x_wconf 89' lang='lat' dir='ltr'><strong>et</strong></span> <span class='ocrx_word' id='word_1_555' title='bbox 2075 2137 2182 2169; x_wconf 75' lang='lat' dir='ltr'><strong>Sancti</strong></span> <span class='ocrx_word' id='word_1_556' title='bbox 2209 2141 2294 2172; x_wconf 86' lang='lat' dir='ltr'><strong>Petri</strong></span> 
     </span>
     <span class='ocr_line' id='line_1_84' title="bbox 1288 2180 2293 2229; baseline 0.015 -21"><span class='ocrx_word' id='word_1_557' title='bbox 1288 2180 1327 2210; x_wconf 90' lang='lat' dir='ltr'><strong>de</strong></span> <span class='ocrx_word' id='word_1_558' title='bbox 1353 2180 1474 2210; x_wconf 87' lang='lat' dir='ltr'><strong>Valleta</strong></span> <span class='ocrx_word' id='word_1_559' title='bbox 1499 2181 1662 2220; x_wconf 84' lang='lat' dir='ltr'><strong>ecclesias,</strong></span> <span class='ocrx_word' id='word_1_560' title='bbox 1687 2184 1899 2222; x_wconf 89' lang='lat' dir='ltr'><strong>predictarum</strong></span> <span class='ocrx_word' id='word_1_561' title='bbox 1929 2187 2166 2229; x_wconf 83' lang='lat' dir='ltr'><strong>Narbonensis,</strong></span> <span class='ocrx_word' id='word_1_562' title='bbox 2190 2193 2293 2223; x_wconf 82' lang='lat' dir='ltr'><strong>Biter-</strong></span> 
     </span>
     <span class='ocr_line' id='line_1_85' title="bbox 1287 2233 2294 2276; baseline 0.015 -14"><span class='ocrx_word' id='word_1_563' title='bbox 1287 2234 1411 2270; x_wconf 84' lang='lat' dir='ltr'><strong>rensis,</strong></span> <span class='ocrx_word' id='word_1_564' title='bbox 1429 2233 1691 2266; x_wconf 86' lang='lat' dir='ltr'><strong>Carcassonensis</strong></span> <span class='ocrx_word' id='word_1_565' title='bbox 1709 2242 1739 2267; x_wconf 90' lang='lat' dir='ltr'><strong>et</strong></span> <span class='ocrx_word' id='word_1_566' title='bbox 1754 2238 1932 2269; x_wconf 85' lang='lat' dir='ltr'><strong>Tholosane</strong></span> <span class='ocrx_word' id='word_1_567' title='bbox 1948 2240 2112 2273; x_wconf 79' lang='lat' dir='ltr'><strong>civitatum</strong></span> <span class='ocrx_word' id='word_1_568' title='bbox 2135 2250 2166 2274; x_wconf 92' lang='lat' dir='ltr'><strong>et</strong></span> <span class='ocrx_word' id='word_1_569' title='bbox 2186 2245 2294 2276; x_wconf 87' lang='lat' dir='ltr'><strong>dioce-</strong></span> 
     </span>
     <span class='ocr_line' id='line_1_86' title="bbox 1288 2286 2292 2330; baseline 0.015 -15"><span class='ocrx_word' id='word_1_570' title='bbox 1288 2286 1383 2321; x_wconf 89' lang='lat' dir='ltr'><strong>sium,</strong></span> <span class='ocrx_word' id='word_1_571' title='bbox 1399 2291 1473 2317; x_wconf 90' lang='lat' dir='ltr'><strong>tunc</strong></span> <span class='ocrx_word' id='word_1_572' title='bbox 1487 2294 1645 2325; x_wconf 75' lang='lat' dir='ltr'><strong>vacanteS,</strong></span> <span class='ocrx_word' id='word_1_573' title='bbox 1659 2295 1688 2319; x_wconf 90' lang='lat' dir='ltr'><strong>et</strong></span> <span class='ocrx_word' id='word_1_574' title='bbox 1705 2291 1878 2328; x_wconf 86' lang='lat' dir='ltr'><strong>predictam</strong></span> <span class='ocrx_word' id='word_1_575' title='bbox 1896 2302 2055 2325; x_wconf 90' lang='lat' dir='ltr'><strong>summam</strong></span> <span class='ocrx_word' id='word_1_576' title='bbox 2072 2304 2292 2330; x_wconf 79' lang='lat' dir='ltr'><strong>sexcentarum</strong></span> 
     </span>
     <span class='ocr_line' id='line_1_87' title="bbox 1287 2338 2292 2388; baseline 0.016 -21"><span class='ocrx_word' id='word_1_577' title='bbox 1287 2338 1443 2369; x_wconf 88' lang='lat' dir='ltr'><strong>librarum</strong></span> <span class='ocrx_word' id='word_1_578' title='bbox 1469 2341 1604 2371; x_wconf 88' lang='lat' dir='ltr'><strong>minime</strong></span> <span class='ocrx_word' id='word_1_579' title='bbox 1629 2343 1834 2381; x_wconf 81' lang='lat' dir='ltr'><strong>excedentes,</strong></span> <span class='ocrx_word' id='word_1_580' title='bbox 1857 2346 1910 2375; x_wconf 90' lang='lat' dir='ltr'><strong>tibi</strong></span> <span class='ocrx_word' id='word_1_581' title='bbox 1932 2348 2075 2385; x_wconf 86' lang='lat' dir='ltr'><strong>ejusdem</strong></span> <span class='ocrx_word' id='word_1_582' title='bbox 2102 2352 2292 2388; x_wconf 84' lang='lat' dir='ltr'><strong>provisionis</strong></span> 
     </span>
     <span class='ocr_line' id='line_1_88' title="bbox 1288 2393 2293 2443; baseline 0.014 -22"><span class='ocrx_word' id='word_1_583' title='bbox 1288 2393 1420 2422; x_wconf 91' lang='lat' dir='ltr'><strong>nomine</strong></span> <span class='ocrx_word' id='word_1_584' title='bbox 1438 2394 1715 2425; x_wconf 85' lang='lat' dir='ltr'><strong>commendarunt.</strong></span> <span class='ocrx_word' id='word_1_585' title='bbox 1738 2397 1944 2429; x_wconf 86' lang='lat' dir='ltr'><strong>Postmodum</strong></span> <span class='ocrx_word' id='word_1_586' title='bbox 1963 2406 2069 2431; x_wconf 81' lang='lat' dir='ltr'><strong>autem</strong></span> <span class='ocrx_word' id='word_1_587' title='bbox 2089 2403 2190 2433; x_wconf 82' lang='grc'><strong>11101115</strong></span> <span class='ocrx_word' id='word_1_588' title='bbox 2207 2406 2293 2443; x_wconf 77' lang='lat' dir='ltr'><strong>lega-</strong></span> 
     </span>
     <span class='ocr_line' id='line_1_89' title="bbox 1289 2448 2291 2494; baseline 0.015 -21"><span class='ocrx_word' id='word_1_589' title='bbox 1289 2450 1348 2479; x_wconf 84' lang='lat' dir='ltr'><strong>tus,</strong></span> <span class='ocrx_word' id='word_1_590' title='bbox 1361 2449 1480 2476; x_wconf 88' lang='lat' dir='ltr'><strong>attente</strong></span> <span class='ocrx_word' id='word_1_591' title='bbox 1494 2448 1701 2478; x_wconf 87' lang='lat' dir='ltr'><strong>considerans</strong></span> <span class='ocrx_word' id='word_1_592' title='bbox 1716 2450 1798 2488; x_wconf 90' lang='lat' dir='ltr'><strong>quod</strong></span> <span class='ocrx_word' id='word_1_593' title='bbox 1818 2461 1874 2489; x_wconf 89' lang='lat' dir='ltr'><strong>per</strong></span> <span class='ocrx_word' id='word_1_594' title='bbox 1889 2454 2102 2490; x_wconf 86' lang='lat' dir='ltr'><strong>provisionem</strong></span> <span class='ocrx_word' id='word_1_595' title='bbox 2120 2458 2291 2494; x_wconf 87' lang='lat' dir='ltr'><strong>predictam</strong></span> 
     </span>
     <span class='ocr_line' id='line_1_90' title="bbox 1288 2499 2293 2541; baseline 0.015 -16"><span class='ocrx_word' id='word_1_596' title='bbox 1288 2505 1351 2527; x_wconf 91' lang='lat' dir='ltr'><strong>non</strong></span> <span class='ocrx_word' id='word_1_597' title='bbox 1374 2503 1441 2527; x_wconf 84' lang='lat' dir='ltr'><strong>erat</strong></span> <span class='ocrx_word' id='word_1_598' title='bbox 1463 2499 1503 2528; x_wconf 85' lang='lat' dir='ltr'><strong>ad</strong></span> <span class='ocrx_word' id='word_1_599' title='bbox 1530 2499 1660 2538; x_wconf 84' lang='lat' dir='ltr'><strong>plenum</strong></span> <span class='ocrx_word' id='word_1_600' title='bbox 1691 2502 1751 2531; x_wconf 92' lang='lat' dir='ltr'><strong>tuis</strong></span> <span class='ocrx_word' id='word_1_601' title='bbox 1778 2505 2017 2536; x_wconf 84' lang='lat' dir='ltr'><strong>necessitatibus</strong></span> <span class='ocrx_word' id='word_1_602' title='bbox 2042 2509 2235 2539; x_wconf 71' lang='lat' dir='ltr'><strong>satisfactum</strong></span> <span class='ocrx_word' id='word_1_603' title='bbox 2263 2516 2293 2541; x_wconf 88' lang='lat' dir='ltr'><strong>et</strong></span> 
     </span>
     <span class='ocr_line' id='line_1_91' title="bbox 1287 2550 2288 2599; baseline 0.015 -21"><span class='ocrx_word' id='word_1_604' title='bbox 1287 2550 1396 2580; x_wconf 90' lang='lat' dir='ltr'><strong>volens</strong></span> <span class='ocrx_word' id='word_1_605' title='bbox 1419 2555 1447 2581; x_wconf 90' lang='lat' dir='ltr'><strong>te</strong></span> <span class='ocrx_word' id='word_1_606' title='bbox 1463 2552 1570 2582; x_wconf 84' lang='lat' dir='ltr'><strong>favore</strong></span> <span class='ocrx_word' id='word_1_607' title='bbox 1584 2555 1730 2593; x_wconf 85' lang='lat' dir='ltr'><strong>prosequi</strong></span> <span class='ocrx_word' id='word_1_608' title='bbox 1748 2557 1903 2593; x_wconf 79' lang='lat' dir='ltr'><strong>gratioso,</strong></span> <span class='ocrx_word' id='word_1_609' title='bbox 1923 2559 1993 2595; x_wconf 83' lang='lat' dir='ltr'><strong>tibi,</strong></span> <span class='ocrx_word' id='word_1_610' title='bbox 2015 2565 2117 2599; x_wconf 74' lang='lat' dir='ltr'><strong>preter</strong></span> <span class='ocrx_word' id='word_1_611' title='bbox 2132 2572 2288 2593; x_wconf 84' lang='lat' dir='ltr'><strong>summani</strong></span> 
     </span>
     <span class='ocr_line' id='line_1_92' title="bbox 1287 2601 2289 2653; baseline 0.014 -23"><span class='ocrx_word' id='word_1_612' title='bbox 1287 2601 1460 2639; x_wconf 88' lang='lat' dir='ltr'><strong>predictam</strong></span> <span class='ocrx_word' id='word_1_613' title='bbox 1481 2609 1701 2635; x_wconf 77' lang='lat' dir='ltr'><strong>sexcentarum</strong></span> <span class='ocrx_word' id='word_1_614' title='bbox 1719 2605 1872 2637; x_wconf 90' lang='lat' dir='ltr'><strong>librarum</strong></span> <span class='ocrx_word' id='word_1_615' title='bbox 1891 2611 2130 2648; x_wconf 86' lang='lat' dir='ltr'><strong>turonensium,</strong></span> <span class='ocrx_word' id='word_1_616' title='bbox 2152 2615 2289 2653; x_wconf 73' lang='lat' dir='ltr'><strong>preposi-</strong></span> 
     </span>
     <span class='ocr_line' id='line_1_93' title="bbox 1288 2655 2290 2700; baseline 0.015 -18"><span class='ocrx_word' id='word_1_617' title='bbox 1288 2657 1391 2684; x_wconf 89' lang='lat' dir='ltr'><strong>turam</strong></span> <span class='ocrx_word' id='word_1_618' title='bbox 1408 2655 1447 2684; x_wconf 76' lang='grc'><strong>(10</strong></span> <span class='ocrx_word' id='word_1_619' title='bbox 1466 2657 1558 2694; x_wconf 78' lang='lat' dir='ltr'><strong>Agna</strong></span> <span class='ocrx_word' id='word_1_620' title='bbox 1580 2662 1610 2687; x_wconf 89' lang='lat' dir='ltr'><strong>et</strong></span> <span class='ocrx_word' id='word_1_621' title='bbox 1632 2658 1797 2689; x_wconf 85' lang='lat' dir='ltr'><strong>ecclesiam</strong></span> <span class='ocrx_word' id='word_1_622' title='bbox 1815 2660 1853 2690; x_wconf 91' lang='lat' dir='ltr'><strong>de</strong></span> <span class='ocrx_word' id='word_1_623' title='bbox 1871 2662 2056 2700; x_wconf 77' lang='lat' dir='ltr'><strong>Saniatano,</strong></span> <span class='ocrx_word' id='word_1_624' title='bbox 2076 2665 2156 2694; x_wconf 69' lang='lat' dir='ltr'><strong>diri-e</strong></span> <span class='ocrx_word' id='word_1_625' title='bbox 2174 2667 2290 2697; x_wconf 81' lang='lat' dir='ltr'><strong>Tholo-</strong></span> 
     </span>
     <span class='ocr_line' id='line_1_94' title="bbox 1287 2709 2286 2749; baseline 0.013 -13"><span class='ocrx_word' id='word_1_626' title='bbox 1287 2715 1363 2737; x_wconf 81' lang='lat' dir='ltr'><strong>sane</strong></span> <span class='ocrx_word' id='word_1_627' title='bbox 1379 2712 1410 2737; x_wconf 89' lang='lat' dir='ltr'><strong>et</strong></span> <span class='ocrx_word' id='word_1_628' title='bbox 1427 2709 1627 2747; x_wconf 77' lang='lat' dir='ltr'><strong>Urgellensis</strong></span> <span class='ocrx_word' id='word_1_629' title='bbox 1642 2711 1837 2749; x_wconf 81' lang='lat' dir='ltr'><strong>diocesium,</strong></span> <span class='ocrx_word' id='word_1_630' title='bbox 1859 2715 2039 2745; x_wconf 77' lang='lat' dir='ltr'><strong>retinendas</strong></span> <span class='ocrx_word' id='word_1_631' title='bbox 2054 2726 2071 2745; x_wconf 80' lang='lat' dir='ltr'><strong>a</strong></span> <span class='ocrx_word' id='word_1_632' title='bbox 2089 2722 2115 2746; x_wconf 80' lang='lat' dir='ltr'><strong>te</strong></span> <span class='ocrx_word' id='word_1_633' title='bbox 2138 2728 2198 2748; x_wconf 83' lang='lat' dir='ltr'><strong>una</strong></span> <span class='ocrx_word' id='word_1_634' title='bbox 2215 2729 2286 2749; x_wconf 85' lang='lat' dir='ltr'><strong>cuni</strong></span> 
     </span>
     <span class='ocr_line' id='line_1_95' title="bbox 1286 2760 2285 2808; baseline 0.013 -19"><span class='ocrx_word' id='word_1_635' title='bbox 1286 2760 1426 2803; x_wconf 73' lang='lat' dir='ltr'><strong>predicta</strong></span> <span class='ocrx_word' id='word_1_636' title='bbox 1443 2762 1638 2801; x_wconf 86' lang='lat' dir='ltr'><strong>provisione,</strong></span> <span class='ocrx_word' id='word_1_637' title='bbox 1656 2765 1799 2803; x_wconf 87' lang='lat' dir='ltr'><strong>quandiu</strong></span> <span class='ocrx_word' id='word_1_638' title='bbox 1817 2775 1910 2797; x_wconf 87' lang='lat' dir='ltr'><strong>cause</strong></span> <span class='ocrx_word' id='word_1_639' title='bbox 1929 2769 2065 2806; x_wconf 84' lang='lat' dir='ltr'><strong>predicte</strong></span> <span class='ocrx_word' id='word_1_640' title='bbox 2082 2770 2285 2808; x_wconf 81' lang='lat' dir='ltr'><strong>duraverint,</strong></span> 
     </span>
     <span class='ocr_line' id='line_1_96' title="bbox 1285 2815 2287 2860; baseline 0.013 -17"><span class='ocrx_word' id='word_1_641' title='bbox 1285 2815 1532 2845; x_wconf 90' lang='lat' dir='ltr'><strong>commendavit.</strong></span> <span class='ocrx_word' id='word_1_642' title='bbox 1555 2816 1673 2846; x_wconf 91' lang='lat' dir='ltr'><strong>Verum</strong></span> <span class='ocrx_word' id='word_1_643' title='bbox 1696 2818 1785 2856; x_wconf 82' lang='lat' dir='ltr'><strong>quia.</strong></span> <span class='ocrx_word' id='word_1_644' title='bbox 1805 2820 1885 2849; x_wconf 75' lang='lat' dir='ltr'><strong>sient</strong></span> <span class='ocrx_word' id='word_1_645' title='bbox 1906 2822 1994 2850; x_wconf 80' lang='lat' dir='ltr'><strong>nobis</strong></span> <span class='ocrx_word' id='word_1_646' title='bbox 2015 2832 2168 2860; x_wconf 75' lang='lat' dir='ltr'><strong>exponere</strong></span> <span class='ocrx_word' id='word_1_647' title='bbox 2195 2835 2287 2856; x_wconf 85' lang='lat' dir='ltr'><strong>cura-</strong></span> 
     </span>
     <span class='ocr_line' id='line_1_97' title="bbox 1286 2867 2287 2915; baseline 0.014 -20"><span class='ocrx_word' id='word_1_648' title='bbox 1286 2867 1375 2902; x_wconf 82' lang='lat' dir='ltr'><strong>visti,</strong></span> <span class='ocrx_word' id='word_1_649' title='bbox 1399 2867 1431 2896; x_wconf 92' lang='lat' dir='ltr'><strong>in</strong></span> <span class='ocrx_word' id='word_1_650' title='bbox 1455 2870 1671 2906; x_wconf 85' lang='lat' dir='ltr'><strong>prosecutione</strong></span> <span class='ocrx_word' id='word_1_651' title='bbox 1697 2872 1885 2909; x_wconf 75' lang='lat' dir='ltr'><strong>provisionis</strong></span> <span class='ocrx_word' id='word_1_652' title='bbox 1915 2874 2116 2911; x_wconf 76' lang='lat' dir='ltr'><strong>hujusmodi.</strong></span> <span class='ocrx_word' id='word_1_653' title='bbox 2145 2877 2287 2915; x_wconf 77' lang='lat' dir='ltr'><strong>pluribus</strong></span> 
     </span>
     <span class='ocr_line' id='line_1_98' title="bbox 1287 2920 2286 2964; baseline 0.012 -16"><span class='ocrx_word' id='word_1_654' title='bbox 1287 2922 1348 2948; x_wconf 88' lang='lat' dir='ltr'><strong>tam</strong></span> <span class='ocrx_word' id='word_1_655' title='bbox 1373 2920 1552 2957; x_wconf 88' lang='lat' dir='ltr'><strong>potentibus</strong></span> <span class='ocrx_word' id='word_1_656' title='bbox 1574 2930 1669 2959; x_wconf 85' lang='lat' dir='ltr'><strong>quarn</strong></span> <span class='ocrx_word' id='word_1_657' title='bbox 1692 2922 1764 2953; x_wconf 83' lang='lat' dir='ltr'><strong>aliis</strong></span> <span class='ocrx_word' id='word_1_658' title='bbox 1785 2924 1837 2954; x_wconf 82' lang='lat' dir='ltr'><strong>tibi</strong></span> <span class='ocrx_word' id='word_1_659' title='bbox 1864 2935 1957 2964; x_wconf 73' lang='lat' dir='ltr'><strong>super</strong></span> <span class='ocrx_word' id='word_1_660' title='bbox 1983 2927 2038 2956; x_wconf 68' lang='grc'><strong>1111·</strong></span> <span class='ocrx_word' id='word_1_661' title='bbox 2061 2929 2286 2961; x_wconf 69' lang='lat' dir='ltr'><strong>obsistentibus</strong></span> 
     </span>
    </p>
   </div>
   <div class='ocr_carea' id='block_1_22' title="bbox 2115 2997 2146 3022">
    <p class='ocr_par' dir='ltr' id='par_1_28' title="bbox 2115 2997 2146 3022">
     <span class='ocr_line' id='line_1_99' title="bbox 2115 2997 2146 3022; baseline 0.065 -2"><span class='ocrx_word' id='word_1_662' title='bbox 2115 2997 2146 3022; x_wconf 64' lang='lat'><strong>⁸7</strong></span> 
     </span>
    </p>
   </div>
  </div>
 </body>
</html>
