2393 3496
764 341 949 372 LETTRES
972 340 1058 371 NON
1084 330 1417 370 ENREGiSTRnns.
2068 336 2140 367 1dw

53 416 177 448 hahent.
202 413 271 442 Dat.
298 411 382 450 apud
406 411 683 445 Urbemveterem,
709 419 727 439 x
751 409 903 439 kalendas
930 407 1049 442 martii,

54 476 135 500 anno
151 466 251 497 tertio.
269 464 419 504 (Pomm,
438 463 560 502 23574.)

126 631 237 660 ἵΰδῖ

91 695 206 726 Eisdem
230 691 373 723 concedit
399 696 432 721 ut
457 691 640 727 canonicos,
657 689 849 728 capellanos,
872 689 1005 718 vicarios
1027 692 1057 717 et

56 748 131 779 alios
145 745 296 776 ecclesiae
312 744 443 774 clericos
455 753 472 773 a
488 743 744 782 quibuscumque
758 742 918 772 voluerint
933 741 1055 771 archie-

57 800 231 841 piscopis'et
246 798 400 837 episcopis
417 797 559 827 ordinari
575 796 703 826 saciant.
725 796 795 826 Dat.
813 795 896 834 apud
917 794 1056 824 Urbem-

58 858 202 888 veterem,
214 861 232 881 x
245 851 398 882 kalendas
412 850 528 885 martii,
544 858 630 880 anno
648 849 750 879 tertio.
765 848 917 887 (Pomm,
933 846 1057 885 23575.)

594 627 720 662 Orvieto,
733 628 767 654 ‘20
783 628 886 654 sevi-ier
904 626 983 653 1291.

126 1018 240 1048 ’⁷588

596 1015 723 1049 osvieto,
736 1016 769 1042 28
785 1015 888 1041 fevrier
906 1014 984 1041 1291.

94 1082 295 1116 Edwardum,
314 1089 413 1118 reqem
436 1081 582 1119 Angitiae,
605 1083 695 1117 rogat
718 1082 751 1108 nt
773 1077 812 1107 ad
833 1076 1057 1106 liberationem

58 1134 245 1169 Guillielmi,
266 1133 463 1163 marchionis
481 1132 720 1168 Montisferrati,
740 1140 758 1160 a
773 1130 898 1160 civibus
915 1128 1057 1159 Alexan-

57 1187 154 1219 drinis
171 1187 307 1223 detenti,
325 1195 454 1225 operam
470 1185 636 1224 largiatur.

95 1241 267 1280 «Captione
276 1249 311 1270 ac
320 1240 542 1270 detentione...
555 1256 595 1261 —
605 1239 676 1268 Dat.
687 1238 770 1277 apud
783 1238 1058 1273 Urbemveterem,

59 1305 80 1326 11
95 1294 245 1326 kalendas
261 1294 380 1331 martii,
403 1302 488 1323 anno
504 1297 624 1332 quarto.
647 1306 659 1320 s>
681 1293 829 1330 mmm„
848 1290 972 1329 23583.)

126 1462 240 1491 ἵ589

99 1527 142 1562 B„
170 1527 339 1564 episcopum
366 1524 590 1559 Prenescz'num,
615 1523 792 1561 apostolicae
814 1522 889 1551 seclis
919 1521 1062 1559 legatum,

62 1583 147 1617 rogat
165 1582 199 1608 nt
218 1581 307 1607 curet
324 1577 467 1616 justitiae
486 1576 756 1615 complementum
773 1575 918 1613 episcopo
933 1578 963 1603 et
979 1574 1063 1612 capi-

65 1631 126 1663 tulo
142 1630 395 1670 Melphiensibus
411 1630 555 1659 exhiberi
577 1629 611 1658 in
632 1637 727 1659 causa
743 1637 852 1659 eornm
874 1631 983 1657 contra
999 1628 1064 1656 Ro-

63 1684 183 1715 hertum
200 1684 238 1714 de
253 1684 395 1720 Juriaco,
414 1683 582 1713 dominum
598 1682 735 1711 civitatis
752 1681 790 1711 de
810 1680 941 1711 Lavelli.

104 1749 117 1766 α
135 1737 332 1776 Significavit
344 1736 436 1766 nobis
448 1735 677 1765 venerabilis...
690 1750 729 1757 —
742 1735 813 1764 Dat.
830 1734 913 1772 apud
928 1733 1065 1763 Urbem-

64 1795 216 1826 veterem‚
247 1790 394 1820 kalendis
431 1789 556 1825 martii,
590 1797 675 1818 anno
707 1792 832 1826 quarto.
865 1799 878 1813 »
911 1787 1064 1826 (Poma,

65 1844 181 1882 23584.)

616 1459 742 1490 Orvieto,
761 1460 798 1485 les
817 1466 893 1484 mars
912 1457 990 1484 1291.

133 2010 249 2039 '2590

134 2074 313 2112 priorissam
327 2078 351 2102 et
363 2078 543 2102 conventum
556 2072 736 2101 monasterii
747 2070 876 2101 Sanctae
886 2071 1066 2100 Katherinae

67 2127 278 2164 olomucensis,
295 2127 463 2157 secundum
485 2127 627 2155 instituta
649 2131 675 2154 et
695 2125 749 2154 sub
769 2133 844 2154 cura
863 2125 982 2154 ordinis
1003 2125 1069 2161 sra-

66 2185 144 2211 trum
160 2181 405 2217 praedicatorum
424 2181 574 2214 viventes,
592 2179 651 2208 sub
667 2179 749 2207 beati
769 2178 855 2207 Petri
871 2182 901 2207 et
919 2187 975 2207 sua
994 2186 1067 2217 pro-

66 2233 195 2263 tectione
211 2232 342 2271 suscipit
356 2236 386 2262 et
402 2241 512 2262 earum
529 2231 745 2270 possessiones
762 2230 940 2260 confirmat.

106 2299 118 2314 a
135 2286 214 2317 Cum
232 2295 250 2316 a
268 2286 397 2316 nohis...
416 2302 455 2307 -
473 2285 544 2314 Dat.
564 2285 648 2324 apud
667 2284 948 2319 Urbemveterem,
968 2293 989 2313 11
1008 2293 1067 2314 no-

66 2347 122 2370 nas
137 2339 252 2376 martii,
270 2347 356 2369 anno
371 2344 492 2378 quarto.
514 2351 526 2365 n
546 2338 694 2376 (Poma,
712 2336 837 2375 23590.)

641 2008 767 2040 Orvieto',
790 2008 805 2034 6
825 2015 900 2034 mars
919 2008 996 2034 1291.

137 2506 246 2535 '259¹

108 2593 127 2599 ..
139 2570 264 2607 officiali
275 2570 456 2599 Bituricensi
468 2568 598 2597 mandat
609 2571 641 2597 nt
650 2566 818 2606 compellat
827 2567 1005 2596 detentores
1017 2566 1069 2596 de-

632 2503 760 2535 Orvieto,
779 2504 811 2530 10
828 2511 904 2529 mars
922 2503 999 2530 1291.

22 2644 25 2647 -
67 2621 233 2659 cimarum‚
246 2621 429 2652 reddituum
446 2625 476 2651 et
490 2620 627 2651 aliorum
641 2620 800 2650 bonorum
816 2619 945 2658 capituli
960 2619 1068 2649 Sancti

71 2674 199 2705 Martini
220 2675 418 2705 Turonensis
435 2674 474 2704 ad
496 2683 531 2704 ea
550 2674 635 2703 infra
650 2673 824 2703 terminum
841 2676 1072 2711 competentem

68 2728 269 2758 restituenda.
291 2728 362 2759 Dat.
384 2727 468 2767 apud
490 2727 770 2762 Urbemveterem,
791 2736 822 2755 vr
844 2727 916 2756 idus
938 2726 1067 2761 martii,

68 2788 151 2812 anno
168 2785 289 2820 quarto.
307 2781 457 2820 (Poma,
478 2779 604 2818 23595.)

140 2953 253 2982 ’259ae

111 3017 282 3046 Monosterii
302 3017 336 3045 de
355 3016 429 3045 Alba
450 3014 628 3050 libertates,
652 3013 873 3043 immunitates
893 3017 922 3043 et
941 3022 1069 3052 exemp-

633 2950 760 2983 Orvieto,
779 2952 809 2977 15
828 2959 904 2978 mars
923 2951 1001 2979 1291.

1137 406 1239 436 tiones
1248 407 1426 437 confirmat.
1441 407 1510 436 Dat.
1521 406 1603 445 apud
1619 406 1892 441 Urbemveterem,
1903 405 2009 434 idibus
2021 403 2139 437 martii,

1137 467 1222 489 anno
1237 463 1358 498 quarto.
1377 459 1526 498 (Poma,
1545 459 1670 498 23603.)

1210 632 1326 661 ’ἵ593
1706 632 1833 666 Orvieto,
1850 632 1883 658 25
1900 639 1976 657 mars
1994 630 2073 658 1291.

1177 696 1339 731 Εάιυανιῑο,
1358 696 1422 732 reyi
1440 696 1578 732 Anytiae,
1597 695 1714 732 gratias
1733 695 1798 732 agit
1814 694 1852 724 de
1870 703 1956 733 capa,
1975 692 2080 723 doxali
2099 691 2145 722 al-

1140 748 1225 784 taris,
1240 747 1303 777 alio
1315 756 1420 785 panno
1431 748 1549 777 sericeo
1562 751 1591 777 et
1606 747 1727 777 annulo
1744 756 1843 777 aureo
1857 756 1928 776 cum
1945 746 2050 785 lapide
2065 754 2144 775 sma-

1139 801 1273 839 ragdino
1292 809 1373 839 quae
1388 800 1427 830 ab
1443 808 1479 830 eo
1498 801 1626 839 recepit.

1182 866 1195 880 «
1220 854 1397 884 Affectione
1421 857 1551 892 paterna
1575 853 1792 892 recepimus...
1817 870 1855 874 -—
1878 854 1948 884 Dat.
1975 852 2059 891 apud
2085 852 2145 882 Ur-

1140 907 1366 943 bemveterem,
1379 916 1434 936 vni
1446 906 1598 936 kalendas
1610 906 1826 945 aprilis,anno
1834 911 1957 945 quarto.
1970 918 1983 933 »
1993 905 2145 944 (Pomm,

1142 960 1264 999 23626.)

1215 1133 1333 1161 *2594

1183 1198 1357 1226 Monasterz'i
1390 1196 1633 1225 illonaszerz'ensis
1665 1194 1888 1224 immunitates
1921 1198 1951 1223 et
1984 1193 2152 1232 privilegia

1142 1250 1321 1281 confirmat.
1336 1251 1405 1280 Dat.
1420 1259 1439 1278 v
1451 1248 1604 1278 kalendas
1619 1247 1742 1286 aprilis,
1756 1256 1841 1278 anno
1858 1251 1980 1286 quarto.
1999 1246 2150 1286 (Pomm,

1144 1303 1269 1343 23630)

1715 1131 1841 1164 Orvieto,
1860 1131 1892 1157 ²28
1908 1139 1984 1157 mars
2001 1130 2079 1157 1291.

1218 1484 1334 1512 2595

1189 1547 1341 1576 L'nz’versis
1360 1546 1472 1575 Christi
1490 1544 1626 1581 fidelibus
1644 1546 1753 1573 notum
1770 1543 1846 1572 facit
1862 1543 2022 1572 civitatem
2040 1542 2153 1580 Tripo-

1146 1600 1204 1629 lim
1222 1599 1393 1628 novissime
1406 1607 1423 1627 a
1439 1597 1622 1628 Sarracenis
1636 1605 1789 1631 eversam,
1806 1597 2045 1634 terminumque
2059 1604 2152 1633 gene-

1148 1654 1223 1684 ralis
1239 1653 1376 1692 passagii
1394 1652 1542 1691 publicat.
1563 1652 1631 1680 Dat.
1652 1651 1735 1690 apud
1755 1651 2030 1687 Urbemveterem,
2051 1659 2081 1679 1v
2098 1649 2153 1678 ka-

1147 1708 1258 1738 lendas
1273 1707 1395 1745 aprilis,
1413 1714 1498 1735 anno
1514 1710 1634 1743 quarto
1653 1704 1804 1743 (Pomm,
1824 1702 1947 1742 23633.)

1719 1480 1843 1512 Orvieto,
1861 1480 1894 1508 29
1912 1488 1988 1506 mars
2005 1480 2081 1507 1291.

1222 1886 1337 1915 ’ἵῦθθ

1190 1949 1440 1986 Ανεὴίεριέοοριέ,
1458 1947 1611 1984 episcopz'S,
1627 1949 1697 1981 etc„
1716 1945 1847 1975 mandat
1860 1949 1902 1979 nt,
1918 1953 1989 1974 cnm
2006 1944 2156 1973 fratribus

1150 2002 1263 2032 domus
1293 2001 1400 2031 Sancti
1430 1999 1576 2038 Sepulcri
1599 1999 1723 2029 ordinis
1747 1998 1985 2028 Cruciferorum
2012 1998 2046 2027 in
2070 1998 2156 2027 Den-

1150 2055 1314 2090 chendorf,
1328 2053 1583 2084 Constantiensis
1595 2052 1760 2087 dioecesis,
1772 2061 1789 2080 a
1801 2051 2003 2090 pontificibus
2015 2051 2157 2081 romanis

1150 2108 1313 2138 indultum
1334 2108 1374 2136 sit
1397 2111 1430 2136 nt
1451 2105 1549 2135 semel
1568 2106 1602 2134 in
1626 2105 1720 2134 annis
1744 2104 1941 2143 recipiantur
1961 2104 1996 2133 in
2016 2103 2158 2134 ecclesiis

1149 2162 1188 2192 ad
1213 2161 1415 2198 elemosynas
1437 2158 1651 2196 colligemlas,
1673 2166 1783 2187 eorum
1805 2157 1985 2187 collectores
2002 2157 2159 2195 recipiant

1151 2215 1181 2244 et
1203 2218 1360 2243 tueantur.
1380 2213 1450 2241 Dat.
1468 2211 1550 2249 apud
1572 2211 1836 2240 Urbemveterem
1851 2234 1856 2245 ,
1874 2209 2019 2239 lialendis
2037 2209 2156 2248 aprilis,

1151 2275 1237 2296 anno
1253 2271 1376 2304 quarto.
1393 2265 1544 2303 (Poma,
1563 2263 1684 2299 23636.)

1721 1883 1847 1913 Orvie‘to,
1867 1883 1904 1909 'ier
1920 1883 1989 1909 avril
2007 1882 2084 1910 1291.

1226 2446 1339 2474 ’ἵῧθῖ

1194 2530 1215 2537 ..
1232 2508 1490 2545 archipresbytero
1508 2507 1643 2536 ecclesiae
1662 2506 1696 2534 de
1713 2506 1862 2542 Asparem,
1882 2506 2062 2534 Mutinensis
2077 2506 2158 2535 dioe-

1153 2563 1234 2598 cesis,
1252 2560 1382 2590 mandat
1397 2564 1430 2588 ut
1445 2568 1575 2589 causam
1591 2559 1674 2588 inter
1687 2557 1913 2594 Guillelmum‚
1930 2558 2074 2587 abbatem
2094 2566 2159 2587 mo-

1154 2613 1285 2644 nasterii
1301 2612 1409 2642 Sancti
1430 2612 1576 2650 Prosperi
1596 2611 1726 2648 Regini,
1743 2610 1868 2641 ordinis
1885 2610 1916 2640 S.
1936 2610 2113 2646 Benedicti,
2132 2616 2160 2640 et

1155 2666 1353 2698 Ubaldinum
1364 2665 1403 2695 de
1416 2664 1749 2701 Riostis,canonicum
1764 2663 2158 2700 Bononiensem,decidat.

1195 2732 1208 2746 α
1227 2719 1429 2757 Conquestus
1442 2722 1489 2748 est
1504 2718 1635 2748 nobis...
1651 2733 1690 2739 —
1704 2718 1774 2746 Dat,
1789 2716 1872 2755 apud
1886 2716 2159 2752 Urbemvcterem,

1154 2773 1248 2803 nonis
1263 2771 1384 2811 aprilis,
1402 2779 1488 2801 anno
1502 2774 1628 2809 quarto.
1649 2782 1662 2796 »
1682 2770 1833 2809 (Pomm,
1853 2769 1976 2807 23638.)

1750 2442 1877 2476 Orvieto,
1895 2443 1909 2469 5
1925 2442 1993 2468 avril
2010 2442 2088 2470 1291.

1231 2950 1346 2979 ’7598

1201 3034 1221 3043 ..
1239 3013 1340 3050 priori*
1354 3016 1380 3041 et
1395 3011 1530 3049 capitulo
1549 3011 1716 3040 saecularis
1732 3010 1868 3040 ecclesiae
1885 3009 1989 3039 Sancti
2004 3011 2164 3040 Laurentii

1752 2948 1879 2979 Orvieto,
1896 2948 1911 2974 5
1927 2948 1997 2974 avril
2016 2948 2089 2975 1291.
