2393 3496
158 316 218 346 798
906 303 1142 338 REGISTRES
1163 303 1218 333 DE
1239 302 1423 332 NICOLAS
1446 301 1501 331 IV.

161 380 288 420 eoquod
303 380 524 410 canonicatum
539 381 567 406 et
579 375 790 415 praebendam
803 374 836 402 in
849 372 983 402 ecclesia
994 371 1034 400 de
1049 370 1160 419 Abiate

159 434 309 464 Gnazana
328 433 408 471 (sir),
433 430 575 469 ejusdem
594 428 755 462 dioecesis,
777 435 811 455 ex
827 425 1006 464 provisione
1021 422 1160 452 Alexan-

159 486 206 516 dri
222 486 305 516 IIlI'·
317 488 477 515 assecutus
491 488 548 517 est,
564 480 760 520 postmodnm
778 478 815 507 ad
833 482 1015 516 perpetuam
1030 474 1162 512 capella-

159 540 246 569 niam
277 538 428 569 ecclesiae
455 535 561 565 Sancti
590 532 747 563 Pauci-atii
776 531 815 561 de
848 530 988 565 Vedino,
1016 527 1161 567 ejusdem

158 592 328 627 dioecesis,
355 600 371 619 a
400 589 481 618 veris
510 586 649 625 patronis
677 587 910 623 praesentatus,
941 582 1100 612 desectum
1127 581 1160 609 in

159 644 325 675 ordinibus
335 648 365 671 et
382 646 482 671 aetate
495 640 628 678 patienS,
645 660 664 667 ..
682 637 858 676 praeposito
870 635 1021 666 ecclesiae
1033 634 1070 663 de
1084 633 1161 663 Cas-

160 703 206 727 tro
231 698 350 734 Sept-io,
369 693 512 723 eamdem
530 691 739 730 capellaniam
754 689 1002 720 commendavit.
1025 687 1161 722 Deinde,

157 758 228 779 cum
242 748 280 777 ad
294 750 424 776 aetatem
442 745 617 782 legitimam
632 743 839 782 pervenisset,
854 741 1051 781 praepositus
1066 739 1162 770 eccle-

157 802 220 831 siae
236 800 274 829 de
291 802 314 829 A
323 799 404 829 biate
420 798 569 828 Gnazone
586 796 655 836 (sic)
669 806 686 826 a
702 795 840 835 capitulo
859 796 917 825 tuit
934 794 1062 828 electus,
1080 801 1162 832 quae

155 853 266 884 electio
285 862 338 891 per
356 853 456 881 bonae
475 851 648 880 memoriae
669 849 868 889 Philippum,
884 848 1161 886 archiepiscopum

155 908 389 941 Ravennatem,
408 910 481 934 tunc
496 905 526 933 iu
545 904 608 933 illis
626 902 967 943 partibusapostolicae
979 901 1062 930 sedis
1079 899 1162 937 lega-

157 966 242 997 tum,
268 960 453 990 contii-mata
478 963 534 987 est.
561 957 702 987 Tandem
729 956 768 985 ab
793 955 951 985 abbatissa
975 952 1161 983 monasterii

154 1012 346 1043 monialium
363 1012 400 1041 tle
417 1012 561 1046 Cat-rate,
578 1010 700 1040 ordinis
721 1009 753 1039 S.
779 1008 959 1042 Benedicti,
982 1006 1161 1046 praedictae

154 1066 326 1099 dioecesis,
357 1070 539 1104 perpetuam
567 1063 795 1102 capellaniam,
821 1066 1005 1091 consuetam
1034 1059 1161 1090 clericis

155 1119 369 1150 saecularibus
387 1118 543 1155 assignati
567 1122 597 1146 et
618 1116 657 1146 ad
681 1115 884 1146 collationem
902 1113 1044 1152 ejusdem
1062 1112 1159 1141 abba-

154 1173 250 1203 tissae
265 1172 489 1211 pertinentem,
506 1172 536 1199 in
552 1170 661 1200 eodem
678 1168 869 1199 monasterio
885 1166 1012 1204 recepit,
1026 1173 1160 1204 eamque

153 1236 225 1257 cum
241 1226 427 1255 canonicatu
446 1230 475 1253 et
495 1223 685 1262 praebenda,
704 1221 882 1260 capellania
898 1220 1006 1250 Sancti
1026 1219 1158 1248 Pancra-

154 1280 188 1309 tii
208 1285 239 1309 et
253 1278 469 1318 praepositura
487 1277 653 1314 praedictis
670 1276 764 1314 longo
781 1279 921 1313 tempore
939 1273 1054 1304 tenuit,
1074 1271 1159 1300 sruc-

154 1338 203 1363 tus
219 1332 399 1372 percipiens
415 1340 450 1360 ex
467 1331 587 1360 eisdem
604 1330 675 1359 siue
690 1328 879 1368 apostolicae
895 1327 980 1356 sedis
993 1326 1160 1365 dispensa-

154 1386 252 1416 tione.
273 1385 441 1422 Indulgent
460 1393 587 1422 quoqne
602 1393 674 1413 cum
692 1391 728 1413 eo
751 1387 800 1417 ut,
826 1381 972 1410 dimissis
992 1378 1159 1418 praedictis

153 1439 348 1478 capellaniis,
367 1443 396 1467 et
411 1438 519 1476 aliqua
538 1443 636 1476 parte,
652 1436 691 1466 ad
707 1429 878 1466 arbitrium
896 1435 968 1464 boni
988 1434 1058 1469 viri,
1078 1433 1159 1462 sruc-

154 1498 242 1523 tunm
263 1497 478 1531 perceptorum
494 1492 525 1520 in
543 1491 724 1521 evidentem
742 1489 913 1519 utilitatem
928 1486 1158 1527 praedictorum

153 1546 372 1581 canonicatus,
389 1545 597 1584 praebendae,
613 1544 848 1583 praepositurae
864 1547 895 1571 et
908 1540 1159 1580 capellaniarum

153 1609 319 1633 conversa,
343 1599 452 1628 eadem
477 1599 699 1634 canonicatus,
723 1595 936 1636 praebendam
953 1599 983 1624 et
999 1592 1160 1632 praeposi-

154 1658 255 1684 turam
273 1654 410 1683 retinere
428 1652 538 1681 valeat.

192 1720 205 1734 t(
232 1707 347 1737 Petitio
371 1705 480 1735 dilecti
506 1705 604 1734 lilii...
623 1721 662 1726 —
687 1704 757 1733 Dat.
776 1702 857 1741 apud
875 1701 1159 1736 Uibemveterem,

152 1760 300 1790 kalendis
317 1759 516 1798 septembris,
532 1766 619 1788 anno
638 1762 760 1796 quarto.
787 1767 801 1783 ι

223 1919 342 1948 5923
631 1914 759 1944 Ort-icto.
779 1914 815 1940 12¹·
831 1912 993 1947 septembre
1014 1910 1088 1938 1201.

189 1980 231 2007 De
253 1980 430 2015 quotidianis
455 1977 709 2004 distributionibus
731 1975 879 2002 canonicis
905 1973 1095 2001 Urbevctanis
1118 1972 1160 1998 sa-

153 2029 272 2056 ciendis.
289 2029 371 2062 (Risu.
391 2029 431 2058 niti,
451 2036 476 2054 e.
495 2027 555 2056 litio.
573 2026 592 2053 s.
609 2026 642 2053 ao
659 2027 706 2057 ro.)

195 2155 215 2162 ..
235 2133 366 2168 episcopo
391 2130 572 2158 Crbcvetano
596 2129 729 2158 mandat
751 2131 785 2155 ut
808 2126 943 2161 fructus,
970 2123 1113 2153 redditus
1132 2127 1162 2153 et

153 2190 325 2225 proventus
341 2183 492 2213 ecclesiae
511 2182 618 2212 Sancti
642 2180 758 2219 Ypoliti
778 2179 882 2209 Vallis
900 2179 997 2214 lacus,
1019 2178 1161 2208 Urbeve-

155 2245 247 2269 tanae
272 2238 442 2274 dioecesis,
471 2240 501 2266 et
526 2241 698 2273 terrarum,
730 2234 915 2267 vinearum,
947 2232 1102 2260 silvarum
1131 2235 1162 2260 et

154 2293 291 2323 aliorum
319 2292 475 2321 bonorum
505 2291 590 2328 ejus,
614 2297 696 2327 qnae
718 2288 750 2317 iu
783 2286 1074 2325 compensationem
1101 2284 1161 2314 soli

154 2347 189 2376 in
219 2355 281 2384 qno
309 2354 362 2384 pro
389 2350 474 2382 parte
503 2344 603 2381 major
630 2341 762 2372 ecclesia
787 2341 991 2371 Utbcvetana
1015 2339 1054 2368 de
1080 2347 1161 2368 noro

154 2392 352 2430 consu-uiuit·
376 2408 430 2436 per
455 2398 602 2426 etundem
629 2395 813 2434 episcopum
836 2398 911 2422 snut
933 2401 1098 2426 concessa,
1126 2391 1160 2420 in

154 2452 349 2491 quotidianis
365 2449 643 2480 distributionibus
659 2447 823 2478 canonicis
835 2470 842 2482 ,
866 2455 938 2476 cnm
961 2445 1047 2474 boris
1063 2452 1161 2474 eano-

154 2507 235 2536 nicis
258 2504 478 2540 interfuerint,
504 2501 710 2542 personaliter
732 2500 951 2530 tantnnunodo
967 2501 1090 2536 integre
1107 2507 1160 2527 as-

154 2560 275 2598 signari
295 2559 397 2588 saciat.

195 2625 208 2640 α
236 2613 279 2643 Ut
294 2611 401 2642 dilecti
419 2610 515 2641 tilii...
535 2626 573 2631 -
590 2610 661 2639 Dat.
683 2613 835 2646 utsupra.
858 2619 871 2635 1>

226 2773 346 2801 5924
655 2767 782 2797 Orvieto‚
800 2768 814 2793 5
831 2767 993 2802 septembre
1013 2765 1089 2792 120¹.

191 2836 296 2863 Bet-ard
303 2843 336 2862 us
344 2833 533 2860 Nimotiensis
544 2833 700 2867 episcopus
710 2830 905 2857 confirmatur.
916 2829 998 2862 (itt-20.
1011 2828 1052 2859 -tss,
1061 2836 1087 2855 c.
1099 2827 1160 2862 401,

154 2887 174 2913 f.
191 2885 224 2912 00
241 2884 287 2918 ro.)

204 2985 370 3017 Venerabili
394 2985 490 3023 fratri
518 2983 666 3016 Derai-clo,
695 2982 827 3019 cpiscopo
854 2981 1045 3010 nimociensi.
1074 2979 1160 3010 Olim

1243 371 1374 397 vacante
1391 366 1524 396 ecclesia
1542 366 1750 402 Nimotiensi,
1767 365 1942 405 capitulum
1956 365 2128 404 praefatum
2142 365 2252 396 Berar-

1243 419 1320 449 dum
1340 419 1372 447 in
1391 428 1484 448 sunm
1502 419 1683 457 episcopum
1706 418 1817 457 elegit,
1837 418 2048 456 eamdemque
2064 417 2251 448 electionem

1245 495 1266 503 ..
1288 471 1424 501 vicarius
1442 471 1592 508 Henrici,
1609 471 1828 501 archidiaconi
1850 471 2068 505 Nicoeiensis,
2093 471 2149 510 qni
2178 475 2252 502 tunc

1245 529 1396 563 tanquam
1413 523 1530 554 electus
1552 524 1773 554 Nicosiensem
1797 523 1963 554 ecclesiam
1988 523 2251 564 administrabat,

1243 577 1455 608 confirmavit.
1475 590 1489 604 u
1510 577 1571 607 Sed
1587 579 1663 616 qnia
1681 577 1887 616 probabiliter
1905 577 2068 608 dubitatur
2086 587 2127 608 an
2149 577 2253 609 dictus

1243 630 1490 661 archidiaconus
1525 630 1669 668 legitime
1699 631 1974 661 administraverit
2004 631 2038 661 in
2070 631 2252 663 Nicosiensi

1244 683 1396 718 ecclesia,
1419 696 1433 710 »
1453 692 1531 722 papa
1549 684 1630 714 banc
1647 684 1926 715 confirmationem
1950 689 2090 714 renovat..

1286 749 1299 764 ι
1327 737 1473 775 Benigno
1491 737 1547 767 tibi
1570 743 1682 767 sunt...
1705 755 1743 760 —
1768 738 1840 768 Dat.
1859 739 1944 777 apud
1967 738 2249 774 Urbemveterem,

1245 790 1341 820 nonis
1358 790 1559 829 septembris,
1576 799 1662 821 anno
1680 796 1804 830 quarto.
1830 803 1844 818 »

1314 990 1432 1020 5325

1281 1053 1323 1081 De
1338 1056 1516 1082 correctione
1533 1057 1700 1083 monasterii
1720 1056 1818 1083 Sancti
1837 1056 1913 1083 Petri
1932 1056 2086 1085 Vicentini.
2106 1056 2191 1090 (Rue.
2207 1056 2254 1089 46.

1243 1110 1270 1130 c.
1287 1103 1348 1134 462,
1366 1104 1385 1131 s.
1401 1104 1491 1136 001·0;
1511 1104 1629 1136 Pomm,
1646 1105 1757 1138 Qssstt.)

1747 991 1874 1023 Orvieto,
1892 991 1908 1018 5
1923 991 2086 1027 septembre
2104 991 2182 1020 1201.

1289 1220 1458 1250 Venerabili
1471 1222 1567 1257 fratri
1582 1222 1680 1258 Petro,
1695 1224 1827 1260 episcopo
1847 1223 2008 1257 Vt'centino,
2023 1222 2251 1253 correctionem

1243 1277 1274 1302 et
1302 1273 1561 1304 reformationem
1591 1275 1775 1304 monasterii
1805 1275 1996 1305 monialium
2024 1275 2134 1306 Sancti
2165 1274 2253 1305 Petri

1245 1325 1419 1363 Vicentini,
1439 1327 1563 1357 ordinis
1578 1327 1612 1357 S.
1634 1328 1817 1366 Benedicti,
1835 1328 1870 1358 in
1887 1328 2108 1368 spiritualibus
2125 1333 2156 1359 et
2170 1332 2250 1359 tem-

1242 1379 1404 1418 poralibus
1422 1380 1564 1420 collapsi,
1584 1382 1765 1411 committit.

1285 1445 1298 1459 α
1325 1433 1368 1463 Ex
1384 1434 1530 1472 injuncte
1552 1435 1682 1465 nobis...
1711 1452 1742 1457 —
1767 1436 1838 1467 Dat.
1863 1436 1947 1475 apud
1968 1436 2251 1473 Urbemveterem,

1243 1487 1337 1517 nonis
1355 1488 1555 1526 septembris,
1571 1498 1657 1520 anno
1674 1494 1797 1529 quarto.
1824 1503 1835 1516 ν

1316 1696 1570 1726 5928-5935

1280 1757 1489 1793 Indulgentiae.
1506 1759 1589 1792 (Rite.
1607 1760 1650 1792 46,
1667 1767 1693 1786 c.
1711 1759 1777 1793 463,
1796 1760 1814 1786 f.
1832 1759 1867 1787 90
1883 1761 1934 1792 νο.)

1726 1696 1853 1727 Ort-icto,
1871 1696 1910 1723 μ’
1923 1696 2087 1732 septembre
2103 1695 2182 1724 ¹291.

1288 1874 1441 1905 Universis
1464 1875 1578 1904 Christi
1600 1876 1737 1912 fidelibus
1756 1881 1906 1914 presentes
1926 1876 2044 1906 litteras
2060 1877 2252 1915 inspecturis.

1245 1928 1485 1965 Indulgentiam
1504 1928 1601 1958 unius
1615 1930 1693 1958 anni
1709 1934 1741 1958 et
1756 1938 1794 1959 xc
1812 1929 1937 1959 dierum
1955 1930 2102 1960 concedit
2121 1931 2254 1960 visitan-

1246 1981 1329 2010 tibus
1348 1980 1515 2010 ecclesiam
1532 1981 1639 2011 Sancti
1659 1982 1823 2012 Laurentii
1841 1982 1879 2012 de
1897 1983 2066 2019 Jonivitta,
2083 1982 2256 2014 Catbalan-

1245 2035 1356 2064 nensis
1371 2035 1537 2071 dioecesis,
1552 2036 1585 2064 in
1599 2040 1734 2074 quatuor
1748 2036 1854 2065 beatae
1867 2036 1988 2066 Mariae
1999 2042 2030 2066 et
2041 2036 2074 2066 S.
2088 2037 2254 2068 Laurentii

1245 2087 1471 2117 festivitatibus
1487 2091 1516 2117 et
1535 2097 1589 2127 per
1604 2093 1672 2118 octo
1690 2089 1756 2118 dies
1773 2094 1954 2128 sequentes.

1287 2153 1300 2168 ιι
1326 2141 1483 2181 Splendor
1501 2142 1630 2180 paterne
1646 2142 1785 2180 glorie...
1804 2159 1842 2164 --
1859 2143 1928 2172 Dat.
1946 2143 2027 2182 apud
2047 2143 2255 2175 Urbemvete-

1245 2204 1325 2232 rem,
1343 2195 1491 2225 kalendis
1507 2184 1707 2234 septembris.
1724 2205 1810 2226 anno
1827 2202 1950 2235 quarto.
1974 2209 1988 2224 ι»

1286 2249 1323 2278 in
1342 2260 1370 2278 e.
1390 2258 1445 2286 m.‚
1464 2258 1518 2288 pro
1533 2249 1664 2279 ecclesia
1680 2250 1864 2279 monasterii
1878 2251 1917 2279 de
1927 2250 2155 2282 Consolatione
2173 2251 2253 2282 Bea-

1247 2307 1294 2332 tae
1312 2302 1449 2337 Mariae,
1476 2302 1696 2332 cisterciensis
1720 2303 1859 2339 ordinis,
1883 2303 2054 2333 lteniensis
2079 2304 2253 2342 dioecesis,

1245 2357 1278 2386 in
1300 2362 1437 2395 quatuor
1462 2356 1570 2386 beatae
1596 2357 1714 2386 Mariae
1740 2356 1983 2392 restitutianus,
2015 2367 2069 2396 per
2093 2363 2162 2388 octo
2185 2357 2256 2389 dies

1245 2415 1416 2449 sequentes
1441 2415 1471 2440 et
1494 2410 1527 2439 in
1553 2410 1777 2440 anniversario
1799 2410 1850 2440 die
1873 2410 2084 2442 dedicationis
2108 2411 2252 2450 ejusdem

1245 2463 1408 2493 ecclesiae.

1287 2528 1300 2543 α
1325 2516 1491 2546 Gloriosus
1508 2516 1593 2545 Deus
1614 2516 1684 2546 in...
1704 2531 1743 2540 ·-
1765 2516 1833 2545 Dat.
1855 2521 2010 2556 utsupra.
2036 2528 2052 2544 »

1830 2596 1956 2630 Orvieto,
1971 2597 2006 2624 ‘23
2020 2598 2088 2625 aot‘tt
2103 2597 2180 2626 1‘201.

1285 2660 1321 2690 In
1342 2669 1369 2689 e.
1388 2669 1449 2696 m.‚
1468 2668 1522 2698 pro
1541 2660 1673 2690 ecclesia
1690 2661 1876 2691 monasterii
1892 2660 2000 2690 Sancti
2017 2654 2165 2690 'Andoeni
2187 2661 2252 2692 Ro-

1245 2714 1479 2751 tboniagensis,
1503 2714 1535 2743 in
1561 2714 1699 2752 singulis
1714 2714 1856 2753 ejusdem
1874 2716 1993 2751 saneti,
2015 2714 2048 2744 S.
2066 2714 2191 2744 Nicasii
2213 2723 2250 2745 ac

1244 2767 1429 2797 Nativitatis
1456 2767 1564 2797 beatae
1591 2767 1710 2797 Mariae
1739 2767 1983 2803 festivitatibus,
2011 2776 2066 2806 per
2090 2773 2159 2797 octo
2183 2767 2252 2798 dies

1243 2826 1413 2860 sequentes
1438 2826 1468 2850 et
1494 2821 1526 2850 in
1550 2821 1771 2851 anniversario
1792 2821 1843 2851 die
1871 2820 2082 2851 dedicationis
2105 2821 2249 2860 ejusdem

1243 2874 1404 2904 ecclesiae.

1285 2940 1298 2955 α
1326 2928 1395 2957 Vite
1412 2929 1562 2967 perennis
1577 2928 1715 2967 gloria...
1732 2944 1772 2952 —
1787 2929 1858 2958 Dat.
1872 2927 1956 2968 apud
1972 2927 2248 2964 Urbemveterem,

1244 2991 1261 3011 x
1279 2981 1432 3011 kalendas
1449 2983 1648 3022 septembris,
1665 2991 1751 3013 anno
1769 2987 1890 3022 quarto.
1911 2993 1923 3008 ν
