2393 3496
912 309 1164 356 QUATRIEME
1186 309 1344 349 ANNEE.
2118 322 2174 352 343

88 405 102 421 ι
125 392 192 430 ejus
220 388 401 419 salubribus
427 387 558 417 monitis
585 392 615 416 et
645 387 814 416 mandatis.
842 387 987 416 predicta
1013 386 1088 424 petit

90 457 104 472 η
125 444 226 474 dictus
237 445 423 480 procurator
435 439 628 469 omnimodo
642 445 672 469 et
684 441 756 477 jure
767 448 829 478 quo
846 439 959 469 melius
976 443 1084 477 potest,

89 510 104 526 n
126 505 197 527 cum
209 494 366 532 dampnis,
377 493 531 522 interesse
542 497 573 522 et
584 493 730 531 expensis
741 492 840 527 sactis,
853 497 883 522 et
898 496 1087 530 protestatur

90 561 104 578 ι
126 549 164 579 de
179 546 332 577 faciendis
349 554 450 583 usque
465 544 505 574 ad
522 545 620 574 finem
637 553 742 574 cause.
760 544 854 574 Salvo
866 546 949 583 jure,
967 549 1024 573 etc.

128 613 142 628 n
160 600 242 630 Sane
264 607 359 636 super
374 597 457 627 dicto
472 597 579 627 libello
601 606 708 627 coram
725 598 816 627 nobis
833 607 887 635 per
902 597 1000 626 dictos
1017 605 1087 634 pro-

91 667 105 684 »
125 657 282 684 curatores
296 650 435 689 partium
450 650 504 680 lite
519 650 660 688 legitime
677 654 849 680 contestata
865 655 893 679 et
906 650 1088 688 juramento

89 718 105 736 »
126 703 306 743 calumpnie
324 712 359 732 ac
382 703 524 732 veritatis
547 703 682 732 dicende
700 703 828 741 prestito
846 703 922 732 hinc
943 707 972 731 et
994 702 1085 735 inde,

90 771 104 787 »
125 758 213 789 factis
232 756 440 796 positionibus
459 760 489 784 et
505 755 544 784 ad
561 764 670 784 earum
686 755 809 793 aliquas
828 755 1088 793 responsionibus

92 824 106 840 D
129 809 316 844 subsecutis,
341 817 463 837 necnon
491 808 529 837 ab
551 812 682 846 utraque
703 812 789 846 parte
812 808 1002 845 qmbusdam
1026 808 1087 838 sor-

89 877 104 893 »
126 863 220 894 matis
240 862 403 897 articulis,
426 867 455 890 et
476 870 569 899 super
590 860 657 890 illis
678 861 841 890 dumtaxat
858 861 1008 891 exhibitis
1031 870 1087 900 pro

90 931 103 944 ι
126 921 211 956 parte
225 916 382 945 dictorum
400 914 522 944 abbatis
540 919 569 942 et
585 918 761 943 conventus
777 914 960 943 monasterii
979 914 1087 944 Sancti

89 983 103 1000 ι
126 969 241 1008 Angeli
257 968 389 1007 receptis
407 972 437 997 et
454 968 645 996 examinatis
663 967 792 996 testibus
809 976 844 996 ac
863 976 972 996 eorum
992 973 1087 998 attes-

89 1036 103 1052 ›
126 1022 296 1053 tationibus
318 1021 501 1059 publicatis;
528 1029 564 1050 ac
592 1020 791 1058 postmodum
821 1029 874 1059 per
896 1021 1085 1057 magistrum

88 1089 104 1105 »
126 1074 330 1114 Raynaldum
345 1074 383 1103 de
397 1074 492 1109 Setia,
509 1077 741 1111 procuratorem
754 1073 909 1102 dictorum
924 1074 1045 1103 abbatis
1059 1079 1087 1104 et

90 1142 103 1157 ι
125 1132 298 1159 conventus
319 1127 503 1156 monasterii
524 1126 633 1156 Sancti
650 1125 783 1163 Angeli,
800 1135 818 1154 a
835 1126 917 1155 dicto
933 1127 1026 1156 Petro
1049 1127 1087 1156 de

88 1193 104 1210 »
127 1181 209 1211 Setia
223 1186 374 1218 tanquam
388 1179 518 1209 domino
530 1179 595 1208 litis
609 1188 663 1217 per
674 1180 935 1209 contestationem
949 1180 988 1209 ad
1005 1180 1087 1210 banc

88 1247 102 1263 n
125 1243 252 1264 causam
280 1234 501 1269 constitutum,
532 1232 692 1270 productis
719 1232 885 1261 nonnullis
910 1233 1087 1271 privilegiis

90 1300 104 1316 ι
125 1287 303 1326 apostolicis
324 1290 354 1316 et
377 1285 569 1325 quibusdam
593 1285 664 1314 aliis
690 1285 823 1323 publicis
848 1286 1085 1323 instrumentis,

91 1353 110 1373 ι,
127 1345 157 1370 et
183 1340 260 1379 ipsis
289 1338 464 1378 privilegiis
489 1344 519 1368 et
542 1339 766 1368 instrumentis
791 1343 853 1368 tam
877 1340 910 1368 in
936 1339 1033 1369 bullis
1058 1345 1088 1370 et

91 1406 104 1420 ι
127 1392 412 1431 subscriptionibus
428 1401 524 1431 quam
538 1392 570 1420 in
588 1400 699 1421 eorum
719 1392 882 1421 tenoribus
899 1401 953 1430 per
968 1393 1086 1423 dictum

91 1459 105 1474 ιο
128 1447 254 1476 fratrem
283 1446 413 1474 Petrum
446 1445 484 1475 de
510 1445 609 1480 Luca,
638 1450 873 1483 procuratorem
903 1447 1087 1476 monasterii

88 1512 101 1527 »
127 1499 233 1529 Sancti
250 1498 444 1536 Archangeli
459 1498 643 1536 supradicti,
658 1498 855 1536 confessatis,
874 1499 1045 1537 recognitis
1059 1504 1089 1530 et

90 1564 104 1580 »
127 1552 223 1582 etiam
244 1552 441 1590 approbatis,
465 1556 550 1590 parte
570 1551 711 1589 ipsorum
727 1551 850 1581 abbatis
867 1557 896 1581 et
913 1558 1088 1583 conventus

89 1617 103 1633 ι)
127 1604 312 1635 monasterii
335 1605 440 1634 Sancti
461 1604 654 1642 Archangeli
672 1614 766 1643 super
782 1605 926 1635 articulis
945 1607 1009 1635 suis
1026 1606 1085 1636 ali-

88 1669 103 1686 »
125 1666 202 1698 quos
231 1663 324 1687 testes
355 1667 417 1687 non
447 1663 578 1687 curante
603 1658 774 1696 producere
803 1668 860 1688 nec
888 1660 1087 1697 probationes

88 1723 102 1738 ¹>
125 1711 247 1749 aliquas
266 1711 299 1740 in
314 1711 397 1740 dicta
415 1720 509 1740 causa
525 1711 686 1747 exhibere,
704 1711 775 1741 licet
790 1712 829 1740 ad
849 1712 907 1742 hoc
923 1713 983 1742 sibi
1000 1722 1086 1743 com-

89 1776 102 1792 »
124 1769 266 1803 petentes
292 1769 322 1793 et
342 1764 551 1802 peremptorie
573 1764 743 1794 dilationes
765 1765 884 1794 fuerint
908 1767 1085 1803 assignate;

88 1827 103 1844 »
124 1817 252 1846 tandem
276 1817 427 1846 omnibus
444 1817 504 1846 rite
521 1817 671 1855 peractis,
691 1817 767 1847 dicti
782 1823 999 1856 procuratores
1017 1829 1086 1858 par-

88 1881 103 1898 »
126 1872 204 1900 tium
221 1879 326 1900 coram
343 1870 435 1900 nobis
450 1871 647 1900 concorditer
662 1872 695 1900 in
712 1871 795 1900 dicta
813 1880 907 1901 causa
923 1873 1085 1903 concluse-

88 1936 101 1952 »
125 1929 209 1960 runt,
233 1925 304 1954 ferri
328 1925 519 1954 sententiam
544 1934 615 1954 cum
640 1925 794 1955 instantia
817 1926 1021 1964 postulantes.
1050 1928 1088 1957 Et

87 1989 101 2004 ν
124 1986 180 2007 nos
200 1978 233 2006 in
257 1986 293 2007 ea
317 1977 396 2015 ipsis
418 1977 589 2007 babuimus
610 1979 885 2008 consentientibus
906 1985 935 2008 et
957 1981 1086 2010 conclu-

87 2041 101 2057 »
123 2031 271 2060 dentibus
288 2039 343 2069 pro
359 2030 522 2060 concluso.
542 2031 608 2060 Nos
628 2031 728 2068 igitur
743 2032 914 2062 cardinalis
930 2034 1085 2071 prefatus,

86 2086 101 2110 ί)
124 2084 199 2113 visis
216 2089 332 2113 etcum
349 2084 517 2121 diligentia
534 2084 698 2113 recensitis
716 2085 779 2113 hiis
794 2095 856 2123 que
871 2094 975 2115 coram
997 2088 1086 2117 nobis

86 2148 99 2163 n
123 2142 196 2166 sunt
220 2137 329 2166 habita
354 2141 384 2166 et
411 2137 573 2175 producta,
603 2146 728 2176 queque
757 2137 838 2167 dicte
863 2145 965 2177 partes
994 2140 1084 2176 dare,

85 2201 99 2216 »
121 2190 236 2224 dicere,
249 2189 387 2227 allegare
399 2195 429 2219 et
440 2198 615 2228 proponere
626 2190 805 2227 voluerunt,
820 2196 945 2230 totoque
960 2190 1086 2230 negotio

84 2253 98 2270 a
123 2242 213 2281 plena
237 2243 466 2273 deliberatione
493 2243 636 2273 discusso
666 2249 696 2273 et
724 2245 892 2274 nobiscum
917 2245 1085 2276 collatione

84 2307 98 2323 n
122 2295 230 2326 habita
244 2296 403 2335 diligenti,
421 2297 500 2326 facta
517 2297 703 2327 meritorum
720 2298 907 2335 hujusmodi
923 2308 1016 2329 cause
1033 2300 1084 2329 do-

84 2360 98 2376 »
122 2349 211 2379 mino
226 2354 333 2379 nostro
350 2359 476 2380 summo
490 2350 631 2388 pontifici
647 2351 800 2381 relatione
814 2352 900 2382 fideli
918 2358 946 2382 et
963 2354 1001 2383 ab
1016 2354 1085 2392 ipso

83 2412 97 2428 ι
120 2401 228 2431 habita
252 2403 286 2431 in
309 2402 368 2432 boc
388 2403 516 2440 negotio
533 2403 573 2432 de
596 2405 820 2434 sententiando
846 2405 988 2443 licentia,
1013 2417 1083 2445 pre-

82 2465 97 2481 »
120 2458 208 2484 sente
225 2455 309 2485 dicto
330 2456 482 2493 magistro
504 2456 692 2495 Ray-namo,
710 2463 910 2495 procuratore
927 2460 1083 2489 dictorum

85 2518 98 2535 ι
120 2508 241 2538 abbatis
253 2513 467 2539 etconventus
479 2510 667 2539 monasterii
680 2511 787 2540 Sancti
798 2512 927 2549 Angeli,
937 2513 1086 2543 etabsen-

83 2572 97 2588 ιι
121 2560 206 2590 tibus
223 2562 463 2597 contumaciter,
479 2561 554 2592 licet
571 2562 611 2592 ad
629 2562 689 2593 hoc
709 2564 811 2593 citatis
830 2564 984 2602 legitime,
1002 2566 1085 2596 dicto

83 2625 98 2640 ι
118 2613 213 2644 fratre
230 2614 323 2644 Petro
343 2614 382 2644 de
403 2614 505 2651 Luca,
524 2621 727 2654 procuratore
744 2617 900 2648 dictorum
918 2619 1039 2649 abbatis
1056 2624 1086 2649 et

80 2676 94 2692 ι
120 2671 295 2697 conventus
307 2668 494 2698 monasterii
508 2667 616 2699 Sancti
629 2670 839 2708 Archangeli,
856 2677 885 2700 et
901 2672 1032 2702 Cambio
1046 2673 1084 2702 de

82 2730 97 2747 ι
120 2719 230 2756 Sexto,
246 2729 264 2750 a
282 2720 366 2751 dicto
387 2721 485 2751 fratre
502 2722 595 2752 Petro
616 2722 655 2752 de
673 2723 757 2753 Luca
776 2725 808 2754 in
828 2726 888 2755 bac
905 2734 999 2755 causa
1015 2727 1086 2756 sub-

81 2783 96 2799 »
119 2772 244 2809 stituto,
263 2773 297 2802 in
316 2773 453 2803 termino
469 2776 683 2813 peremptorio
697 2777 742 2805 eis
762 2777 834 2807 dato
853 2778 892 2807 ad
912 2778 994 2807 hanc
1014 2788 1082 2809 nos-

81 2835 95 2850 »
121 2829 199 2854 tram
217 2824 421 2855 diffinitivam
440 2827 632 2856 sententiam
651 2828 857 2867 audiendam,
874 2840 1010 2869 quorum
1026 2832 1083 2860 ab-

81 2889 95 2904 »
119 2877 220 2906 sentia
235 2877 294 2907 Dei
309 2877 472 2916 presentia
488 2878 649 2917 repleatur
660 2903 668 2916 ,
692 2889 747 2918 per
769 2890 804 2911 ea
821 2891 883 2920 que
899 2883 1038 2913 vidimus
1056 2888 1086 2913 et

81 2941 95 2956 n
119 2929 324 2967 cognovimus
338 2938 491 2970 nuncque
506 2932 730 2969 cognoscimus
747 2939 776 2963 et
792 2935 947 2971 videmus,
964 2936 1083 2966 Christi

82 2994 96 3009 »
120 2982 252 3012 nomine
267 2981 431 3019 invocato,
451 2982 640 3015 diffiniendo
662 2985 862 3018 declaramus
880 2989 999 3019 dictum
1017 2999 1083 3019 nio-

1173 397 1186 411 »
1212 386 1385 415 nasterium
1408 386 1517 416 Sancti
1543 385 1737 424 Archangeli
1766 389 1905 424 spectare
1930 386 2024 424 pleno
2043 389 2114 425 jure
2135 388 2172 417 ad

1173 450 1185 464 n
1209 439 1439 467 monasterium
1455 439 1560 468 Sancti
1577 439 1694 476 Angeli
1712 438 1895 477 supradicti,
1914 439 2013 469 dictos
2029 440 2173 470 abbatem

1172 502 1185 516 »
1210 496 1239 519 et
1258 496 1450 520 conventum
1469 491 1581 530 prefati
1598 491 1787 521 monasterii
1802 491 1909 520 Sancti
1925 491 2119 529 Archangeli
2135 493 2174 521 ad

1170 555 1182 569 ι
1210 544 1428 582 recipiendum
1443 554 1460 573 a
1472 545 1554 574 dicto
1567 545 1678 574 abbate
1695 544 1804 574 Sancti
1820 544 1940 582 Angeli
1957 545 2173 575 visitationem

1172 608 1185 621 υ
1210 602 1238 625 et
1259 598 1487 626 correctionem
1511 602 1541 626 et
1561 597 1599 626 ad
1616 597 1829 627 obediendum
1856 597 1917 636 ipsi
1940 598 2044 627 abbati
2066 598 2174 627 Sancti

1172 661 1185 675 1>
1211 649 1327 686 Angeli
1346 654 1496 688 tanquam
1519 650 1598 688 patri
1620 651 1725 679 abbati
1746 651 1886 689 ipsorum
1907 655 1936 680 et
1952 656 1985 679 nt
2007 651 2175 680 intendant

1172 712 1185 727 υ
1209 702 1308 739 ipsius
1325 702 1507 731 salubribus
1531 703 1660 732 monitis
1682 709 1711 732 et
1732 703 1888 733 mandatis
1907 704 1941 733 in
1964 704 2028 733 hiis
2051 705 2175 742 scriptis

1172 766 1185 780 x>
1210 755 1441 784 sententialiter
1457 755 1741 793 condempnemus,
1758 762 1786 785 et
1801 757 1894 785 etiam
1913 756 2013 786 dictos
2029 757 2173 786 abbatem

1173 819 1184 830 υ
1210 811 1239 835 et
1250 810 1442 836 conventum
1456 809 1642 837 monasterii
1654 808 1761 837 Sancti
1775 808 1968 847 Archangeli
1982 810 2013 838 in
2027 810 2174 848 expensis

1172 871 1184 884 n
1210 859 1363 896 legitimis
1380 860 1412 889 in
1433 861 1489 889 bac
1506 869 1599 890 causa
1617 861 1706 890 factis
1722 861 1804 890 dicto
1822 863 1972 899 magistro
1990 862 2174 901 Raynaldo‚

1171 924 1184 938 »
1210 913 1342 942 nomine
1369 915 1584 951 procuratorio
1611 914 1767 943 dictorum
1795 915 1916 944 abbatis
1946 920 1974 945 et
2001 922 2175 946 conventus

1173 978 1184 992 n
1212 967 1395 995 monasterii
1407 966 1653 1004 SanctiAngeli,
1666 968 1950 1005 condempnamus,
1967 977 2075 998 earum
2092 975 2175 999 taxa-

1169 1031 1181 1044 ·
1211 1020 1329 1048 tionem
1346 1020 1439 1048 nobis
1452 1021 1483 1049 in
1501 1026 1660 1058 posterum
1675 1026 1884 1050 reservantes
1902 1022 1977 1051 Lata
1995 1027 2024 1051 et
2038 1031 2176 1060 pronun-

1172 1084 1184 1098 n
1212 1072 1284 1101 tiata
1323 1073 1381 1101 suit
1413 1072 1497 1102 dicta
1526 1073 1684 1103 sententia
1713 1082 1768 1111 per
1803 1074 1925 1103 dictum
1963 1075 2174 1104 reverendum

1172 1137 1184 1151 n
1210 1130 1330 1163 patrem
1348 1125 1515 1155 dominum
1533 1127 1713 1163 Hugonem,
1733 1127 1817 1156 tituli
1832 1127 1946 1157 Sancte
1963 1128 2079 1157 Sabine
2094 1138 2177 1166 pres-

1171 1190 1185 1205 »
1210 1179 1357 1217 byternm
1383 1180 1596 1216 cardinalem,
1623 1189 1677 1218 pro
1705 1181 1857 1210 tribunali
1884 1182 2065 1218 sedentem,
2092 1182 2176 1220 apud

1173 1244 1185 1257 ιι
1213 1232 1485 1269 ΠιὍεωνεῑει-ειῃ,
1499 1233 1533 1262 in
1547 1242 1673 1263 camera
1685 1243 1752 1270 sua,
1767 1234 1820 1263 ubi
1834 1234 1885 1272 jus
1902 1234 2029 1272 publice
2044 1235 2176 1265 reddere

1173 1297 1186 1311 ³>
1211 1285 1390 1321 consuevit,
1419 1291 1562 1323 presente
1592 1287 1732 1325 predicto
1759 1287 1911 1323 magistro
1940 1287 2108 1326 Raynaldo
2138 1288 2176 1318 de

1174 1352 1186 1364 η
1211 1339 1308 1374 Setia,
1327 1344 1527 1377 procuratore
1543 1341 1701 1370 dictorum
1723 1340 1846 1369 abbatis
1864 1345 1894 1370 et
1911 1346 2086 1370 conventus
2108 1350 2175 1371 mo-

1174 1404 1186 1418 »
1213 1392 1345 1421 nasterii
1376 1392 1484 1422 Sancti
1514 1393 1647 1431 Angeli,
1676 1399 1705 1422 et
1734 1393 1918 1423 absentibus
1948 1395 2178 1424 contumaciter

1174 1457 1187 1471 n
1212 1445 1304 1474 dictis
1319 1445 1413 1474 fratre
1431 1446 1522 1475 Petro
1538 1446 1575 1475 de
1593 1447 1688 1483 Luca,
1705 1451 1905 1484 procuratore
1922 1448 2018 1485 partis
2032 1447 2174 1483 adverse,

1173 1510 1186 1524 n
1212 1503 1241 1527 et
1269 1498 1401 1528 Cambio
1428 1499 1465 1528 de
1495 1499 1599 1535 Sexto,
1629 1500 1799 1529 substituto
1828 1500 1867 1529 ab
1895 1509 1940 1529 eo.
1971 1500 2176 1530 Presentibus

1174 1563 1187 1577 n
1212 1552 1305 1580 etiam
1323 1552 1453 1582 domino
1468 1553 1618 1582 Jobanne
1633 1553 1671 1582 de
1688 1553 1887 1591 Savigneyo,
1905 1554 2058 1583 canonico
2073 1554 2176 1584 Ceno-

1173 1617 1186 1630 »
1211 1606 1371 1640 manensi,
1387 1605 1549 1643 capellano
1563 1610 1592 1635 et
1604 1606 1745 1644 generali
1760 1607 1904 1636 auditore
1920 1616 2086 1636 causarum
2100 1607 2175 1636 dicti

1173 1669 1186 1683 n
1211 1656 1336 1686 domini
1360 1657 1547 1688 cardinalis.
1569 1663 1599 1686 et
1621 1658 1753 1687 domino
1773 1658 1891 1687 Jacobo
1911 1658 1994 1688 dicto
2016 1658 2122 1688 Cotica
2138 1658 2177 1687 de

1173 1722 1186 1735 ›‚
1213 1709 1411 1746 Mediolano,
1428 1710 1461 1739 in
1486 1719 1617 1739 romana
1636 1711 1724 1740 curia
1742 1711 1906 1746 advocato,
1932 1719 1969 1740 ac
1986 1711 2122 1748 Georgio
2138 1711 2176 1740 de

1173 1774 1186 1788 n
1211 1763 1431 1801 Interampne,
1454 1763 1595 1801 Syrnone
1615 1763 1653 1792 de
1671 1764 1827 1793 Vercellis
1851 1768 1880 1793 et
1899 1764 2022 1793 'serisio
2047 1764 2085 1793 de
2104 1764 2176 1794 Cas-

1173 1828 1186 1842 »
1212 1821 1276 1852 tro,
1306 1816 1340 1845 in
1368 1816 1478 1845 eadem
1508 1817 1597 1846 curia
1629 1817 1900 1854 procuratoribus,
1935 1817 2078 1847 testibus.
2112 1817 2178 1847 Sub

1172 1881 1185 1895 ³>
1209 1878 1295 1898 anno
1308 1869 1439 1898 Domini
1458 1871 1674 1905 it0cc⁰Lxxxx1⁰‚
1695 1869 1869 1899 indictione
1887 1875 2016 1908 quarta,
2034 1870 2083 1899 die
2105 1870 2176 1899 sab-

1173 1935 1185 1949 »
1211 1923 1293 1957 bati.
1314 1928 1426 1961 quarto
1445 1923 1568 1953 decimo
1588 1924 1708 1952 mensis
1721 1923 1814 1961 julii,
1836 1924 2038 1961 pontificatus
2052 1924 2176 1953 domini

1172 1988 1185 2002 n
1211 1976 1335 2005 Nicolai
1354 1985 1430 2014 pape
1448 1977 1552 2015 quarti
1572 1985 1658 2005 anno
1673 1980 1795 2014 quarto.
1818 1976 1855 2005 Et
1871 1977 1909 2005 ad
1928 1978 2081 2014 majorem
2099 1985 2174 2006 cau-

1172 2042 1185 2055 »
1211 2030 1305 2058 telam
1317 2030 1418 2059 dictus
1434 2029 1585 2059 dominus
1599 2029 1772 2059 cardinalis
1787 2029 1861 2058 huic
1875 2029 2092 2059 instrumento
2106 2038 2177 2059 sen-

1172 2095 1185 2109 »
1212 2084 1307 2112 tentie
1327 2082 1472 2120 sigillum
1495 2092 1586 2112 suum
1607 2082 1679 2112 fecit
1696 2083 1822 2120 apponi.
1850 2083 1885 2111 Et
1906 2091 1962 2119 ego
1981 2083 2092 2111 Petrus
2111 2083 2174 2112 Ra-

1171 2147 1185 2161 »
1210 2136 1291 2164 nerii
1318 2135 1356 2164 de
1383 2135 1619 2169 Montechiello,
1652 2135 1808 2164 Senarum
1834 2135 1996 2164 districtus
2028 2135 2174 2173 publicus

1170 2200 1184 2214 »
1208 2188 1365 2226 imperiali
1376 2188 1562 2217 anctoritate
1576 2196 1726 2226 nuncque
1738 2187 1850 2225 prefati
1866 2187 1990 2216 domini
2002 2187 2176 2217 cardinalis

1170 2254 1182 2268 n
1209 2241 1369 2275 notarius,
1389 2241 1558 2279 prescripte
1576 2240 1734 2270 sententie
1751 2240 1920 2278 prolationi
1935 2246 1966 2270 et
1982 2240 2174 2278 pronuntia-

1169 2307 1182 2321 „
1210 2295 1288 2325 ttoni
1304 2300 1334 2324 et
1349 2294 1419 2323 aliis
1437 2298 1511 2323 tunc
1525 2294 1643 2323 ibidem
1660 2295 1794 2332 peractis
1810 2302 1873 2322 nna
1886 2302 1959 2322 curn
1975 2293 2109 2323 testibus
2123 2302 2176 2322 su-

1168 2361 1182 2375 »
1208 2348 1391 2387 prascriptis
1400 2347 1531 2377 interfui
1542 2352 1572 2377 et
1581 2348 1734 2385 premissa
1743 2347 1853 2376 omnia
1863 2346 1901 2375 de
1910 2346 2045 2385 predicti
2054 2346 2176 2376 domini

1168 2414 1181 2428 ι)
1206 2401 1378 2431 cardinalis
1403 2400 1552 2430 mandato
1573 2405 1602 2430 et
1623 2405 1749 2438 rogatus
1769 2401 1865 2430 etiam
1883 2408 1902 2429 a
1919 2399 2003 2429 dicto
2021 2400 2175 2437 magistro

1169 2467 1181 2482 n
1207 2454 1376 2494 Raynaldo
1392 2454 1519 2493 propria
1535 2463 1631 2483 manu
1649 2453 1759 2491 scripsi
1772 2454 1844 2483 etin
1860 2453 2019 2492 publicam
2037 2453 2173 2483 formam

1168 2521 1182 2535 »
1207 2509 1326 2546 redegi,
1345 2516 1517 2546 meumque
1533 2508 1663 2545 signum
1679 2507 1731 2536 hic
1748 2506 1878 2545 apposui
1896 2511 2096 2536 consuetum.
2119 2518 2131 2531 n

1209 2574 1221 2588 α
1255 2562 1298 2591 Ea
1329 2570 1391 2600 que
1417 2560 1576 2599 judicio...
1607 2576 1648 2582 —
1677 2560 1746 2589 Dat.
1779 2560 1863 2598 apud
1894 2559 2172 2594 Urbemveterem,

1167 2615 1274 2645 idibus
1292 2615 1430 2652 augusti,
1452 2622 1537 2643 anno
1556 2617 1679 2651 quarto.
1701 2625 1713 2639 ι

1654 2771 1784 2800 Orvieto,
1802 2770 1835 2795 ἓν)
1854 2769 2006 2795 novembre
2027 2768 2101 2794 1291.

1237 2774 1357 2802 6224

1202 2836 1305 2862 Contra
1330 2835 1513 2868 injuriatores
1538 2833 1702 2860 monasterii
1731 2832 1828 2858 Sancti
1854 2831 1999 2857 Pauci-atii
2022 2830 2055 2855 dc
2083 2828 2171 2855 L’rbe.

1165 2886 1247 2920 (Res.
1265 2885 1308 2918 46,
1325 2892 1351 2910 c.
1368 2883 1430 2917 603,
1448 2883 1466 2909 f.
1486 2883 1531 2909 ¹⁶31
1552 2885 1598 2915 ro.)

1207 2988 1313 3016 Dilecto
1326 2987 1390 3023 filio
1401 2986 1448 3022 N.,
1462 2985 1567 3014 Sancti
1577 2985 1708 3014 Adriani
1723 2984 1848 3012 diacono
1862 2981 2028 3015 cardinali,
2043 2978 2173 3008 mandat
