2393 3496
840 343 1052 374 REGISTRE
1074 331 1289 371 CAMERAL.

26 420 120 451 Sancti
149 417 216 445 llari
249 416 283 442 de
312 414 436 448 Galiata,
472 413 650 440 Ravennatis
686 412 845 442 dioecesis,
882 409 1026 436 concedit.

27 470 94 507 (Fol.
111 467 144 495 29
159 466 207 499 r⁰.)

71 566 234 600 Venerabili
248 565 340 602 fratri
362 565 474 600 Uberto,
492 564 625 601 episcopo
640 563 815 592 Feretrano.
830 572 842 586 ι
862 559 964 589 Habet
978 562 1029 588 tue

28 618 231 654 fraternitatis
249 617 382 647 assertio
406 616 491 655 quod
512 614 704 645 venerabilis
726 614 823 643 frater
846 617 954 643 noster
977 612 1027 647 B„

29 676 188 715 episcopus
210 670 414 706 Portuensis,
441 673 518 699 tunc
540 669 574 698 in
600 668 741 707 partibus
768 667 833 696 illis
859 665 1029 704 apostolice

30 728 110 759 sedis
124 726 258 763 legatuS,
278 722 335 752 tibi
351 722 538 752 auctoritate
553 720 724 759 apostolica
742 719 804 749 sibi
819 719 853 748 in
873 719 932 748 hac
944 721 1030 756 parte

30 779 194 812 commissa
209 775 365 806 concessit
382 779 415 804 ut
435 774 669 804 monasterium
686 772 795 802 Sancti
816 771 892 801 Ilari
911 771 948 800 de
966 770 1030 800 Ga-

29 835 113 870 liata,
131 830 252 862 ordinis
269 829 378 859 Sancti
397 827 576 865 Benedicti,
594 826 792 857 Ravennatis
810 825 956 860 diocesis,
975 833 1030 854 cu-

28 887 78 928 jus
95 889 145 915 tue
161 882 369 923 promotionis
392 885 532 919 tempore
549 880 694 918 regimen
718 878 902 914 exercebas,
921 886 977 916 pro
995 885 1031 907 eo

30 938 110 979 quod
127 941 159 967 tu
178 944 233 975 pro
251 935 419 965 devotione
437 943 532 972 quam
551 941 624 972 erga
644 940 811 962 romanam
827 931 910 969 geris
930 930 1031 960 eccle-

29 993 106 1023 siam
125 993 155 1020 et
177 989 274 1020 etiam
296 996 352 1027 pro
368 988 554 1018 defensione
573 986 700 1025 Jurium
723 985 824 1024 ipsius
843 984 1032 1015 monasterii

30 1044 143 1076 multos
154 1042 277 1073 labores
292 1041 436 1071 subieras
448 1044 478 1071 et
492 1048 658 1079 expensas,
676 1047 783 1078 posses
794 1047 830 1068 ex
845 1041 921 1067 tuuc
932 1046 1033 1075 usque

30 1098 68 1129 ad
83 1095 285 1136 septennium
303 1094 391 1124 licite
407 1094 546 1124 retinere
561 1102 597 1123 ac
614 1091 703 1123 illius
718 1091 1032 1121 administrationem

0 1175 1 1181 ,
31 1156 92 1182 tam
112 1151 146 1180 in
171 1148 394 1188 spiritualibus
415 1156 513 1186 quam
540 1145 768 1185 temporalibus
791 1145 923 1174 interim
947 1144 1034 1174 licite

0 1227 1 1238 2
31 1211 183 1235 exercere.
203 1201 285 1232 Cum
303 1204 411 1231 antem
427 1201 599 1230 Feretrana
617 1199 749 1229 ecclesia
762 1223 769 1236 ,
787 1198 1032 1237 superveniente

0 1275 1 1279 =
31 1255 226 1297 postmodum
240 1255 275 1284 in
289 1255 431 1294 partibus
444 1253 510 1283 illis
524 1261 715 1291 guerrarum
727 1251 928 1288 discrimine,
942 1251 1031 1287 adeo,

32 1310 111 1340 sicut
124 1308 289 1344 asseritur,
308 1307 348 1337 sit
363 1306 500 1346 collapsa
517 1306 600 1345 quod
616 1306 655 1335 de
668 1305 844 1334 redditibus
856 1304 939 1334 sedis
955 1304 1034 1342 epis-

32 1361 145 1401 copalis
155 1361 327 1391 Feretrane
338 1359 531 1389 substentari
548 1367 613 1389 nou
630 1358 747 1395 valeas,
764 1367 822 1387 nec
838 1361 939 1387 castra
954 1358 1036 1396 eJus-

33 1415 103 1446 dem
120 1414 269 1449 ecclesie,
288 1422 350 1452 que
369 1413 429 1442 sita
445 1415 519 1442 sunt
536 1412 570 1441 in
593 1412 698 1441 medio
715 1410 856 1441 nationis
874 1419 1032 1449 perverse,

31 1468 147 1506 absque
167 1465 375 1496 vassallorum
400 1465 533 1504 predicti
554 1464 760 1500 monasterii,
784 1464 839 1502 qui
859 1463 1035 1502 plurimum

33 1525 105 1552 sunt
119 1519 238 1557 fideles,
255 1518 414 1558 presentia
430 1518 599 1555 custodire,
613 1526 649 1547 ac
663 1526 717 1556 pro
730 1517 832 1556 ipsius
849 1516 1034 1546 monasterii

33 1578 63 1605 et
75 1574 259 1604 defensioue
272 1572 397 1612 jurium
416 1573 484 1611 ejus
500 1572 633 1610 quidam
650 1579 824 1609 germanus
841 1574 871 1600 et
886 1570 942 1599 alii
958 1578 1034 1599 con-

33 1626 201 1665 sanguinei
218 1626 275 1661 tui,
294 1626 376 1655 sicut
391 1625 555 1660 asseritur,
573 1623 613 1654 ab
628 1623 760 1654 ecclesie
779 1632 910 1654 romane
928 1632 1036 1662 perse-

33 1679 191 1711 cutoribus
220 1678 448 1709 miserabiliter
475 1678 539 1707 sint
562 1677 675 1715 occisi,
702 1680 878 1707 conventus
909 1685 1037 1715 quoque

33 1732 106 1763 dicti
121 1732 307 1763 monasterii
324 1731 416 1761 nobis
435 1730 620 1770 supplicarit
636 1730 802 1760 humiliter
815 1734 848 1759 ut
859 1730 917 1759 tibi
932 1729 1036 1759 admi-

34 1786 253 1816 nistrationem
268 1785 515 1815 concederemus
536 1783 670 1814 eandem
682 1805 689 1819 ,
707 1792 725 1813 a
743 1784 836 1822 nobis
853 1784 1038 1823 suppliciter

34 1838 195 1879 postulasti
215 1842 250 1868 ut
267 1838 457 1868 desolationi
479 1837 622 1877 ejusdem
646 1836 777 1867 ecclesie
801 1841 932 1876 paterna
949 1837 1036 1867 solli-

36 1891 174 1922 citudine
191 1895 415 1930 precaventes,
434 1891 489 1920 tibi
506 1890 590 1929 quod
608 1890 922 1920 administrationem
938 1890 1037 1929 ipsius

35 1944 219 1975 monasterii
244 1948 307 1974 tam
334 1944 367 1973 in
389 1943 608 1982 spiritualibus
629 1952 726 1982 quam
751 1934 1038 1982 in'temporalibus

35 1999 132 2038 possis
143 1998 247 2038 quoad
258 1998 375 2027 vixeris
387 2001 513 2036 propter
526 1997 715 2036 premissam
728 2005 855 2026 causam
868 1996 953 2026 licite
968 1997 1039 2026 reti-

36 2060 109 2082 nere
119 2051 157 2082 de
168 2051 368 2089 benignitate
381 2050 474 2080 solita
485 2050 657 2080 concedere
668 2050 889 2088 dignaremur.
903 2050 969 2080 Nos
980 2051 1037 2079 ita-

35 2114 130 2145 que...
147 2105 204 2135 tibi
220 2105 303 2144 quod
320 2104 634 2135 administrationem
650 2104 785 2142 predicti
803 2104 989 2134 monasterii
1003 2104 1036 2132 in

35 2158 251 2198 spiritualibus
269 2162 298 2188 et
315 2157 554 2196 temporalibus,
567 2157 668 2187 donec
684 2166 778 2195 super
792 2157 852 2187 hoc
863 2166 919 2195 per
931 2157 1037 2186 sedem

0 2222 5 2247 ,ε
36 2211 237 2251 apostolicam
253 2210 340 2240 aliud
357 2210 525 2248 contigerit
540 2210 696 2246 ordinari,
710 2214 835 2249 propter
849 2210 1037 2249 premissam

36 2272 160 2295 causam
177 2264 262 2294 licite
280 2264 420 2293 retinere
441 2263 546 2293 valeas
566 2263 753 2293 auctoritate
770 2263 967 2302 presentium
988 2262 1037 2291 in-

37 2317 213 2356 dulgemus.
231 2317 361 2347 Proviso
379 2317 529 2347 attentius
545 2316 628 2355 quod
645 2316 774 2346 interim
792 2316 825 2345 in
847 2315 1039 2345 monasterio

35 2370 103 2410 ipso
117 2370 276 2409 regularis
292 2370 499 2400 observancia
515 2369 620 2407 vigeat
635 2373 665 2398 et
681 2369 785 2399 eidem
799 2369 971 2399 conventui
987 2378 1040 2398 ne-

9 2413 13 2436 ¹
37 2423 170 2453 cessaria
185 2423 453 2462 proutcousuevit
464 2422 619 2452 hactenus
633 2422 704 2451 fieri
716 2422 941 2451 ministrentur
956 2430 992 2451 ac
1003 2421 1040 2451 de

0 2489 13 2523 χ
36 2475 126 2507 bonis
150 2477 226 2506 dicti
250 2476 438 2507 monasterii
464 2475 697 2505 nichilominus
726 2475 852 2514 penitus
879 2475 1039 2505 alienes...

0 2549 2 2561 .
38 2528 108 2560 Dat.
127 2530 236 2568 Reate,
253 2539 275 2560 11
292 2538 394 2560 nonas
411 2529 558 2559 octobris.
579 2541 592 2556 n

110 2688 224 2717 ’2189
551 2688 639 2720 Rieti,
659 2688 690 2715 19
711 2688 874 2723 septembre
892 2687 970 2714 1288.

76 2749 117 2777 Dc
133 2750 298 2777 liberatione
313 2750 426 2777 abbatis
446 2751 613 2778 monasterii
628 2750 833 2785 Wangaditiae
850 2750 900 2784 (1),
918 2750 1043 2776 Adrien-

9 2798 24 2860 k
41 2799 81 2826 sis
95 2799 246 2827 dioecesis.
265 2799 337 2833 (Fol.
354 2800 388 2827 29
405 2800 455 2832 νο.)

87 2901 306 2931 Venerabilibus
321 2902 474 2937 fratribus
492 2923 512 2930 ..
538 2901 690 2931 vicentino
706 2907 733 2931 et
757 2902 911 2931 Tervisino
932 2902 1044 2938 episco-

72 3019 104 3050 (l)
119 3019 156 3044 Le
169 3026 231 3044 nom
248 3022 288 3044 est
304 3019 372 3044 ecrit
390 3022 567 3050 Wanqaclitie
583 3023 610 3044 et
629 3021 807 3050 Wanqatitie.

2058 339 2114 368 971

1108 409 1156 445 pis
1179 416 1213 436 ac
1237 407 1341 437 dilecto
1362 406 1426 443 filio
1448 405 1508 444 [...]
1531 406 1674 434 canonico
1693 405 1851 434 paduano.
1875 403 1958 434 Cum
1984 427 2003 433 ..
2030 405 2117 443 prior

1111 460 1298 490 monasterii
1329 458 1583 490 Camaldulensis
1614 458 1846 488 monasterium
1872 457 2118 495 WVangaditiae,

1110 512 1149 542 ad
1165 521 1333 542 romanam
1357 511 1523 542 ecclesiam
1547 510 1636 540 nullo
1660 510 1766 540 medio
1790 510 1973 549 pertinens,
1993 510 2118 540 ordinis

1111 565 1380 601 Camaldulensis‚
1402 563 1570 594 Adriensis
1586 563 1760 599 dioecesis,
1781 567 1942 602 praetextu
1962 563 2119 592 visitatio-

1112 618 1161 647 nis
1186 618 1308 654 adiens,
1335 618 1500 654 abbatem,
1531 629 1544 644 α
1571 616 1610 646 ad
1634 616 1870 654 suggestionem
1900 615 2117 654 quorumdam

1113 670 1270 700 nobilium
1297 669 1427 699 illarum
1450 670 1606 708 partium,
1632 669 1687 707 qui
1706 669 1745 698 ad
1762 669 2000 707 occupationem
2023 669 2119 698 castri

1112 723 1237 752 abbatie
1267 722 1343 752 dicti
1366 722 1552 752 monasterii
1576 721 1728 751 hanelare
1756 722 1923 758 dicuntur,
1952 734 1964 749 n
1997 722 2064 760 capi
2090 725 2120 751 et

1113 775 1326 805 carceralibus
1343 774 1480 804 vinculis
1498 774 1675 813 mancipari
1692 775 1811 812 fecerit,
1826 779 1862 804 ut
1874 780 2011 804 castrum
2030 775 2123 805 nobi-

1113 827 1197 858 libus
1222 828 1288 857 illis
1314 828 1385 858 sine
1409 828 1592 858 conditione
1609 827 1747 865 cederet,
1771 836 1884 858 omnes
1910 827 2120 858 alienationes

1113 882 1271 911 bonorum
1287 881 1473 910 monasterii
1492 880 1709 917 Wangatitiae
1723 889 1741 909 a
1756 880 1809 910 die
1823 889 1884 919 quo
1899 881 1995 910 abbas
2011 885 2122 919 captus

1113 934 1174 964 fuit
1191 935 1287 964 factas
1304 934 1417 963 inanes
1433 933 1581 970 declarat,
1602 933 1836 972 praedictisque
1852 934 2005 972 episcopis
2022 938 2051 963 et
2068 943 2121 964 ca-

1115 988 1231 1017 nonico
1250 986 1381 1016 mandat
1399 990 1432 1016 ut
1446 986 1593 1016 abbatem
1611 985 1750 1015 libertati
1766 986 1947 1015 restituant.

1156 1052 1170 1067 «
1195 1040 1306 1079 Nuper
1328 1040 1367 1069 ad
1393 1043 1575 1069 nostrum...
1599 1055 1637 1060 —
1661 1039 1731 1068 Dat.
1753 1039 1867 1076 Reate,
1891 1048 1946 1068 1111
1969 1038 2123 1068 kalendas

1114 1094 1262 1125 octobris.
1282 1106 1296 1121 n

1188 1245 1305 1274 ’alvo
1640 1243 1727 1276 Rieu,
1744 1243 1778 1270 25
1794 1244 1957 1278 septembre
1975 1244 2052 1271 1288.

1152 1308 1275 1343 Inquit-it
1297 1307 1331 1333 de
1356 1307 1525 1341 quaestione
1547 1306 1621 1332 inter
1643 1306 1811 1341 episcopum
1837 1306 2072 1341 Senogaliensem
2096 1311 2125 1333 et

1118 1357 1333 1383 universitatem
1351 1355 1464 1382 Roccae
1480 1355 1514 1380 de
1529 1353 1673 1381 Contrata.
1692 1354 1763 1387 (Fol.
1781 1354 1814 1382 29
1830 1356 1881 1388 vo.)

1164 1458 1389 1487 Venerabilibus
1405 1457 1554 1493 fratribus
1568 1478 1588 1485 ..
1603 1457 1693 1485 Esino
1707 1460 1733 1485 et
1746 1457 2036 1493 Forosimfroniensi
2052 1458 2126 1494 epis-

1118 1514 1209 1549 copis.
1229 1511 1343 1540 Exorta
1359 1509 1546 1548 quaestione
1563 1509 1647 1538 inter
1663 1509 1845 1548 episcopum
1864 1509 2125 1547 Seuogaliensem

1119 1568 1149 1594 et
1178 1563 1423 1593 universitatem
1457 1563 1578 1592 Roccae
1614 1562 1651 1591 de
1688 1561 1854 1598 Contrata,
1886 1562 2126 1600 Senogaliensis

1118 1617 1292 1653 dioecesis,
1325 1625 1420 1655 super
1448 1615 1585 1646 Peticuli
1617 1620 1647 1645 et
1676 1615 1827 1645 Montalis
1858 1616 1969 1645 castris
1982 1639 1989 1652 ,
2024 1621 2127 1654 partes

1121 1683 1135 1697 α
1157 1669 1252 1700 talem
1277 1669 1362 1698 inter
1387 1678 1419 1698 se
1440 1668 1642 1698 concordiam
1666 1672 1897 1705 tractaverunt,
1927 1673 1960 1698 ut
1981 1669 2130 1698 videlicet

1119 1726 1314 1753 memoratus
1330 1722 1495 1761 episcopus
1512 1722 1591 1751 situs
1607 1731 1663 1751 seu
1682 1721 1749 1751 loca
1771 1722 1984 1760 predictorum
2008 1727 2127 1752 castro-

1119 1786 1204 1813 rum,
1221 1784 1283 1814 que
1301 1775 1447 1811 totaliter,
1468 1774 1547 1804 sicut
1564 1775 1727 1811 asseritur,
1745 1779 1820 1804 suut
1836 1775 2009 1811 destructa,
2028 1780 2058 1804 et
2075 1783 2126 1804 eo—

1120 1839 1192 1860 rum
1209 1829 1384 1865 districtus,
1401 1837 1436 1858 ac
1449 1828 1710 1866 jurisdictionem
1725 1828 1929 1866 temporalem
1942 1828 1976 1857 iu
1989 1828 2053 1857 illis
2066 1828 2128 1857 sibi

1121 1888 1151 1914 et
1169 1882 1340 1923 episcopali
1364 1882 1432 1912 sedi
1457 1882 1696 1920 Senogaliensis
1722 1881 1853 1911 ecclesie
1878 1885 2125 1920 competentem,

1120 1936 1323 1976 quantumin
1336 1944 1372 1966 eo
1384 1940 1430 1965 est
1443 1944 1509 1965 esse
1521 1935 1713 1971 dinoscitur,
1724 1935 1792 1973 (sic)
1804 1935 1919 1964 vendat
1931 1935 2129 1965 universitati

1122 1990 1260 2030 predicte
1277 1997 1333 2027 pro
1355 1993 1438 2018 certa
1459 1988 1594 2026 pecunie
1615 1988 1802 2026 quantitate.
1825 1988 1981 2017 Homines
2004 1996 2129 2026 quoque

1121 2048 1297 2074 castrorum
1316 2043 1456 2080 ipsorum
1468 2064 1476 2078 ,
1498 2049 1635 2079 quorum
1653 2040 1759 2078 plures
1775 2041 1809 2069 in
1827 2040 1936 2069 eadem
1953 2049 2044 2070 rocca
2061 2041 2128 2078 J'am

1122 2106 1176 2136 per
1191 2104 1292 2126 annos
1313 2104 1351 2124 xi.
1373 2099 1403 2124 et
1424 2093 1562 2132 amplius
1583 2094 1770 2123 habitarunt
1786 2098 1904 2123 etcum
1920 2093 2129 2122 universitate

1122 2149 1276 2188 prelibata
1293 2147 1503 2178 contribuunt
1519 2150 1550 2176 et
1572 2146 1735 2176 retroactis
1756 2146 1958 2175 contribuere
1980 2146 2130 2183 tempori-

1122 2205 1181 2234 bus
1196 2203 1230 2232 in
1256 2201 1351 2232 talliis
1371 2205 1399 2230 et
1421 2200 1575 2236 collectis,
1600 2208 1635 2229 ac
1660 2208 1722 2229 una
1739 2208 1812 2229 cum
1831 2199 1876 2229 eis
1898 2199 1961 2228 alia
1981 2203 2132 2229 consueta

1123 2256 1251 2287 servitia
1273 2259 1303 2284 et
1320 2262 1416 2284 onera
1440 2256 1680 2292 supportarunt,
1702 2252 1824 2290 singuli
1849 2261 1959 2282 eorum
1983 2251 2133 2282 videlicet

1124 2309 1325 2339 medietatem
1344 2306 1492 2337 omnium
1506 2305 1663 2336 bonorum
1684 2314 1814 2335 suorum
1834 2305 2002 2335 mobilium
2020 2310 2050 2335 et
2065 2305 2130 2334 im-

1123 2362 1295 2393 mobilium
1312 2361 1432 2391 eisdem
1456 2360 1523 2390 sedi
1544 2364 1573 2389 et
1596 2360 1740 2398 episcopo
1763 2359 1966 2396 exhibentes,
1986 2359 2025 2389 ab
2041 2359 2131 2389 omni

1124 2414 1290 2455 temporali
1304 2413 1529 2452 jurisdictione
1548 2412 1686 2451 episcopi
1703 2416 1733 2442 et
1749 2412 1834 2442 sedis
1850 2413 1992 2451 ipsorum
2004 2421 2041 2442 ex
2056 2415 2133 2441 tunc

1123 2471 1157 2499 in
1179 2469 1323 2498 futurum
1341 2470 1529 2497 remaneant
1546 2465 1641 2495 liberi
1663 2470 1692 2495 et
1714 2465 1887 2495 immunes.
1911 2476 1925 2491 »
1947 2466 2131 2503 Antequam

1124 2531 1199 2553 vero
1216 2522 1301 2551 hunc
1319 2524 1486 2549 tractatum
1501 2519 1680 2556 confirmet,
1694 2527 1773 2557 papa
1791 2518 1961 2557 praedictis
1977 2517 2133 2556 episcopis

1125 2575 1255 2606 mandat
1270 2579 1305 2604 ut
1320 2573 1489 2612 inquirant
1506 2572 1544 2602 de
1561 2573 1629 2611 eJus
1645 2572 1892 2610 opportunitate.

1167 2641 1179 2655 a
1200 2627 1347 2667 Exposita
1364 2625 1457 2656 nobis
1473 2623 1704 2655 venerabilis...
1724 2640 1765 2647 -
1788 2624 1860 2654 Dat.
1879 2624 1993 2661 Reate,
2015 2633 2057 2653 vn
2075 2623 2131 2652 ka-

1125 2681 1236 2712 lendas
1252 2679 1399 2711 octobris.
1420 2690 1433 2705 n

1199 2840 1313 2869 &1³21

1162 2903 1284 2938 Inquirit
1299 2901 1333 2928 de
1351 2903 1426 2927 statu
1443 2899 1567 2927 civitatis
1588 2898 1739 2925 Callensis.
1755 2897 1827 2931 (Fol.
1845 2897 1876 2924 30
1893 2898 1940 2929 νο.)

1424 2836 1784 2870 Sainte-Marie-Majeure,
1802 2836 1834 2862 ‘21
1851 2834 1968 2861 octobre
1985 2833 2061 2860 1288.

1172 3004 1340 3035 Vener-abili
1355 3003 1450 3040 fratri
1465 3003 1512 3039 Β.,
1535 3002 1666 3039 episcopo
1685 3000 1872 3030 Grossecano.
1896 2998 1932 3028 Ei
1954 2996 2084 3027 mandat
2102 3000 2137 3025 ut
