2393 3496
155 338 211 366 738
895 329 1128 360 tttitttsTttES
1151 328 1204 358 DE
1228 327 1410 357 NICOLAS
1435 328 1488 357 tv.

196 417 207 427 -ι
234 401 390 440 Splendor
413 405 540 438 paterne
565 399 700 436 glorie...
726 413 764 420 --
785 398 855 426 Dat.
875 396 957 434 apud
977 395 1152 425 Urhemve-

154 460 266 491 terem,
288 454 394 484 idibus
408 453 505 491 junii,
524 460 607 481 auno
623 455 743 489 quarto.
760 462 770 475 ι

731 536 858 565 (lrx'it'lo,
881 536 906 560 t?
922 535 984 568 juin
1004 533 1081 560 'lc-‘sll-

195 605 229 633 lu
252 613 278 633 e.
311 612 367 638 ni.‚
393 610 446 640 pro
469 600 600 629 evetosia
626 599 781 636 prioratus
807 597 913 627 Sancti
939 596 1087 626 Andreae
1114 595 1152 625 de

152 656 242 686 Valle
261 657 373 685 Boi-nia
390 678 395 687 ,
419 652 540 682 ordinis
563 652 594 680 S.
616 650 797 685 Benedicti,
816 648 1047 679 Netnauseusis
1063 648 1152 678 dioe-

151 710 248 744 cesis,
267 709 298 737 in
320 711 454 745 quatum·
471 705 578 733 heatae
598 703 717 733 Mariae
738 707 767 732 et
781 704 814 734 S.
834 701 982 731 Andreae
1001 701 1151 730 festivita-

153 762 245 791 tibus¹
261 765 332 794 vum,
355 763 509 796 utsupra,
528 765 627 794 usque
646 756 714 784 Dat.
734 765 771 784 xv
790 754 942 784 kalendas
955 753 1049 792 julii,
1067 762 1153 783 anno

150 819 271 852 quattu.

193 867 225 894 ln
245 875 270 893 υ.
291 873 345 900 ιιι,
370 872 425 902 pro
446 863 577 893 ecclesia
598 863 729 891 fratrum
753 862 874 891 ordinis
898 861 1150 899 praedicatorum

150 919 345 953 'l'uzoncnsi‚
372 917 405 945 in
432 921 569 955 quatuor
593 916 699 945 beatae
724 915 857 950 Mariae,
886 916 916 943 S.
936 913 1100 943 Dominici
1123 916 1153 942 et

149 974 179 1001 S.
197 971 281 1000 l'etri
297 970 447 1008 martyris
463 969 690 998 festivitatibus
706 974 735 997 et
749 972 878 1006 pcrocto
890 967 958 996 dies
970 970 1149 1004 soquentes.

151 1026 218 1053 ltat.
240 1028 269 1053 ut
289 1033 393 1062 supra.

191 1077 224 1105 ln
247 1086 275 1106 e.
294 1086 348 1108 in..
374 1085 428 1114 pro
450 1075 582 1105 ert-lesia
602 1076 734 1104 fratrum
755 1074 877 1104 ordinis
899 1073 1150 1112 praedicatorum

149 1130 386 1167 Audegavensi.

190 1185 225 1213 In
246 1194 271 1213 e.
292 1193 348 1214 ιιι..
366 1192 421 1221 pro
439 1181 569 1212 ecclesia
584 1181 690 1211 Sancti
705 1181 894 1211 Cliristofori
911 1181 943 1209 in
960 1180 1149 1219 Campania,

148 1237 399 1267 Cenomanensis
423 1235 593 1266 dioecesis,
629 1236 662 1263 iu
693 1234 835 1272 ejusdem
864 1234 982 1270 sancti,
1014 1238 1151 1272 quatuor

146 1292 254 1320 beatae
275 1290 391 1319 Mariae
410 1294 438 1318 et
456 1290 486 1318 S.
507 1289 667 1318 Joliannis
684 1287 904 1324 Evangelistae
924 1287 1150 1316 festivitatibus

146 1349 176 1373 et
191 1353 245 1382 per
259 1347 327 1373 octo
343 1342 409 1371 dies
426 1346 603 1379 sequentes.

187 1410 201 1421 u
221 1396 409 1425 Sanctorum
427 1394 548 1423 meritis
564 1393 711 1422 inclita...
730 1410 768 1414 -
783 1393 853 1421 Dat.
874 1397 906 1422 ut
923 1402 1028 1432 snpra.
1049 1406 1062 1419 »

721 1479 837 1506 Orvieto
847 1501 853 1513 ‚
873 1480 904 1507 18
916 1481 980 1514 juin
1000 1481 1076 1507 1291.

187 1545 222 1573 In
241 1554 266 1573 e.
292 1553 347 1574 1n.„
372 1551 425 1581 pro
445 1541 576 1571 ecclesia
597 1542 731 1571 Sanctae
755 1542 876 1572 Mariae
896 1542 934 1572 de
958 1543 1060 1573 Greve
1083 1543 1147 1582 ple-

146 1599 235 1628 batus
249 1597 346 1636 plebis
358 1597 396 1626 de
407 1595 548 1635 Giogole,
563 1596 763 1626 Florentiiiae
779 1595 945 1632 dioecesis,
964 1598 997 1627 iu
1013 1603 1148 1636 quatuor

145 1651 287 1689 ejusdem
305 1650 438 1687 virginis
454 1649 686 1685 festivitatibus,
702 1659 757 1688 per
770 1654 838 1680 octo
851 1650 920 1680 dies
933 1656 1103 1689 sequentes
1118 1656 1149 1682 et

144 1704 179 1733 iu
197 1703 418 1732 anniversario
434 1703 485 1731 (lie
503 1702 709 1731 dedicationis
726 1702 870 1742 ejusdem
887 1703 1048 1733 ecclesiae.

186 1768 199 1782 u
221 1755 384 1785 Gloriosus
408 1755 492 1784 Deus
516 1755 588 1784 in...
612 1771 651 1776 —
670 1755 740 1784 Dat.
763 1755 846 1793 apud
869 1756 1144 1795 Urhemveterem,

145 1818 208 1838 xnn
225 1808 375 1838 kalendas
387 1808 475 1845 julii,
492 1816 576 1837 anno
592 1812 715 1846 quarto.
735 1821 747 1835 n

720 1895 850 1925 Orvieto.
868 1897 902 1923 ‘20
915 1897 977 1932 juin
996 1898 1074 1925 1991.

184 1959 219 1987 ln
248 1967 275 1988 e.
303 1967 359 1995 m.⁷
384 1967 438 1996 pro
466 1958 597 1987 ecclesia
622 1958 731 1988 Sancti
755 1959 894 1989 Victoris
916 1960 955 1990 de
979 1962 1143 1997 Herbesio,

143 2012 456 2050 Grationopolitauae
473 2012 639 2049 dioecesis,
658 2013 690 2041 in
714 2013 857 2051 ejusdem
874 2015 994 2053 sancti,
1012 2021 1148 2054 quatuor

141 2065 249 2095 heatae
272 2065 391 2094 Mat-iae
415 2070 444 2095 et
469 2070 596 2095 sauctae
621 2066 812 2096 Catherinae
832 2068 1068 2103 festivitatibus,
1093 2078 1148 2108 per

141 2123 209 2148 octo
229 2118 296 2147 dies
318 2122 486 2156 sequentes
508 2123 538 2148 et
563 2119 596 2148 iu
620 2120 842 2150 anniversario
866 2121 917 2151 die
939 2121 1147 2153 dedicationis

142 2171 283 2209 ejusdem
300 2171 460 2201 ecclesiae.
1017 2202 1019 2204 .

183 2237 195 2248 ιι
215 2224 295 2253 Cutn
309 2224 347 2253 ad
365 2225 612 2262 promerenda...
628 2244 665 2247 —
680 2227 750 2257 Dat.
769 2228 852 2266 apud
869 2228 1144 2265 Urbemveterem,

141 2287 181 2306 xu
199 2277 351 2306 kalendas
365 2278 451 2315 julii,
470 2287 555 2308 anno
569 2285 691 2318 quarto.
712 2293 725 2307 ι)
742 2281 801 2320 (Εη
818 2282 948 2321 margo.)

182 2331 218 2360 Iu
243 2340 270 2361 e.
297 2340 353 2367 m.‚
382 2341 435 2370 pro
457 2332 590 2362 ecclesia
615 2333 723 2363 Sancti
754 2335 891 2365 Victoris
916 2336 954 2365 de
982 2337 1146 2375 Meolano,

141 2373 453 2423 Grationopolitanae
468 2386 632 2416 dioecesis,
652 2387 755 2426 (lbicl.)

720 2474 850 2506 Orvieto,
870 2476 977 2511 17juin
998 2478 1074 2504 1291.

182 2533 219 2562 In
246 2543 272 2563 e.
297 2542 354 2570 nr,
382 2543 436 2572 pro
461 2535 593 2565 ecclesia
615 2536 716 2574 plebis
741 2536 930 2568 Sanctorum
952 2540 1097 2570 Faustini
1118 2544 1148 2571 et

141 2586 266 2616 Jovitae
288 2587 326 2617 de
349 2587 522 2626 Hyrberia,
549 2589 689 2627 Reginae
713 2590 878 2628 dioecesis,
903 2593 936 2622 in
959 2594 1146 2624 eorumdem

141 2643 321 2669 sauctorum
344 2644 373 2669 et
395 2646 530 2679 quatuor
551 2641 659 2672 beatae
678 2643 799 2673 Mariae
822 2644 1067 2683 festivitatibus,
1092 2656 1148 2686 per

139 2694 208 2722 octo
231 2693 299 2722 dies
319 2698 486 2732 sequentes
511 2699 540 2724 ct
561 2695 593 2724 in
620 2696 840 2728 anniversario
861 2698 912 2728 die
934 2699 1146 2731 dedicationis

139 2745 282 2784 ejusdem
299 2746 461 2777 ecclesiae.

183 2811 194 2825 α
222 2799 379 2838 Splendor
402 2806 530 2839 paterne
551 2802 687 2839 glorie...
709 2820 748 2825 —
767 2804 837 2834 Dat.
861 2806 944 2844 apud
967 2806 1145 2838 Urbemve—

143 2857 251 2889 terem,
268 2862 306 2882 xv
323 2853 476 2884 kalendas
489 2854 575 2893 julii,
592 2865 677 2887 anno
694 2862 816 2895 quarto.
839 2870 852 2885 ›>
870 2858 976 2898 (Ibz'cl.)

717 2942 849 2977 Ort-teto,
870 2944 977 2978 t3j11in
996 2946 1073 2972 1‘291.

181 3000 216 3030 In
233 3009 260 3031 e.
277 3010 333 3039 m.,
355 3011 409 3041 pro
425 3003 558 3034 ecclesia
577 3004 763 3043 Narniensi,
782 3006 815 3035 in
832 3015 893 3046 qua
909 3016 1021 3047 corpus
1037 3008 1069 3038 S.
1084 3009 1143 3038 Ju-

1231 959 1329 996 junii,
1346 968 1432 989 anno
1449 964 1571 998 quarto.
1590 960 1698 998 (Μία.)

1237 393 1368 423 venalis
1386 393 1439 432 qui
1459 393 1602 431 ejusdem
1619 393 1771 423 ecclesiae
1788 393 1954 432 episcopus
1971 393 2042 431 suit,
2060 395 2241 434 requiescit,

1236 446 1268 475 iu
1297 446 1439 484 ejusdem
1470 447 1582 481 sancti,
1611 446 1720 476 beatae
1748 446 1884 483 Mariae,
1913 451 2040 477 sanetae
2068 447 2182 478 Luciae
2213 452 2244 478 et

1236 498 1267 527 S
1291 499 1452 528 Laurentii
1469 499 1694 529 festivitatibus
1710 503 1740 528 et
1756 508 1811 538 per
1825 503 1895 529 octo
1909 499 1979 529 dies
1995 505 2173 539 sequentes.

1277 565 1290 578 «
1310 551 1383 581 Vite
1399 552 1550 591 perennis
1565 551 1706 589 gloria...
1721 569 1760 574 —
1775 552 1847 582 Dat.
1865 552 1948 591 apud
1966 542 2241 590 Urhemvetereni,

1236 604 1340 633 idibus
1353 605 1450 642 juniiy
1467 614 1553 635 anno
1570 609 1694 643 quarto.
1715 617 1727 632 »ι
1746 605 1859 643 (1bid.,·
1878 606 2014 639 POT'rn.,
2033 605 2157 645 23674.)

1833 684 1965 719 Orvicto,
1982 685 1997 712 9
2010 686 2074 720 juin
2093 686 2171 713 1291.

1277 747 1314 775 ln
1339 756 1365 775 e.
1394 756 1451 782 in..
1477 755 1532 785 pro
1557 747 1690 777 ecclesia
1709 747 1895 777 monasterii
1917 747 2109 778 monialium
2128 748 2243 778 Beatae

1235 799 1346 829 Clarae
1364 799 1582 835 Velletrensis,
1602 801 1636 829 in
1655 805 1793 839 quatuor
1808 801 1916 831 heatae
1933 801 2054 831 Mariae
2070 806 2100 831 et
2116 806 2243 832 sanctae

1235 851 1345 881 Clarae
1363 853 1599 889 festivitatibus,
1620 863 1675 892 per
1690 858 1759 884 octo
1776 854 1842 883 dies
1859 859 2029 893 sequentes
2050 859 2079 884 et
2098 855 2131 884 in
2147 855 2243 885 anni-

1235 906 1374 935 versario
1390 906 1442 935 die
1459 906 1670 936 dedicationis
1695 906 1837 945 ejusdem
1856 907 2019 937 ecclesiae.
2038 908 2109 938 Dat.
2132 918 2151 938 v
2170 908 2244 938 idus

2050 979 2059 990 .

1815 1013 1947 1044 Orvieto,
1968 1014 2074 1049 f3juin
2092 1014 2170 1042 1291.

1275 1075 1311 1103 ln
1329 1083 1356 1104 e.
1378 1084 1433 1108 m..
1451 1083 1505 1113 pro
1519 1075 1652 1105 ecclesia
1669 1076 1801 1105 fratrum
1819 1075 1943 1105 ordinis
1958 1076 2189 1106 heremitarum
2204 1075 2244 1107 de

1233 1133 1335 1158 castro
1356 1128 1456 1159 Collis
1473 1128 1644 1166 Pergulae,
1664 1129 1850 1167 Eugubinae
1873 1130 2045 1166 dioecesis.
2062 1131 2097 1160 in
2115 1130 2241 1161 Nativi-

1235 1184 1306 1212 tatis
1323 1183 1431 1212 beatae
1449 1183 1579 1219 Mariae*
1600 1182 1632 1212 S.
1651 1183 1806 1222 Stephani
1824 1187 1854 1213 et
1867 1188 1994 1214 sanctae
2013 1184 2134 1214 Mariae
2153 1184 2243 1222 Mag-

1233 1235 1366 1265 dalenae
1396 1236 1619 1266 festivitatibus
1642 1240 1672 1265 et
1699 1245 1754 1275 per
1779 1241 1848 1266 octo
1872 1236 1941 1266 dies
1964 1241 2144 1276 sequentes.
2168 1237 2240 1267 Dat.

1232 1289 1314 1327 apud
1336 1289 1615 1325 Urbemveterern,
1636 1289 1742 1319 idibus
1759 1290 1864 1328 Junii‚
1887 1298 1974 1320 anno
1995 1294 2118 1328 quarto.
2137 1289 2244 1330 (Ibid.)

1303 1477 1422 1505 5388

1268 1539 1421 1566 Robcrtus.
1434 1538 1594 1565 Catinensis
1606 1539 1771 1574 episcopus,
1787 1542 1983 1565 consecratur.
1993 1538 2077 1572 (Rea.
2091 1538 2134 1572 46,
2144 1537 2240 1570 c.290,

1231 1589 1250 1614 f.
1267 1587 1299 1614 :38
1316 1589 1364 1620 ΓΟ.)

1815 1476 1947 1507 Orvieto,
1963 1476 1997 1503 ‘22
2009 1477 2072 1511 juin
2094 1476 2170 1504 1291.

1272 1713 1292 1720 ..
1310 1692 1442 1728 episcopo
1462 1690 1624 1719 Caserlrmo
1647 1689 1819 1720 committit
1838 1693 1888 1725 ut,
1915 1689 2027 1719 adcitis
2047 1690 2172 1720 duobus
2191 1690 2242 1721 vel

1231 1744 1332 1774 tribus
1362 1744 1515 1782 episcopis
1533 1743 1679 1782 Capuani
1706 1743 1935 1782 archicpiscopi
1960 1743 2242 1781 suffraganeis‚in

1230 1797 1362 1827 ecclesia
1377 1797 1540 1836 Capuana,
1557 1797 1704 1833 Roberto=
1724 1796 1888 1827 Calinensi
1905 1796 2015 1835 eiecto,
2033 1806 2152 1828 munus
2167 1805 2241 1828 con·

1230 1850 1418 1880 secrationis
1434 1850 1660 1889 impendat.—
1671 1849 1757 1880 Olim
1770 1850 1855 1880 idem
1874 1850 2042 1887 Robertus,
2059 1849 2242 1881 Catinensis

1230 1904 1393 1940 ecclesiae,
1413 1913 1467 1943 per
1482 1904 1604 1934 obitum
1621 1903 1714 1933 Pauli
1731 1903 1884 1940 vacantis,
1903 1903 2070 1942 episcopus
2085 1913 2141 1942 per
2155 1904 2242 1934 viam

1230 1957 1453 1997 compromissi
1476 1957 1611 1994 electus,
1638 1957 1916 1987 confirmationem
1940 1957 2107 1988 electionis
2131 1966 2208 1988 suae
2223 1966 2242 1988 a

1232 2012 1285 2049 Β.,
1305 2012 1494 2041 Penestriuo
1512 2012 1671 2050 episcopo,
1693 2010 1727 2040 in
1744 2010 1810 2040 illis
1826 2010 1968 2050 partibus
1982 2010 2174 2050 apostolicae
2192 2019 2240 2042 se-

1230 2065 1279 2094 dis
1297 2065 1411 2103 legato,
1431 2064 1581 2099 obtinuit,
1600 2064 1654 2094 sed
1673 2063 1784 2093 eodem
1799 2063 1903 2101 legato
1921 2068 2048 2094 mortuo
2063 2068 2093 2094 et
2109 2063 2142 2094 S.
2155 2088 2162 2101 ,
2179 2063 2239 2095 Ca-

1230 2127 1335 2157 puano
1359 2118 1617 2156 archiepiscopo,
1642 2125 1765 2147 moram
1791 2116 1875 2155 apud
1897 2117 2005 2146 sedem
2033 2117 2241 2156 apostolicam

1229 2172 1374 2208 faciente,
1395 2180 1513 2201 munus
1531 2170 1780 2201 consecrationis
1799 2169 1943 2208 accipere
1959 2178 2025 2200 nou
2042 2171 2153 2209 potuit.

1272 2237 1285 2252 «
1304 2225 1456 2263 Exposuit
1469 2224 1561 2254 nobis
1577 2223 1751 2254 dilectus...
1771 2239 1812 2246 —
1832 2223 1904 2253 Dat.
1924 2223 2008 2262 apud
2029 2223 2240 2255 Urbemvete-

1231 2287 1296 2309 rem
1311 2303 1317 2316 ,
1335 2288 1353 2308 x
1371 2277 1525 2308 kalendas
1539 2277 1626 2316 julii,
1644 2285 1730 2308 anuo
1745 2281 1870 2316 quarto.
1893 2289 1907 2304 »
2181 2283 2186 2287 ’

1300 2465 1416 2494 5389
1817 2462 1944 2498 Orviet0,
1962 2463 2070 2498 13Juin
2089 2463 2167 2492 1291.

1265 2527 1450 2562 Dispensatio
1461 2534 1548 2561 super
1559 2526 1671 2553 defectu
1683 2525 1839 2552 auriculae.
1853 2525 1937 2559 (Res.
1951 2524 1995 2559 46,
2007 2533 2033 2552 c.
2045 2525 2108 2557 ⁴291.
2119 2525 2140 2552 f.
2153 2525 2187 2553 58
2197 2531 2238 2558 r⁰;

1231 2576 1347 2608 Po'rTn„
1365 2576 1462 2609 2370&
1482 2576 1527 2609 (l).

1274 2682 1359 2710 Petro
1379 2679 1473 2709 Blasii
1489 2679 1523 2708 (le
1539 2679 1670 2714 Boeotia,
1691 2678 1813 2713 scolari,
1833 2677 1997 2714 Prayensis
2009 2677 2141 2706 diocesis.
2158 2676 2241 2707 Cum

1229 2745 1265 2766 eo
1281 2736 1445 2774 dispensat
1459 2737 1508 2770 ut,
1525 2740 1587 2762 non
1607 2731 1751 2762 obstante
1766 2730 1890 2760 defectu
1909 2729 2037 2759 dextrae
2059 2729 2237 2768 auriculae,

1228 2797 1325 2828 quam
1342 2789 1370 2817 ei
1387 2786 1517 2826 quidam
1535 2785 1650 2815 nobilis
1666 2783 1891 2814 inhumaniter
1904 2782 2100 2821 amputavit,
2117 2781 2157 2812 ad
2176 2782 2239 2813 mi-

1229 2850 1322 2872 nores
1345 2840 1475 2871 ordines
1502 2837 1681 2878 promoveri
1708 2840 1738 2867 et
1764 2835 2014 2867 ecclesiasticum
2043 2835 2240 2866 heneficium

1228 2895 1300 2926 sine
1315 2903 1391 2925 cura
1405 2894 1549 2924 obtinere
1565 2891 1679 2922 valeat.

1260 3015 1292 3046 (t)
1308 3015 1432 3039 Potthast
1448 3013 1539 3037 donne
1553 3013 1568 3036 ἱι
1584 3001 1647 3041 tort,
1664 3017 1768 3036 comme
1785 3018 1797 3033 (ι
1813 3008 1911 3039 incipit
1924 3016 1936 3031 ι)
1949 3014 1955 3032 z
1967 3008 2066 3032 Petitio
2082 3010 2129 3032 tua
2146 3009 2238 3034 nobis.
