2393 3496
359 683 608 760 TABLE
653 670 1237 769 ALPHABETIQIIE
1281 682 1424 758 DES
1468 679 1806 756 INCIPIT

42 1264 70 1294 A
84 1261 182 1301 regali
200 1262 357 1291 memoria
373 1261 438 1295 107,
461 1259 525 1290 108.
1130 1257 1180 1286 Ad
1196 1256 1428 1287 eliminandam
1446 1256 1686 1295 dampnabilem
1704 1256 1891 1287 6193-6195.

41 1317 69 1348 A
85 1316 201 1347 summi
220 1314 400 1354 presulatus
417 1314 485 1344 571.
1130 1310 1180 1339 Ad
1198 1319 1309 1340 eorum
1326 1310 1381 1349 qui
1398 1310 1486 1341 5337.

41 1368 91 1399 Ab
104 1367 180 1398 olim
195 1367 273 1397 dum
292 1366 382 1397 3112.
1130 1363 1181 1392 Ad
1200 1363 1401 1393 exaltandam
1419 1364 1690 1402 evangelistarum
1710 1363 1800 1394 4731.

42 1421 203 1454 Accedens
218 1421 258 1450 ad
275 1420 471 1459 presentiam
487 1420 563 1456 658,
583 1420 651 1455 687,
669 1420 741 1454 896,
760 1420 828 1456 926,
851 1419 937 1456 1526,
960 1419 1045 1456 1827,
1129 1416 1180 1445 Ad
1197 1417 1411 1447 exauditionis
1429 1418 1565 1455 gratiam
1585 1417 1670 1446 1687.

21 1471 23 1473 ’
82 1468 168 1511 3344,
188 1473 276 1510 3783,
295 1475 384 1510 4066,
402 1474 490 1510 4536,
507 1474 594 1509 4798,
614 1473 703 1505 5063,
1130 1469 1181 1498 Ad
1197 1470 1415 1500 exhibendum
1431 1472 1567 1508 gratiam
1587 1470 1673 1500 1994.

44 1528 254 1564 Accedentem
271 1527 308 1557 ad
325 1528 520 1566 presentiam
539 1526 628 1556 7156.
1130 1523 1180 1552 Ad
1200 1523 1418 1553 exhibendum
1438 1524 1494 1553 tibi
1516 1523 1600 1554 1993.

45 1574 238 1622 Accedentes
253 1581 293 1611 ad
307 1580 512 1619 apostolicam
534 1580 619 1610 1547.
1133 1576 1181 1605 Ad
1198 1577 1384 1615 extirpanda
1398 1577 1436 1606 de
1452 1577 1518 1607 893.

47 1631 240 1666 Accedentes
256 1634 294 1664 ad
311 1634 506 1672 presentiam
525 1633 613 1663 6262.
1132 1629 1183 1658 Ad
1200 1630 1422 1668 extirpandam
1441 1630 1577 1660 ubilibet
1592 1630 1678 1660 2095.

48 1688 175 1720 Accedit
190 1691 315 1726 gratum
336 1692 365 1718 et
383 1687 568 1718 6820-6823.
1134 1682 1184 1712 Ad
1201 1682 1383 1713 faciendum
1401 1683 1457 1713 tibi
1475 1682 1561 1720 1377,
1583 1683 1767 1714 1644-1649.

49 1742 176 1773 Accedit
191 1741 301 1771 matris
317 1741 448 1771 ecclesie
468 1741 552 1770 1450.
1134 1738 1183 1767 Ad
1197 1737 1324 1768 felicem
1341 1738 1574 1777 promotionem
1593 1739 1681 1768 2026.

49 1795 178 1827 Accedit
194 1794 287 1825 nobis
301 1794 340 1824 ad
356 1794 444 1824 7242.
1135 1791 1185 1821 Ad
1201 1791 1375 1821 fovendum
1390 1792 1424 1821 in
1444 1792 1512 1829 394,
1531 1792 1599 1829 750,
1621 1792 1707 1830 1546,
1728 1793 1819 1830 1562,
1839 1793 1925 1831 1782,
1945 1794 2032 1831 2755,
2050 1793 2139 1831 4006,

0 1870 1 1886 ;
50 1851 144 1879 Actus
161 1853 230 1879 tuos
245 1848 277 1877 in
298 1847 365 1878 313.
1176 1847 1264 1883 4768,
1284 1846 1373 1884 4769,
1391 1847 1480 1878 6914.

12 1921 13 1924 =
49 1902 96 1932 Ad
112 1902 234 1940 apicem
250 1901 420 1940 apostolice
437 1901 525 1930 7067.
1137 1900 1187 1929 Ad
1202 1900 1316 1930 fratres
1332 1900 1564 1930 heremitarum
1581 1900 1672 1931 3379.

0 1965 1 1978 ³
50 1956 95 1986 Ad
110 1955 313 1994 apostolicam
332 1955 438 1984 sedem
456 1955 544 1984 4407.
1135 1952 1187 1982 Ad
1202 1953 1261 1983 hoc
1278 1962 1336 1983 nos
1354 1952 1442 1991 1323,
1461 1953 1648 1984 5979-5984.

0 2023 2 2031 >
51 2010 96 2039 Ad
122 2009 321 2038 audientiam
348 2013 490 2038 nostram
514 2009 583 2044 261,
612 2008 764 2045 282-284,
790 2008 858 2045 327,
885 2008 959 2043 362,
984 2008 1052 2046 407,
1136 2006 1187 2036 Ad
1204 2007 1459 2046 impendendum
1476 2008 1534 2037 t-ibi
1554 2008 1638 2038 1302.

101 2063 166 2099 429,
195 2061 263 2098 430,
290 2061 359 2098 797,
389 2062 474 2098 1096,
505 2061 590 2098 1598,
618 2062 704 2098 1861,
735 2056 822 2099 1869,
852 2061 937 2099 1949,
965 2061 1052 2099 2048,
1138 2060 1188 2089 Ad
1202 2060 1425 2090 liberationem
1441 2061 1600 2091 carissimi
1616 2061 1757 2091 567-569.

88 2106 278 2151 2140-2152,
297 2114 392 2152 2208,
410 2114 503 2151 2396,
524 2115 599 2144 2555
611 2137 618 2149 ,
637 2115 733 2152 2725,
752 2115 838 2151 2726,
858 2115 946 2150 2756,
964 2115 1053 2153 2890,
1138 2113 1188 2143 Ad
1203 2113 1427 2143 liberationem
1445 2113 1553 2144 dilecti
1571 2114 1659 2145 3536.

87 2168 181 2205 3212,
200 2167 293 2205 3653,
310 2167 404 2202 4040,
423 2167 518 2201 4093,
536 2168 624 2202 4157,
644 2168 731 2203 4158,
750 2168 838 2204 4357,
856 2167 944 2205 4524,
965 2168 1052 2206 4797,
1139 2166 1189 2196 Ad
1205 2170 1346 2196 nostram
1361 2166 1483 2196 dudum
1499 2167 1587 2197 6859.

88 2221 180 2258 5113,
196 2221 291 2257 5170,
311 2221 400 2257 5457,
420 2222 508 2256 5607,
527 2221 615 2258 5749,
636 2222 724 2257 5777,
743 2222 837 2259 5826,
854 2221 942 2257 6015,
964 2221 1053 2257 6114,
1138 2220 1190 2249 Ad
1207 2224 1351 2250 nostram
1366 2220 1495 2250 noveris
1513 2220 1601 2258 2901,
1623 2221 1711 2260 2965,
1731 2221 1818 2252 6838.

89 2273 175 2309 6237,
193 2272 288 2309 6293,
300 2273 401 2308 7095,
419 2274 511 2310 7275,
530 2273 619 2310 7292,
640 2273 732 2310 7293,
752 2273 840 2310 7309,
858 2273 946 2311 7386,
965 2273 1053 2311 7438,
1139 2273 1190 2303 Ad
1208 2277 1350 2303 nostram
1367 2274 1520 2304 noveritis
1542 2274 1628 2312 1127,
1648 2274 1734 2306 1643.

23 2344 26 2345 ⁷
89 2328 176 2364 7474,
194 2327 282 2363 7505,
301 2327 389 2363 7523,
406 2327 495 2362 7550,
513 2327 600 2364 7601,
619 2327 707 2363 7604,
726 2327 814 2363 7617,
835 2326 922 2357 7637.
1139 2326 1190 2356 Ad
1206 2330 1347 2356 nostram
1364 2327 1509 2365 pervenit
1525 2328 1613 2357 2517.

52 2381 101 2412 Ad
115 2381 311 2411 audientiam
331 2381 430 2410 nostri
446 2379 515 2410 380.
1140 2380 1190 2409 Ad
1206 2384 1352 2410 nostrum
1369 2389 1471 2420 nuper
1487 2380 1668 2418 3524-3535,
1686 2381 1776 2413 3537.

51 2434 102 2464 Ad
116 2437 325 2474 augmentum
342 2433 495 2463 catholice
512 2433 600 2469 2124,
620 2434 706 2470 2125,
726 2433 812 2463 6824.
1139 2433 1191 2463 Ad
1207 2438 1353 2463 nostrum
1367 2435 1513 2472 pervenit
1530 2434 1616 2470 2533,
1635 2435 1724 2472 7125,
1746 2434 1834 2466 7334.

51 2487 102 2518 Ad
116 2487 278 2518 civitatem
294 2486 485 2516 Esculanam
502 2486 590 2516 2413.
1140 2486 1190 2516 Ad
1203 2490 1307 2525 partes
1325 2487 1504 2517 Tartaricas
1521 2488 1607 2518 6808.

51 2540 102 2570 Ad
119 2540 392 2571 conservationem
411 2540 567 2570 bonorum
587 2540 676 2569 6728.
1140 2540 1191 2569 Ad
1208 2548 1378 2578 personam
1398 2543 1484 2570 tuam
1503 2541 1588 2572 1250.

52 2593 103 2624 Ad
117 2593 282 2624 cumulum
302 2597 353 2623 tue
369 2592 457 2630 2438,
477 2593 565 2630 2463,
588 2592 675 2624 6535.
1140 2593 1191 2622 Ad
1209 2594 1442 2632 promotionem
1460 2596 1579 2633 negotii
1598 2596 1688 2628 4403.

23 2645 26 2648 '
52 2646 103 2677 Ad
117 2655 226 2677 curam
241 2646 395 2677 dominici
414 2647 502 2676 6711.
1142 2647 1192 2676 Ad
1209 2646 1431 2684 religiosorum
1452 2647 1594 2679 locorum
1616 2650 1700 2687 1283,
1722 2651 1807 2681 1284.

52 2699 104 2731 Ad
115 2699 290 2730 custodiam
306 2703 336 2730 et
352 2700 441 2736 2258,
459 2699 547 2729 2269.
1142 2699 1193 2728 Ad
1209 2699 1408 2738 repellendas
1426 2701 1588 2732 molestias
1606 2703 1673 2740 252,
1693 2704 1763 2735 253.

53 2752 104 2782 Ad
119 2752 220 2782 divini
233 2752 337 2782 cultus
355 2752 425 2783 969.
1143 2752 1193 2782 Ad
1209 2753 1412 2791 reprimenda
1428 2754 1535 2784 litium
1553 2755 1641 2786 3544.

54 2805 104 2836 Ad
119 2814 156 2836 ea
170 2814 231 2845 que
247 2804 316 2842 396,
333 2805 401 2842 914,
421 2806 507 2841 2242,
527 2806 614 2843 6101,
635 2806 720 2837 6953,
1144 2806 1192 2835 Ad
1213 2806 1449 2844 reprimendam
1466 2807 1665 2839 detestabilis
1681 2811 1768 2841 2179.

85 2938 118 2968 (1)
133 2938 264 2968 L'incipit
280 2945 397 2968 manque
413 2946 466 2962 aux
484 2938 612 2962 numeros
628 2946 632 2961 1
651 2940 796 2970 6998-7000,
813 2940 882 2970 7096,
900 2940 969 2969 7106,
986 2939 1055 2970 7122,
1070 2939 1139 2969 7150,
1155 2939 1225 2968 7238,
1242 2939 1310 2967 7274,
1328 2939 1397 2969 7290,
1414 2940 1483 2970 7405,
1498 2941 1567 2969 7400,
1582 2943 1651 2973 7422,
1666 2944 1735 2973 7433,
1751 2945 1820 2974 7439,
1836 2945 1983 2976 7441-7448,
1996 2946 2065 2977 7452,
2079 2947 2148 2978 7454,

56 2981 125 3012 7455,
139 2982 287 3011 7466—7468,
303 2983 450 3011 7470-7473,
467 2983 610 3011 7482-7484,
626 2983 695 3012 7486,
712 2983 782 3012 7487,
797 2984 866 3012 7490,
883 2984 951 3013 7492,
969 2984 1038 3012 7494,
1055 2983 1129 3013 7498,
1145 2984 1216 3011 7503,
1230 2984 1299 3011 7511,
1316 2984 1467 3014 7513-7515,
1484 2985 1553 3014 7519,
1573 2987 1642 3013 7520,
1659 2988 1728 3018 7522,
1745 2989 1814 3018 7534,
1835 2989 1980 3021 7536-7539,
1997 2991 2065 3021 7547,
2079 2992 2148 3022 7557,

57 3025 125 3055 7559,
141 3027 209 3055 7563,
226 3027 295 3057 7567,
309 3027 378 3055 7569,
396 3027 544 3054 75811-7582,
561 3027 630 3056 7584,
645 3028 715 3055 7586,
731 3028 800 3056 7587,
818 3028 886 3057 7591,
904 3028 973 3056 7592,
990 3028 1136 3056 7594-7596,
1149 3028 1218 3055 7605,
1235 3028 1303 3057 7008,
1321 3028 1389 3056 7611,
1407 3028 1476 3057 7612,
1494 3029 1562 3059 7615,
1579 3031 1649 3060 7619,
1666 3032 1735 3061 7631,
1750 3033 1818 3063 7638,
1835 3033 1903 3058 7652.
