2393 3496
240 314 298 344 988
992 307 1228 338 REGISTRES
1252 306 1306 336 DE
1330 307 1513 337 NICOLAS
1536 309 1591 337 IV.

241 381 375 412 Sanctae
392 379 572 410 subsidium
595 387 688 417 quam
714 386 809 416 penes
834 386 867 407 se
886 376 1003 406 liabent
1020 376 1082 415 ipsi
1106 376 1252 415 episcopo

239 435 424 473 assignent,
442 432 686 463 convertendam
705 431 735 460 in
755 429 887 459 naulum
912 430 1012 459 navis.

282 500 297 515 «
317 486 503 517 Exultamus
526 486 558 514 in
579 484 754 514 Domino...
774 500 812 505 —
837 483 907 512 Dat.
931 483 1015 522 apud
1039 483 1250 513 Urbemvete-

242 550 324 577 rem,
345 550 377 570 111
393 548 492 569 nonas
508 537 600 576 julii,
621 545 707 566 anuo
732 536 833 567 tertio.
856 549 869 563 η

312 724 430 753 ’225ss

275 786 317 812 De
334 786 467 821 passagio
484 786 552 812 salis
568 785 686 812 Cerviae
704 785 913 812 mercatoribus
932 785 1160 812 pistoriensibus
1179 794 1251 812 con-

239 843 334 862 cesso.
351 835 423 868 (Fol.
442 835 474 861 44
493 835 542 869 ιώ.)

954 722 1082 756 Οννίοῑο,
1100 722 1177 749 1ἳ90.

281 939 398 967 Dilectt‘s
413 938 489 974 filiis
509 962 526 966 ..
548 939 697 974 potestati,
715 939 842 967 consitio
855 944 880 967 et
905 940 1060 967 communi
1078 939 1251 967 Bononien-

238 993 328 1021 sibus.
351 1003 363 1017 α
387 991 541 1020 Mirantes
559 999 660 1029 nuper
678 990 865 1020 audivimus
881 994 910 1020 ct
930 991 1101 1020 referimus
1124 995 1248 1029 pertur-

239 1044 302 1073 bati
320 1044 401 1082 quod
427 1053 495 1080 vos,
519 1044 643 1082 proprie
665 1043 839 1073 voluntatis
857 1043 960 1072 laxata
976 1043 1122 1078 licentia,
1141 1048 1252 1074 contra

240 1097 370 1127 dilectos
388 1097 472 1127 filios
490 1097 665 1130 Andrmm,
685 1097 863 1127 Heni-icum
881 1101 911 1126 et
925 1097 1074 1133 Toccum,
1097 1097 1178 1127 filios
1193 1098 1250 1126 Ja-

238 1150 308 1180 cobi
327 1150 525 1189 Scaporzoli,
545 1151 629 1180 cives
648 1150 879 1185 Pistoriensem,
899 1150 1093 1188 quibusdam
1112 1150 1249 1180 occasio-

239 1203 334 1233 nibus
351 1203 551 1239 adinventis,
569 1203 737 1242 procedere
753 1203 901 1232 dicimini
923 1203 961 1232 ad
983 1203 1252 1233 comminationes

238 1266 351 1295 graves
367 1261 397 1286 et
414 1265 521 1295 penaS,
534 1266 570 1286 ex
587 1265 622 1286 eo
636 1256 784 1286 videlicet
799 1256 882 1295 qnod
899 1257 959 1295 ipsi
976 1257 1158 1295 passagium
1175 1257 1251 1287 salis

238 1311 353 1341 Cervie
369 1311 408 1340 ab
425 1310 616 1341 officialibus
633 1311 751 1341 nostris
772 1315 921 1341 emerunt
944 1311 978 1340 in
1005 1311 1170 1350 provincia
1188 1312 1249 1342 Ro-

239 1363 420 1394 maniole...
442 1363 652 1393 Universitati
667 1368 769 1393 vestre
787 1373 840 1403 per
856 1363 1028 1402 apostolica
1051 1364 1168 1403 scripta
1185 1364 1249 1394 dis-

238 1417 330 1447 tricte
352 1417 556 1456 precipiendo
583 1417 776 1447 mandamus
800 1418 973 1456 quatinus,
1000 1418 1039 1447 ab
1063 1418 1250 1457 hujusmodi

239 1471 437 1510 processibus
454 1470 582 1509 penitus
598 1471 806 1506 abstinentes,
827 1471 962 1510 prefatos
978 1472 1063 1501 cives
1078 1471 1251 1502 Pistorien-

240 1533 306 1561 ses,
326 1524 426 1554 socios
441 1533 478 1554 ac
495 1525 625 1554 nuntios
641 1525 827 1555 eorumdem
848 1525 1005 1563 prefatum
1026 1525 1124 1555 salem
1148 1525 1248 1555 abdu-

238 1585 309 1607 cere
324 1586 360 1607 ac
376 1582 501 1616 portare
516 1577 616 1608 libere
632 1577 824 1616 permittatis
840 1577 922 1617 (1)...

312 1764 425 1792 '²252

276 1825 331 1852 Pro
347 1834 416 1860 paco
432 1826 518 1852 castri
535 1825 633 1852 Sancti
649 1826 775 1854 Gemini.
793 1826 864 1860 (Fol.
881 1827 913 1853 44
931 1830 978 1860 ro.)

822 1764 949 1798 Ori-icto,
970 1766 1005 1791 10¹·
1021 1767 1088 1792 aout
1106 1766 1181 1794 1‘290.

280 1930 439 1965 Potestati,
459 1929 583 1958 consitio
603 1932 627 1957 et
646 1930 804 1959 communi
824 1931 917 1959 castri
933 1931 966 1959 de.
982 1930 1092 1960 Sancto
1108 1931 1249 1969 Gemino,

239 1983 418 2012 Narniensis
443 1983 578 2012 diocesis.
599 1994 611 2009 τι
637 1982 744 2018 Quieti
767 1987 869 2013 vestre
892 1984 1060 2022 providere
1086 1985 1250 2023 volentes,

238 2035 423 2064 auctoritate
441 2035 529 2065 vobis
544 2035 740 2074 presentium
758 2035 947 2066 inhibemus
964 2046 1004 2067 ne
1015 2037 1156 2077 aliquam
1171 2048 1252 2069 mas-

240 2088 356 2118 nadam
381 2087 429 2118 vel
455 2097 694 2127 quamcumque
718 2089 858 2119 militum
880 2095 936 2120 aut
961 2091 1103 2130 peditum
1127 2093 1251 2122 comiti-

240 2150 312 2171 vam
334 2141 374 2171 ad
401 2150 551 2179 guerram
579 2141 629 2171 vel
650 2142 843 2172 discordiam
872 2147 926 2173 aut
951 2143 1083 2174 hostiles
1103 2145 1252 2176 incursus

240 2199 382 2233 paratam
399 2195 519 2234 absque
535 2195 705 2233 apostolice
725 2196 809 2225 sedis
823 2196 952 2235 speciali
971 2197 1121 2228 mandato
1138 2199 1171 2228 in
1187 2207 1253 2229 cas-

241 2252 287 2278 tro
302 2252 405 2278 vestro
419 2252 579 2287 receptare
594 2249 643 2279 vel
661 2250 802 2288 recipere
817 2251 1028 2289 attemptetis,
1057 2252 1122 2281 nisi
1145 2261 1163 2282 a
1179 2252 1253 2283 sede

239 2301 409 2339 apostolica
427 2300 477 2330 vel
503 2302 572 2340 ejus
598 2302 748 2332 mandato
772 2302 850 2333 illuc
874 2304 970 2333 fuerit
995 2304 1154 2343 deputata.
1180 2306 1250 2336 Dat.

240 2354 323 2393 apud
343 2354 623 2391 Urbemveterem,
642 2354 789 2385 kalendis
806 2357 951 2394 augusti,
969 2366 1056 2387 anno
1074 2359 1174 2388 tertio.
1196 2371 1210 2385 »

313 2541 429 2569 '2258

277 2602 319 2629 De
335 2603 435 2629 eodeni
456 2604 581 2637 negotio.
602 2602 671 2636 (Fol.
691 2604 722 2631 44
741 2606 789 2637 νῦ.)

901 2542 1028 2574 Orvieto,
1048 2544 1086 2570 μ’
1103 2544 1179 2571 1290.

281 2706 433 2742 Potestati,
451 2707 577 2735 consitio
593 2711 619 2735 et
635 2708 793 2736 communi
810 2708 945 2737 civitatis
966 2709 1137 2746 ruderum,
1159 2711 1252 2747 spiri-

242 2763 308 2788 tum
327 2759 450 2788 consilii
466 2760 613 2788 sanioris.
632 2759 684 2788 Eis
697 2759 823 2790 inhibet
837 2769 876 2790 ne
892 2760 969 2800 quid
986 2765 1096 2791 contra
1110 2766 1250 2792 castrum

240 2811 350 2842 Sancti
366 2812 497 2842 Gemini
518 2816 682 2851 temptent.

283 2877 296 2891 α
319 2865 429 2903 Nuper
445 2865 484 2895 ad
503 2874 632 2895 aures..
652 2883 689 2887 -
710 2866 779 2895 Dat.
802 2871 834 2897 ut
849 2876 944 2907 supra
962 2869 1116 2907 proximo.
1137 2882 1149 2896 i,

272 2991 306 3019 (1)
322 2991 374 3014 Pas
389 2991 422 3014 dc
439 2992 510 3014 date.

1407 373 1522 403 2259
1966 374 2093 408 Orvieto,
2110 375 2178 401 nont
2193 374 2270 404 1290.

1369 436 1506 469 Quen-itur
1531 436 1566 463 de
1590 437 1762 463 excessibus
1787 437 1981 463 Romanorum
2007 440 2105 463 contra
2131 435 2336 468 viterbienses.

1335 484 1407 518 (Fol.
1424 485 1455 512 44
1472 486 1524 517 νῦ.)

1375 588 1485 616 Dilecto
1500 588 1565 624 filio
1582 588 1679 617 nobili
1702 589 1767 617 viro
1790 588 1926 616 Johannt
1949 587 1982 616 de
2005 588 2190 625 Columpna,
2209 591 2338 620 senatori

1338 641 1433 670 Urbis.
1454 653 1466 667 α
1483 641 1610 677 Quanto
1627 650 1794 671 romanam
1815 641 1939 677 urbem,
1960 650 2055 679 quam
2075 640 2244 679 apostolice
2258 641 2339 674 sedis

1335 694 1535 724 domicilium
1560 694 1698 734 speciale
1720 694 1939 734 conspicimus
1964 698 1994 724 et
2019 694 2051 723 in
2077 703 2139 733 qua
2153 694 2263 725 divina
2279 695 2339 727 cle-

1335 748 1455 778 mentia
1470 748 1711 778 firmamentum
1725 747 1858 778 ecclesie
1874 748 2042 784 stabilivit,
2056 747 2282 786 precordialius
2296 748 2340 780 di·
2374 745 2375 760 l

1335 800 1479 830 lectionis
1504 800 1597 831 oculo
1620 801 1804 836 intuemur,
1834 805 1920 830 tanto
1945 801 2118 831 acerbioris
2143 800 2260 831 doloris
2275 801 2340 834 dira
2374 791 2375 794 Ἴ

1334 862 1387 883 cor
1397 857 1542 884 nostrum
1559 859 1717 893 punctura
1733 854 1915 893 pertransit,
1934 863 2006 883 cum
2025 853 2157 893 populus
2173 854 2242 893 ejus
2254 863 2341 894 apos-
2375 856 2376 859 ’

1335 907 1426 937 tolice
1445 908 1529 937 sedis
1555 908 1677 937 monita
1695 908 1835 937 salubria
1851 908 2000 946 despicit,
2021 907 2173 937 salutaria
2195 908 2341 941 mandata
2376 934 2377 938 ,

1334 962 1532 1000 contempnit
1545 966 1574 991 et
1590 962 1681 1000 qnasi
1695 962 1727 990 iu
1746 962 1812 991 suis
1827 961 2040 1000 displicentiis
2053 960 2240 993 delectatur.
2255 961 2341 994 Nosti
2376 950 2377 958 ἵ

1335 1016 1495 1054 siqnidem
1511 1015 1595 1054 quod
1615 1024 1631 1044 a
1654 1015 1765 1053 primis
1785 1020 1891 1045 nostre
1915 1015 2123 1053 promotionis
2144 1015 2288 1055 auspitiis
2303 1016 2341 1048 ad
2376 1003 2378 1041 [

1335 1073 1452 1098 statum
1472 1069 1569 1099 Urbis
1583 1069 1752 1107 pacificum
1773 1069 1895 1098 intente
1919 1069 2035 1098 mentis
2060 1072 2166 1098 nostre
2187 1069 2340 1100 converti·
2376 1079 2379 1098 κ

1335 1131 1408 1151 mus
1424 1122 1541 1157 aciem,
1561 1122 1599 1152 ad
1616 1123 1755 1161 quietem
1773 1123 1842 1161 ejus
1866 1130 1995 1161 operam
2023 1121 2188 1158 dedimus,
2215 1121 2340 1159 predili-

1335 1176 1438 1215 gendo
1456 1185 1523 1205 eam
1542 1176 1612 1214 plus
1628 1184 1723 1215 qnam
1745 1180 1864 1205 ceteras
1881 1179 1985 1214 partes
2000 1175 2099 1212 orbis,
2117 1175 2184 1214 sed,
2200 1175 2276 1214 proh
2291 1174 2343 1208 do·
2378 1182 2379 1194 ¹

1336 1228 1401 1258 lor!
1423 1237 1495 1258 cnm
1515 1228 1719 1258 crederemus
1737 1233 1764 1257 te
1782 1228 1968 1267 dictumque
1987 1227 2138 1267 populum
2153 1228 2244 1259 nobis
2258 1227 2342 1267 grata
2379 1252 2381 1260 .

1335 1280 1518 1311 dilectionis
1547 1281 1769 1311 vicissitudine
1798 1281 2006 1320 respondere,
2042 1279 2262 1311 inobedientes
2289 1288 2342 1312 vos
2378 1273 2380 1298 ἶ

1335 1344 1403 1364 esse
1419 1335 1634 1373 conspicimus
1653 1339 1683 1364 et
1698 1334 1929 1364 beneficiorum
1948 1337 2130 1364 nostrorum
2151 1333 2341 1364 inmemores

1334 1397 1370 1418 ac
1393 1388 1581 1418 meritorum
1603 1391 1632 1417 et
1658 1387 1883 1417 mandatorum
1910 1392 1940 1416 et
1969 1387 2165 1417 monitorum
2190 1385 2340 1426 quodam-

1335 1441 1429 1472 modo
1445 1445 1690 1480 contemptores.
1712 1441 1797 1471 Hinc
1815 1440 1973 1480 estquod,
1992 1440 2066 1471 licet
2080 1449 2182 1479 nuper
2196 1444 2228 1471 tu
2244 1443 2275 1471 et
2288 1448 2341 1480 po·
2380 1435 2382 1444 ’

1334 1494 1428 1535 pulus
1445 1495 1528 1534 ipse,
1545 1503 1599 1524 vos
1614 1494 1742 1524 devotos
1758 1494 1840 1524 filios
1855 1494 2078 1529 ostendentes,
2097 1494 2130 1524 in
2150 1493 2340 1533 adjutorium
2380 1527 2381 1530 Ἰ

1335 1548 1478 1588 ejusdem
1496 1548 1627 1578 ecclesie
1649 1552 1759 1578 contra
1780 1548 1973 1578 Tudertinos
1995 1553 2070 1577 tunc
2095 1547 2228 1577 rebelles
2246 1546 2342 1587 ipsius

1335 1608 1438 1632 vestre
1456 1603 1594 1641 potentie
1610 1602 1780 1632 brachium
1797 1601 2014 1637 extendentes,
2031 1600 2273 1631 transmiseritis
2285 1599 2341 1632 ho-

1335 1656 1514 1686 norabilem
1534 1655 1674 1685 militum
1691 1660 1722 1685 et
1738 1655 1879 1695 peditum
1895 1655 2078 1685 comitivam
2093 1679 2099 1692 ,
2114 1654 2200 1695 quod
2219 1658 2342 1693 gratum

1335 1710 1507 1741 habuimus
1522 1709 1700 1749 plurimum
1718 1714 1748 1739 et
1763 1714 1939 1749 acceptum,
1958 1713 2026 1748 post
2038 1708 2224 1739 eorumdem
2239 1713 2340 1739 tamen

1334 1764 1585 1794 Tudertinorum
1611 1763 1748 1793 reditum
1772 1763 1811 1792 ad
1837 1763 1988 1792 mandata
2011 1762 2143 1793 ecclesie
2166 1761 2342 1802 supradicte
2382 1775 2383 1806 ᾗ

1337 1821 1364 1847 te
1381 1826 1416 1847 ac
1435 1816 1587 1856 populum
1610 1817 1715 1855 ipsum
1742 1825 1815 1846 cum
1842 1816 2020 1854 gratiarum
2045 1815 2170 1846 actione
2195 1815 2342 1846 duximus

1335 1871 1511 1901 exorandos
1528 1879 1581 1910 per
1597 1869 1769 1909 apostolica
1786 1870 1874 1900 vobis
1889 1869 2007 1909 scripta
2024 1869 2214 1899 mandantes
2232 1872 2283 1906 ut,
2305 1876 2342 1899 ne
2382 1867 2385 1894 l

1337 1929 1436 1954 status
1453 1924 1553 1963 patrie
1571 1924 1752 1954 turbaretur
1768 1928 1798 1953 et
1813 1933 1850 1954 ex
1869 1923 1929 1953 hoc
1948 1918 2172 1963 super'veniret
2190 1923 2272 1953 inibi
2290 1931 2341 1954 ca-

1336 1978 1442 2015 ristia,
1461 1977 1644 2008 comitivam
1661 1977 1700 2006 ad
1717 1977 1830 2007 urbem
1851 1976 2040 2007 revocaretis
2060 1976 2212 2014 eandem,
2231 1975 2283 2006 sed
2298 1974 2341 2030 (η

1338 2040 1402 2067 vos,
1420 2035 1512 2070 prout
1530 2030 1675 2060 dolentes
1694 2030 1881 2065 referimus,
1901 2029 2046 2069 precibus
2063 2034 2094 2060 et
2112 2029 2271 2060 mandatis
2287 2028 2342 2061 hu-

1333 2084 1476 2124 jusmodi
1504 2083 1685 2123 vilipensis,
1713 2087 1876 2123 assumpta
1901 2092 1997 2113 causa
2020 2083 2105 2123 quod
2127 2083 2213 2113 cives
2239 2082 2342 2113 Vitor-

1337 2139 1465 2169 bieuses
1482 2138 1626 2176 requisiti
1641 2137 1679 2167 ad
1697 2137 1872 2167 exercitum
1888 2140 1999 2167 contra
2017 2135 2210 2167 Tudertinos
2225 2134 2342 2175 predio-

1338 2196 1383 2222 tos
1399 2191 1548 2221 accedere
1565 2190 1749 2225 noluerunt,
1761 2198 1826 2220 non
1838 2189 2040 2219 advertentes
2050 2189 2136 2229 quod
2147 2188 2186 2219 de
2197 2188 2342 2220 mandato
2386 2220 2387 2225 ,

1339 2249 1445 2275 nostro
1463 2248 1597 2284 potestas
1616 2252 1688 2273 cum
1711 2242 1853 2272 maxima
1875 2241 2085 2273 multitudine
2108 2241 2217 2282 populi
2233 2241 2342 2272 civita-
2386 2244 2387 2248 ’

1337 2298 1377 2328 tis
1403 2297 1613 2328 viterbiensis
1638 2296 1778 2336 predicte
1807 2296 1845 2326 ad
1871 2295 2073 2326 obsidionem
2098 2295 2194 2326 castri
2217 2295 2340 2334 Perete,
2386 2306 2388 2314 >

1336 2351 1468 2382 ecclesie
1486 2359 1616 2381 romane
1633 2349 1779 2387 rebellis,
1800 2352 2001 2380 accesserant
2021 2353 2051 2379 et
2071 2348 2154 2380 inibi
2175 2356 2346 2387 permane-.
2386 2343 2387 2348 ¹

1336 2407 1423 2442 bant,
1438 2409 1468 2435 et
1483 2405 1566 2444 quod
1584 2404 1682 2434 iidem
1696 2404 1816 2442 absque
1832 2402 2053 2433 inobedientie
2067 2407 2140 2433 nota
2154 2407 2184 2433 et
2194 2401 2342 2442 gravibus

1335 2467 1492 2499 penarum
1512 2457 1663 2497 periculis
1679 2456 1796 2487 exinde
1814 2455 1962 2486 recedere
1978 2459 2008 2486 et
2026 2455 2065 2485 ad
2089 2455 2262 2486 exercitum
2280 2461 2342 2486 non
2386 2460 2389 2485 t

1336 2516 1481 2552 poteraut
1495 2511 1646 2541 accedere
1663 2510 1895 2546 Romanorum,
1910 2517 1974 2539 non
1991 2508 2095 2540 solum
2108 2509 2200 2548 juxta
2214 2507 2343 2539 manda-

1337 2570 1403 2596 tum
1423 2568 1568 2596 nostrum
1584 2563 1769 2594 comitivam
1784 2562 1873 2602 [non]
1883 2561 1928 2602 (⁶2)
1941 2562 2109 2593 revocastis
2123 2561 2280 2600 eamdem,
2290 2560 2342 2593 sod

1334 2619 1439 2659 potius
1460 2617 1684 2648 universaliter
1701 2616 1742 2646 ad
1761 2615 2042 2655 depopulationem
2061 2616 2131 2655 ejus
2148 2620 2179 2646 et
2196 2613 2341 2646 extermi-

1336 2673 1428 2702 nium
1436 2671 1590 2702 exivistis.
1603 2669 1941 2709 Etlicetpostmodum,
1949 2677 2116 2709 corporum
2126 2668 2342 2700 etanimarum

1336 2730 1515 2755 vestrarum
1540 2723 1710 2764 periculis,
1737 2722 1911 2753 turbationi
1936 2725 1967 2753 et
1986 2722 2175 2753 desolationi
2201 2721 2342 2761 patrieet

1336 2779 1461 2809 caristie
1480 2778 1620 2817 predicte
1637 2785 1806 2816 precavere
1822 2775 1965 2807 volentes
1977 2799 1984 2812 ,
2001 2775 2040 2806 ad
2059 2784 2113 2807 vos
2129 2774 2341 2807 venerabilem

1337 2833 1466 2863 fratrem
1484 2836 1628 2862 nostrum
1644 2830 1825 2861 Callensem
1842 2829 2026 2869 episcopum
2045 2829 2234 2860 duxerimus
2248 2826 2341 2859 desti-

1369 2953 1402 2982 (¹)
1418 2952 1492 2976 Dans
1508 2953 1532 2976 le
1546 2959 1596 2975 ms.
1613 2953 1637 2975 si
1653 2958 1687 2975 au
1703 2951 1759 2975 lieu
1774 2951 1808 2974 de
1824 2952 1881 2974 sed.

1370 2997 1402 3026 (¹2)
1419 2996 1456 3021 Ue
1474 3003 1530 3019 nun
1547 2996 1615 3019 n'cst
1633 3003 1680 3026 pas
1696 2995 1763 3018 dans
1779 2996 1804 3018 lc
1820 2995 1980 3019 manuscrit.
