2393 3496
893 323 1146 368 QUATRIEME
1163 331 1319 361 ANNEE.
2101 333 2159 362 349

69 409 231 448 piscopum
247 404 497 442 Lugdunensem
518 407 548 432 et
569 424 589 432 ..
615 401 851 431 Vir-dunensem
872 399 1070 437 episcopum,

68 465 142 490 tunc
173 458 328 493 electum,
359 455 407 486 vel
438 456 581 494 ipsorum
618 455 772 490 vicarios,
801 452 884 491 quod
914 452 1071 481 decimam

71 520 198 543 suorum
235 509 519 540 ecclesiasticorum
557 512 766 547 proventuum
802 506 884 535 dicto
918 505 985 542 regi
1022 504 1071 533 vel

69 563 260 606 procuratori
282 570 338 591 seu
365 561 619 600 procuratoribus
648 561 714 590 suis
743 568 796 598 pro
826 567 861 588 eo
886 566 960 587 cum
988 557 1070 586 iute-

69 617 179 657 gritate
208 614 438 654 persolverent,
467 614 644 643 monitione
674 613 843 651 premissa,
873 620 927 650 per
955 619 1071 640 censu-

69 678 136 701 ram
165 667 432 698 ecclesiasticam.
463 666 632 705 quibusvis
661 675 772 696 eorum
802 663 1070 703 appellationibus

69 731 163 760 super
187 721 247 751 hoc
268 720 307 749 ad
330 719 503 758 predictam
528 719 634 749 sedem
659 719 789 748 forsitan
812 717 988 756 interjectis
1013 725 1070 746 ne-

69 782 226 814 quaquam
249 773 468 808 obstantibus,
495 773 659 809 cogeretis.
688 772 760 802 Non
788 771 934 801 obstante
962 770 989 800 si
1011 770 1069 799 ali-

69 827 183 867 quibus
199 826 414 856 communiter
431 825 479 855 vel
495 825 625 855 divisim
640 826 679 854 ab
695 825 804 854 eadem
823 824 895 854 sede
908 824 1070 854 indultum

69 881 213 912 existeret
234 879 318 918 quod
347 879 515 914 interdici,
547 878 700 916 suspendi
725 878 775 907 vel
800 875 1071 907 excommunicari

67 942 130 964 non
152 937 277 972 possent
300 941 354 971 per
376 932 497 961 litteras
517 931 603 961 sedis
627 932 727 970 ipsius
751 940 814 961 non
835 931 986 960 facientes
1002 930 1069 967 ple-

67 996 141 1018 nam
169 991 197 1016 et
223 994 402 1024 expressam
430 985 469 1014 de
495 984 619 1014 indulto
647 984 833 1023 hujusmodi
859 984 1068 1013 mentionem.

67 1040 128 1071 vos
142 1044 265 1075 autem,
286 1038 472 1076 hujusmodi
493 1039 608 1067 uostris
624 1038 757 1076 receptis
773 1037 887 1067 litteris
902 1060 909 1073 ‚
927 1036 1070 1066 volentes

66 1092 230 1123 humiliter
247 1091 426 1130 apostolicis
441 1091 570 1121 obedire
593 1091 769 1122 mandatis.
788 1100 882 1129 super
900 1090 960 1120 hoc
980 1091 1070 1128 juxta

68 1149 206 1176 tenorem
230 1144 408 1174 litterarum
443 1145 586 1183 ipsarum
618 1144 784 1183 procedere
816 1143 991 1173 curavistis.
1032 1143 1070 1172 Et

69 1198 211 1235 tandem,
237 1198 313 1236 quia
337 1198 448 1235 prefati
473 1197 720 1236 archiepiscopi,
748 1197 904 1235 episcopi,
932 1197 1069 1235 capitula

67 1257 97 1282 et
115 1251 250 1282 clericus
271 1252 427 1281 decimam
447 1252 547 1290 ipsam
572 1251 692 1289 prefato
710 1251 777 1288 regi
802 1251 850 1280 vel
875 1251 1069 1289 procuratori

67 1314 120 1335 seu
147 1304 405 1344 procuratoribus
426 1305 494 1342 ejus
519 1313 572 1342 pro
600 1305 668 1342 ipso
694 1304 816 1334 solvere
842 1304 1070 1334 contumaciter

67 1358 279 1396 denegarunt,
304 1359 337 1387 in
361 1357 613 1396 archiepiscopos
638 1363 668 1387 et
696 1358 858 1396 episcopos
886 1366 1069 1388 excommn-

67 1411 237 1441 nicationis
267 1415 296 1440 et
323 1412 356 1440 in
384 1410 521 1449 capitula
548 1416 579 1440 et
604 1410 725 1440 clerum
753 1411 877 1440 eosdem
906 1411 1069 1440 interdicti

67 1465 252 1499 sententias,
272 1465 418 1502 exigente
431 1464 565 1502 justitia,
584 1464 822 1502 promulgastis.
844 1465 885 1493 At
905 1464 1002 1493 iidem
1019 1473 1070 1493 ar-

67 1517 257 1556 chiepiscopi
278 1522 308 1547 et
327 1517 480 1555 episcopi,
501 1517 638 1556 capitula
655 1522 686 1546 et
708 1516 828 1553 clerus,
849 1518 1070 1555 pretendentes

67 1570 148 1610 quod
162 1571 246 1609 pacis
263 1570 369 1600 federa
384 1571 417 1599 in
437 1571 563 1608 negotio
579 1570 957 1609 pervenerant‘prelibato
972 1571 1070 1609 quod-

67 1631 128 1663 que
147 1628 272 1662 propter
296 1623 357 1653 hoc
380 1623 419 1652 ad
443 1624 649 1662 prestandum
671 1624 773 1653 eidem
797 1625 863 1661 regi
882 1625 1070 1662 premissam

66 1677 221 1708 decimam
241 1677 375 1707 minime
392 1677 573 1709 tenebatur,
591 1678 630 1706 ad
646 1677 751 1706 sedem
766 1701 771 1710 ,
789 1682 822 1707 ut
836 1678 967 1713 dicitur,
984 1687 1072 1716 apos-

68 1730 191 1761 tolicam
209 1730 421 1769 appellarunt.
449 1731 554 1766 Quare
577 1739 632 1769 pro
656 1735 743 1768 parte
761 1732 847 1769 regia
871 1732 1036 1769 petebatur
1055 1740 1073 1760 a

66 1783 158 1813 nobis
183 1787 232 1818 ut,
257 1792 328 1813 cum
354 1784 387 1813 in
413 1784 522 1814 eodem
543 1785 670 1822 negotio
689 1784 903 1816 federanulla
919 1793 1072 1823 provene-

66 1837 148 1874 rint,
165 1838 242 1875 quin
263 1837 365 1876 potius
381 1838 448 1876 ipse
469 1837 599 1867 solerter
617 1838 743 1867 insistat
759 1839 970 1877 prosecutioni
988 1840 1071 1877 ejus-

67 1889 313 1928 dem‚presatam
325 1890 383 1920 sibi
397 1890 538 1919 exhiberi
552 1890 708 1920 decimam
720 1890 906 1920 faceremus.
924 1891 1072 1921 Volentes

67 1941 164 1980 igitur
180 1947 213 1972 ut
228 1942 351 1972 decima
366 1943 435 1981 ipsa
451 1943 517 1980 regi
533 1943 730 1981 persolvatur
746 1943 864 1979 eidem,
884 1945 1071 1974 fraternitati

67 1999 187 2032 vestre,
210 1996 291 2025 sicut
311 1996 428 2025 iterum
449 1997 494 2025 sic
518 1997 671 2026 attentius
693 2006 749 2035 per
768 1997 937 2036 apostolica
957 1999 1072 2036 scripta

64 2048 255 2093 mandamus
276 2049 428 2087 quatinus
446 2049 717 2088 archiepiscopos,
735 2050 916 2089 episcopos,
934 2052 1072 2090 capitula

65 2104 96 2131 et
117 2100 237 2131 clerum
262 2101 417 2140 predictos
446 2102 531 2140 quod
556 2103 676 2140 pretato
703 2104 770 2141 regi
801 2104 849 2133 vel
877 2105 1070 2143 procuratori

65 2163 118 2184 seu
136 2155 390 2192 procuratoribus
406 2155 474 2185 suis
490 2164 546 2194 pro
559 2165 607 2192 eo,
620 2165 675 2194 per
692 2158 843 2195 temporis
859 2159 996 2196 spatium
1009 2168 1071 2197 quo

64 2206 125 2246 ipsi
148 2207 214 2245 regi
244 2207 367 2238 decima
391 2209 494 2238 extitit
515 2214 690 2238 memorata
712 2217 878 2247 concessa,
905 2219 974 2240 eam
997 2219 1070 2240 cum

64 2260 244 2298 integritate
276 2261 457 2300 persolvant
485 2271 540 2300 per
569 2271 737 2292 censuram
768 2263 902 2293 eandem
933 2268 962 2293 et
991 2264 1071 2293 alias

65 2313 161 2343 etiam
178 2313 390 2353 spiritualiter
405 2318 435 2344 et
453 2315 684 2353 temporaliter,
705 2321 797 2354 prout
811 2316 958 2354 expedire
980 2316 1070 2347 vide-

64 2365 150 2401 ritis,
168 2366 374 2405 compellatis.
399 2368 472 2397 Non
490 2368 688 2397 obstantibus
709 2369 900 2407 supradictis
917 2378 952 2399 ac
973 2371 1068 2400 etiam

65 2419 319 2458 quibuscumque
340 2420 607 2459 appellationibus
631 2422 670 2450 ad
696 2423 848 2460 prefatam
875 2423 982 2453 sedem
1008 2424 1069 2454 hu-

62 2471 199 2510 jusmodi
226 2473 390 2503 occasione
415 2473 612 2512 interpositis
639 2475 679 2504 ab
705 2475 838 2504 eisdem.
864 2476 1013 2506 Invocato
1030 2477 1069 2506 ad

63 2522 133 2560 hoc,
151 2525 176 2554 si
192 2532 269 2564 opus
285 2525 393 2561 fuerit,
410 2526 527 2556 auxilio
543 2527 666 2556 brachii
683 2528 847 2557 secularis.
867 2529 938 2558 Dat.
956 2529 1068 2566 Rome,

63 2577 146 2616 apud
164 2578 312 2610 Sanctam
338 2579 472 2610 Mariam
491 2580 645 2618 Majorem
657 2605 664 2617 ,
682 2590 723 2610 xv
739 2581 892 2612 kalendas
909 2583 1067 2621 januarii,

64 2637 149 2661 anno
164 2636 286 2670 quarto.
307 2644 320 2658 »

133 2788 247 2817 631?

63 2890 74 2917 f
99 2849 230 2878 Facilitas
244 2852 410 2879 absolvendi
427 2862 442 2879 a
459 2854 607 2881 canonicis
621 2857 782 2883 sententiis.
803 2856 884 2888 (Ριεῦ.
902 2857 945 2890 46,
963 2865 989 2884 c.
1006 2857 1068 2890 622,

78 2919 84 2924 .
104 2898 150 2925 1‘24
167 2903 216 2930 νο.)

322 2790 683 2827 Salute-Marte-MaJeure,
702 2794 733 2821 13
749 2794 901 2821 decembre
922 2795 997 2822 1291.

110 2999 273 3031 Venerabili
288 3004 383 3038 fratri
403 3024 423 3032 ..
440 3005 571 3042 episcopo
592 3006 819 3037 Carcassonensi
835 3013 860 3036 et
882 3009 989 3038 dilecto
1005 3009 1069 3045 filio

205 3066 277 3094 Rsc.
300 3067 421 3096 Niconis
442 3069 494 3096 IV.

1157 420 1177 427 ..
1195 398 1295 426 abbati
1315 400 1493 428 monasterii
1508 399 1612 428 Sancti
1632 399 1779 427 Germani
1797 398 1830 426 de
1849 398 1950 426 Pratis
1962 399 2054 435 juxta
2074 399 2159 427 Pari-

1154 452 1217 479 sius
1245 451 1423 480 facultatem
1449 452 1593 481 concedit
1618 450 1807 480 absolvendi
1834 450 1873 480 ab
1899 451 2157 480 excommunica-

1157 503 1239 533 tione
1266 512 1414 542 personas
1442 514 1523 542 quae
1551 503 1822 533 communicando
1848 511 1920 532 cum
1947 503 2053 539 Petro,
2080 502 2157 531 olim

1154 565 1227 594 rege
1250 558 1454 594 Aragonum,
1480 556 1665 595 hujusmodi
1689 556 1882 586 sententiam
1907 556 2114 585 incurrerunt
2130 560 2160 584 et

1156 614 1253 639 terras
1270 618 1378 639 earum
1398 610 1437 639 ab
1453 610 1634 639 interdicto.

1195 675 1207 689 a
1223 663 1305 698 Quia
1322 663 1476 692 nonnulle
1497 671 1666 701 persone...
1684 680 1720 684 —
1737 663 1807 692 Dat.
1827 663 1941 696 Rome.
1961 662 2043 700 apud
2063 662 2156 691 Sanc-

1155 720 1216 745 tam
1235 717 1368 745 Mariam
1387 717 1553 754 Majorem,
1572 716 1677 745 idibus
1693 716 1881 752 decembris,
1902 724 1986 746 anno
2002 720 2124 754 quarto.
2145 727 2157 741 n

1223 900 1340 928 6318

1189 961 1329 995 Reginam
1348 961 1482 987 Franciae
1499 961 1621 987 absolvit
1637 970 1651 987 a
1668 961 1848 987 restitutione
1865 962 2051 996 quarumdam
2073 971 2160 996 pecu-

1153 1012 1215 1037 niae
1232 1019 1420 1036 summarum.
1440 1010 1521 1042 (Res.
1539 1010 1582 1042 46,
1599 1018 1624 1037 c.
1642 1009 1704 1041 623,
1722 1010 1739 1036 f.
1762 1010 1808 1036 1⁶25
1825 1010 1870 1044 r0.)

1413 899 1772 933 Sainte-Marie-Majeure,
1794 900 1823 926 13
1840 900 1991 927 decembre
2011 901 2087 928 1291.

1194 1114 1355 1142 Cat-[ssime
1377 1114 1407 1141 ιή
1426 1113 1542 1142 Christo
1562 1112 1623 1149 filie
1642 1113 1822 1149 Jlarqarete,
1847 1113 1949 1149 regit'ne
1976 1113 2099 1141 Francie
2123 1114 2159 1140 il—

1153 1167 1254 1195 lustri.
1273 1178 1286 1192 (ι
1302 1165 1449 1203 Benigno
1465 1170 1539 1194 sunt
1558 1165 1612 1194 tibi
1628 1165 1681 1194 illa
1696 1165 1897 1195 concedenda
1914 1165 2019 1194 favore
2033 1174 2088 1203 per
2100 1174 2160 1203 que

1152 1219 1248 1248 saluti
1272 1223 1322 1248 tue
1345 1218 1513 1248 salubriter
1539 1218 1734 1248 consulatur.
1759 1217 1839 1248 Cum
1863 1218 1991 1256 itaque,
2018 1218 2099 1247 sicut
2124 1228 2160 1247 ex

1153 1278 1239 1312 parte
1259 1278 1311 1302 tna
1325 1273 1383 1301 suit
1401 1273 1577 1310 expositum
1597 1280 1703 1301 coram
1720 1272 1827 1306 nobis,
1844 1281 1862 1300 a
1877 1272 2043 1301 nonnullis
2055 1272 2160 1310 judeis

1153 1331 1234 1356 terre
1263 1331 1313 1355 tue
1336 1326 1505 1363 utriusque
1531 1334 1624 1354 sexus
1647 1325 1783 1355 diversis
1807 1325 2000 1363 temporibus
2021 1325 2161 1355 diversas

1154 1381 1309 1418 receperis
1326 1379 1535 1418 pecuniarum
1556 1387 1701 1408 summas
1716 1382 1746 1408 et
1761 1378 1876 1417 quibus
1892 1378 2047 1408 dictarum
2067 1387 2160 1416 pecu-

1154 1433 1276 1462 niarum
1297 1433 1336 1461 sit
1355 1432 1512 1461 restitutio
1530 1431 1674 1461 facienda
1693 1440 1821 1470 prorsus
1836 1431 1981 1468 ignores.
2001 1431 2161 1469 provideri

1153 1486 1349 1517 conscientie
1369 1490 1421 1514 tue
1439 1494 1533 1523 super
1549 1485 1607 1514 boc
1624 1493 1678 1524 per
1694 1485 1802 1514 sedem
1820 1484 2022 1523 apostolicam
2039 1485 2159 1523 suppli-

1154 1541 1230 1570 citer
1253 1539 1428 1578 postulasti.
1454 1539 1519 1568 Nos
1538 1539 1662 1576 itaque,
1685 1538 1890 1576 petitionibus
1909 1538 1970 1567 tuis
1988 1537 2162 1576 benignius

1153 1597 1350 1626 annuentes,
1369 1592 1529 1621 devotioni
1554 1590 1630 1630 [tue]
1659 1591 1855 1629 presentium
1882 1594 1989 1620 tenore
2012 1591 2161 1620 concedi-

1154 1656 1227 1677 mus
1245 1653 1289 1683 ut‚
1309 1647 1335 1675 si
1352 1647 1516 1683 ignoretur
1531 1645 1646 1683 quibus
1663 1645 1701 1673 de
1719 1644 1868 1682 predictis
1883 1644 2026 1682 pecuniis
2045 1644 2085 1673 sit
2100 1653 2163 1673 res-

1156 1701 1259 1730 titutio
1281 1699 1441 1734 facienda,
1465 1698 1503 1727 ad
1524 1698 1756 1728 restitutionem
1773 1698 1982 1735 pecuniarum
2000 1697 2159 1735 ipsarum,

1155 1753 1331 1784 dummodo
1357 1753 1482 1782 tertiam
1509 1757 1629 1790 partem
1656 1750 1841 1781 earumdem
1860 1751 2067 1788 pecuniarum
2087 1759 2162 1780 con-

1155 1811 1258 1837 vertas
1271 1815 1327 1836 suo
1339 1806 1406 1836 loco
1424 1811 1453 1835 et
1469 1811 1607 1843 tempore
1619 1805 1652 1834 in
1669 1805 1846 1834 subsidium
1860 1805 1955 1834 Terre
1967 1804 2092 1838 Sancte,
2106 1805 2163 1833 mi-

1156 1861 1242 1890 nime
1262 1859 1410 1889 tenearis.
1431 1858 1521 1888 Nulli
1542 1867 1627 1896 ergo,
1645 1862 1717 1893 etc.‚
1737 1863 1842 1888 nostre
1857 1857 2083 1890 concessionis,
2101 1862 2159 1888 etc.

1156 1914 1226 1943 Dat.
1246 1918 1279 1942 ut
1298 1922 1402 1950 supra.
1427 1924 1439 1938 n

1224 2098 1343 2127 8319
1418 2094 1777 2129 Satnte-Marie-Majeure,
1796 2094 1825 2121 13
1841 2094 1992 2120 decembre
2011 2093 2088 2120 1291.

1189 2160 1317 2187 Licentia
1333 2157 1454 2185 habendi
1470 2158 1556 2183 altare
1573 2156 1712 2191 portatile.
1731 2155 1814 2188 (Res.
1830 2156 1870 2187 46,
1885 2164 1910 2182 c.
1925 2155 1997 2187 6232,
2015 2155 2033 2182 f.
2052 2155 2099 2181 1²25
2112 2156 2162 2186 ro.)

1194 2270 1291 2298 Nobttt
1308 2269 1372 2297 viro
1388 2268 1519 2302 Roberto,
1537 2265 1637 2295 comici
1648 2266 1897 2295 claromontensi.

1194 2336 1205 2349 t(
1224 2321 1400 2352 Desideriis
1420 2320 1480 2349 tuis
1497 2320 1567 2350 in...
1586 2335 1624 2341 —
1642 2319 1713 2348 Dat.
1734 2323 1886 2356 utsupra.
1907 2329 1920 2344 n

1188 2507 1438 2537 6320-6322
1477 2503 1876 2538 sainte-Marie-Majeure,113
1885 2503 2036 2530 decembre
2048 2503 2123 2530 1291.

1188 2568 1344 2596 Concessio
1361 2567 1569 2594 tabellionatus.
1587 2565 1671 2597 (Rea.
1688 2565 1732 2598 46,
1750 2573 1775 2591 c.
1793 2564 1853 2598 624.
1871 2565 1890 2590 f.
1908 2565 1956 2591 125
1974 2566 2021 2597 ro.)

1197 2684 1352 2715 Thomasto
1369 2682 1510 2711 Nicotecce
1526 2682 1560 2710 de
1576 2681 1727 2716 Guarclicz,
1746 2681 1832 2713 laico,
1856 2680 1999 2709 The-atine
2022 2680 2156 2715 diocesis,

1152 2739 1292 2770 officium
1306 2735 1539 2771 tabellionatus,
1554 2733 1592 2763 ad
1608 2733 1692 2772 quod
1705 2742 1761 2772 per
1772 2732 1942 2770 magistros
1955 2732 2156 2770 Raynerium

1153 2793 1190 2822 de
1206 2790 1341 2826 Casulis‚
1359 2788 1570 2823 Vulteranae,
1589 2792 1617 2817 et
1633 2787 1790 2816 Clericum
1808 2785 1847 2815 de
1865 2785 1969 2820 Pisis,
1989 2784 2161 2814 Remeusis

1152 2845 1358 2876 ecclesiarum
1385 2840 1570 2877 canonicos,
1598 2839 1779 2878 capellanos
1804 2847 1921 2877 papae,
1944 2842 2087 2876 repertus
2112 2840 2158 2865 est

1152 2899 1288 2928 idoneus
1299 2919 1306 2932 ‚
1325 2893 1481 2925 concedit.

1194 2962 1208 2978 «
1226 2950 1274 2980 Ne
1292 2951 1510 2978 contractuum
1527 2945 1718 2976 memoria...
1738 2960 1774 2966 —
1794 2944 1862 2974 Dat.
1881 2944 1980 2973 Rome
1997 2946 2157 2980 utsupra,

1152 3004 1259 3034 idibus
1276 2999 1452 3031 decembris
1464 3022 1472 3036 ‚
1491 3007 1576 3029 anno
1592 3002 1714 3037 quarto.
1735 3009 1746 3022 n

1968 3061 2014 3087 107
