2393 3496
926 299 1178 343 QUATRIEME
1200 299 1356 335 ANNEE.
2131 311 2188 342 799

598 370 724 405 Orvieto,
741 372 755 398 3
772 372 935 406 septembre
952 372 1030 399 1201.

137 432 176 462 In
192 441 220 461 e.
238 440 294 466 m.‚
312 439 367 470 pro
383 431 515 461 ecclesia
531 432 638 462 Sancti
659 433 770 463 Basilii
786 435 819 463 in
838 434 962 472 Brugis,
980 435 1103 464 Torua-

99 484 204 516 censis
220 484 385 520 dioecesis,
403 484 436 513 in
454 490 567 523 quarta
583 485 744 516 dominica
764 492 830 525 post
846 487 960 517 festum
985 488 1102 516 llesur-

100 538 249 568 rectionis
264 537 457 574 dominicae,
474 538 506 566 iu
524 538 557 568 S.
578 539 676 568 Blasii
692 539 872 575 festivitate,
888 549 942 578 per
957 543 1024 570 octo
1037 540 1104 569 dies

101 594 268 629 sequentes
291 594 321 619 et
345 589 379 618 iu
404 590 625 621 anniversario
651 591 702 621 die
724 592 935 622 dedicationis
960 591 1105 630 ejusdem

101 643 261 674 ecclesiae.

140 708 156 724 «
178 695 335 734 Splendor
353 700 481 734 paterne
497 696 633 734 glorie...
651 714 689 719 —
705 698 776 728 Dat.
794 698 876 737 apud
895 698 1105 728 Urbemvete-

101 758 179 787 rem,
198 758 232 779 111
247 758 346 779 nonas
363 750 565 788 septembris,
583 759 670 781 anno
685 756 808 789 quarto.
835 764 848 777 »

580 838 707 874 Orvieto,
725 840 763 865 ιε·
777 840 940 874 septembre
957 839 1034 866 1291.

141 901 178 931 In
195 911 223 931 e.
240 910 298 937 m.,
318 910 373 940 pro
396 901 528 931 ecelesia
551 901 685 931 Sanctae
710 902 829 931 Mariae
852 902 891 932 de
914 902 1106 941 Sermineto‚

101 955 340 985 Terracinensis
360 955 527 991 dioecesis,
545 955 576 984 iu
597 959 734 994 quatuor
753 956 861 985 beatae
878 956 998 986 Mariae
1018 956 1106 985 festi-

100 1007 250 1038 vitatibus
265 1011 295 1037 et
310 1017 364 1046 per
378 1014 446 1038 octo
462 1008 530 1037 dies
546 1013 726 1046 sequentes.

140 1072 153 1088 α
173 1061 246 1091 Vite
263 1062 411 1098 perennis
426 1061 566 1098 gloria...
582 1077 623 1084 —
639 1062 707 1090 Dat.
727 1061 811 1100 apud
829 1061 1104 1099 Urbemveterem,

100 1113 245 1144 kalendis
263 1114 465 1153 septembris,
482 1123 568 1144 anno
584 1118 707 1154 quarto.
727 1127 740 1141 »

681 1203 807 1234 Orvieto,
825 1203 858 1230 ‘20
875 1204 942 1230 aout
960 1203 1037 1230 1201.

138 1265 176 1295 ln
194 1273 222 1294 e.
249 1273 314 1301 m.‚
338 1273 394 1303 pro
417 1265 549 1295 ecclesia
571 1265 677 1295 Sancti
699 1266 861 1296 Johaunis
886 1266 1107 1303 Evangelistae

99 1318 304 1356 Pistoriensi,
330 1319 363 1348 in
391 1319 575 1348 Nativitatis
598 1319 706 1349 beatae
729 1320 866 1355 Mariae,
889 1320 920 1349 S.
947 1320 1106 1349 iohannis

98 1372 319 1409 Evangelistae
341 1377 372 1401 et
399 1378 526 1402 sauctae
549 1373 718 1403 Caterinae
744 1373 968 1403 festivitatibus
996 1378 1026 1403 et
1053 1383 1107 1412 per

97 1428 166 1456 octo
178 1425 246 1455 dies
258 1431 438 1464 sequentes
456 1426 524 1455 Dat.
538 1427 621 1465 apud
639 1427 916 1463 Urbemveterem,
935 1437 980 1456 1111
997 1427 1106 1456 kalen-

99 1478 154 1509 das
169 1478 369 1516 septembris,
386 1487 472 1508 anuo
490 1485 614 1518 quarto.

680 1553 806 1584 Orvieto,
825 1554 855 1580 31
873 1554 940 1580 aunt
957 1553 1032 1580 1291.

142 1615 178 1645 In
202 1624 230 1645 e.
253 1624 313 1651 m.,
342 1624 396 1654 pro
420 1615 552 1645 ecclesia
576 1616 690 1646 domus
716 1616 851 1646 Sanctae
876 1617 1041 1646 Trinitatis
1067 1616 1107 1646 de

101 1668 318 1705 nond-scota,
339 1669 463 1698 ordinis
482 1670 617 1699 Sanctae
640 1669 810 1699 Trinitatis
835 1674 865 1699 et
884 1669 1104 1708 Captivorum,

103 1721 299 1751 Morinensis
325 1721 495 1758 dioecesis,
518 1722 551 1751 in
581 1722 684 1761 prima
708 1722 871 1753 dominica
896 1728 963 1761 post
989 1724 1105 1753 festum

101 1774 321 1811 mutet-ostes,
345 1775 378 1804 iu
404 1779 541 1814 quatuor
565 1776 673 1806 beatae
697 1776 816 1813 Mariae
832 1781 862 1806 et
877 1781 1003 1806 sauctae
1026 1777 1105 1806 Bar—

101 1827 195 1858 barae.
219 1829 458 1860 festivitatibus.
481 1838 534 1868 per
555 1834 623 1859 octo
640 1829 706 1859 dies
723 1835 892 1868 sequentes
911 1835 941 1859 et
961 1830 992 1859 ιιι
1011 1831 1105 1859 auni-

101 1882 241 1912 versario
265 1882 318 1912 die
342 1882 554 1913 dedicationis
575 1883 721 1921 ejusdem
741 1883 905 1913 ecclesiae.
924 1884 993 1912 Dat.
1022 1883 1105 1922 apud

101 1934 383 1972 Urbemvetetetn,
399 1945 418 1965 ιι
438 1936 594 1966 kalendas
610 1937 799 1975 septembris
810 1959 818 1973 ‚
839 1945 925 1966 anno
941 1941 1062 1975 quarto.

601 2023 728 2057 Orrieto,
745 2023 760 2051 3
776 2023 939 2059 septembre
959 2023 1034 2051 1391.

92 2082 94 2085 ’
138 2087 178 2116 Ιιι
193 2096 218 2116 e.
239 2095 281 2115 m.
301 2086 460 2116 universis
476 2085 598 2116 Christi
618 2085 766 2115 fidelibus
784 2096 838 2124 per
857 2086 1103 2122 Tornacensem,

99 2139 318 2169 Mon-inensem
335 2144 364 2168 et
382 2139 618 2176 'Fi-ajuetensetn
636 2139 779 2168 civitates
798 2143 827 2168 et
845 2139 1002 2168 dioeceses
1017 2147 1105 2168 cous-

99 2193 211 2222 utatis.
226 2192 375 2222 liamdem
388 2192 624 2230 indulgentiam
639 2192 783 2221 coneedit
795 2192 832 2221 iis
845 2192 901 2230 qui
919 2214 938 2221 ..
956 2192 1106 2230 magistro

99 2249 130 2275 et
144 2245 295 2275 fratribus
310 2245 424 2275 domus
441 2246 635 2284 leprosorum
660 2245 774 2275 Beatae
799 2245 919 2274 Mariae
944 2245 1109 2281 Magdale-·

97 2301 257 2337 naejuxta
272 2299 397 2337 Brugis,
409 2299 620 2329 'sot’nacensis
634 2298 802 2335 dioecesis,
818 2307 951 2328 manum
966 2298 1107 2328 caritatis

101 2352 309 2391 porrexerint.

141 2418 154 2433 κ
178 2405 338 2443 Quoniam
357 2409 390 2435 ιιι
404 2405 486 2435 ait...
504 2421 544 2427 —
564 2405 635 2434 Dat.
655 2404 740 2444 apud
761 2404 1045 2440 Urbemveterem,
1073 2412 1106 2432 ιιι

101 2468 202 2490 nonas
217 2459 423 2498 septembris,
440 2467 527 2488 anno
542 2463 666 2497 quarto.
694 2469 708 2485 »

576 2545 708 2575 Orvieto,
727 2545 764 2570 ιε*
778 2543 941 2578 septembre
959 2543 1034 2570 1201.

139 2610 176 2639 Iu
193 2618 220 2641 e.
241 2619 284 2638 m.
303 2608 463 2638 universis
480 2607 601 2638 Christi
621 2606 769 2636 fidelibus
787 2610 968 2645 praesentes
984 2605 1104 2635 litteras

99 2662 301 2701 inspecturis.
321 2661 472 2690 Eatudcm
492 2660 726 2697 indulgentiam
744 2658 889 2688 concedit
905 2658 1106 2687 visitantibus

99 2715 264 2745 ecclesiam
282 2714 390 2744 Sancti
405 2713 490 2743 l‘etri
508 2712 641 2752 apostoli
657 2712 695 2758 de
713 2711 988 2750 Inwyiltecheny,
1003 2711 1105 2740 Mora-

100 2767 222 2798 viensis
240 2768 402 2802 dioecesis,
421 2767 453 2795 in
468 2771 647 2795 sauctorum
664 2765 746 2794 Petri
761 2770 789 2794 et
807 2764 910 2800 Pauli,
925 2764 1107 2794 Nativitatis

100 2820 209 2851 beatae
229 2820 348 2850 Mariae
374 2825 404 2849 et
428 2820 460 2849 S.
489 2818 656 2848 Michaelis
677 2818 901 2848 festivitatibus
918 2821 948 2847 et
968 2826 1023 2856 per
1039 2821 1108 2847 octo

100 2873 169 2903 dies
185 2878 365 2913 sequentes.

143 2938 156 2953 α
176 2926 245 2956 Vite
261 2926 412 2964 perennis
428 2924 568 2963 gloria...
586 2940 625 2946 -
642 2923 712 2952 Dat.
729 2922 813 2961 apud
830 2922 1105 2957 Urbemveterem,

101 2978 247 3009 kalendis
263 2978 469 3017 septembris,
489 2985 574 3006 auno
591 2979 713 3015 quarto.
735 2987 749 3001 ι»

1680 373 1812 407 Orvieto‚
1830 375 1844 400 5
1860 375 2021 409 septembre
2039 376 2114 403 1⁶:91.

1226 432 1263 461 In
1280 442 1306 462 e.
1330 442 1372 462 m.
1385 458 1392 471 ,
1412 443 1467 472 pro
1484 434 1616 465 ecclesia
1633 457 1654 465 ..
1671 435 1846 466 abbatissae
1867 441 1898 466 et
1917 441 2092 467 conventus
2118 447 2187 468 mo-

1187 486 1318 515 nasterii
1344 486 1452 516 Fontis
1477 487 1631 525 Ebraudi,
1659 489 1698 518 ad
1721 498 1885 519 romanam
1910 490 2076 519 ecclesiam
2100 490 2188 522 nullo

1188 538 1291 568 medio
1307 539 1508 577 pertinentis,
1528 541 1724 571 pictavensis
1739 542 1904 578 dioecesis,
1923 542 1954 571 in
1968 549 2102 582 quatuor
2119 544 2188 573 bea-

1188 595 1235 621 tae
1253 592 1372 622 Mariae
1388 598 1417 622 et
1433 593 1464 623 S.
1485 594 1653 624 Michaelis
1669 595 1893 625 festivitatibus
1913 600 1942 625 et
1961 606 2015 634 per
2035 602 2104 627 octo
2120 597 2189 627 dies

1187 650 1366 683 sequentes.
1392 646 1462 675 Dat.
1480 647 1563 685 apud
1582 648 1858 685 Urbemveterem‚
1877 651 1971 679 nonis
1987 650 2186 689 septembris,

1186 705 1272 727 anno
1287 702 1410 736 quarto.

1258 868 1375 896 5936

1224 929 1378 956 Absolutio
1393 938 1409 956 a
1425 934 1490 957 voto
1506 931 1613 958 crucis.
1630 931 1712 964 (Rea.
1729 933 1771 965 46,
1788 942 1813 959 c.
1830 934 1890 967 slot,
1910 935 1928 962 f.
1944 936 1973 962 91
1992 938 2040 968 ro.)

1690 870 1815 902 Orvieto‚
1834 874 1847 899 7
1862 874 2023 908 septembre
2040 875 2117 903 1291.

1230 1031 1392 1060 Carissimo
1409 1033 1443 1061 in
1459 1032 1578 1061 Christo
1593 1034 1657 1070 filie
1672 1035 1844 1071 illaranile,
1864 1038 1966 1072 reniae
1986 1038 2089 1067 Sicilie
2106 1040 2192 1069 illus-

1190 1085 1242 1113 ινὶ.
1260 1084 1339 1113 Cum
1360 1093 1429 1113 eam
1447 1085 1525 1114 olim
1545 1086 1702 1116 Martinus
1721 1088 1787 1117 ltlt
1803 1098 1820 1117 a
1837 1094 1907 1118 voto
1924 1090 2028 1119 crucis
2048 1096 2192 1130 sumptae

1188 1137 1374 1173 absolverit,
1393 1138 1436 1166 ita
1457 1143 1561 1168 tamen
1584 1144 1616 1168 ut
1635 1140 1722 1170 mille
1738 1142 1970 1179 etqningeutas
1991 1143 2087 1174 libras
2104 1149 2191 1175 turo-

1190 1190 1338 1219 nensium
1369 1200 1536 1229 parvorum
1566 1192 1701 1222 solveret
1731 1195 1763 1223 iu
1790 1195 1903 1224 Tei-iae
1932 1196 2065 1226 Sanctae
2088 1198 2191 1227 subsi-

1190 1242 1295 1278 dium,
1316 1252 1453 1281 cumque
1469 1244 1536 1282 ipsa
1552 1244 1669 1274 deinde
1683 1246 1713 1274 iu
1734 1248 2003 1285 recupeiationem
2021 1258 2095 1280 suae
2110 1250 2192 1281 (totis

1189 1299 1220 1323 et
1236 1296 1449 1333 quorumdam
1472 1301 1647 1326 castrorum
1670 1301 1900 1335 reparationem
1927 1310 2057 1339 magnas
2075 1312 2191 1341 expeu-

1190 1357 1240 1377 sas
1261 1349 1425 1385 subiisset,
1455 1349 1485 1379 ei
1510 1350 1661 1380 Nicolaus
1685 1352 1750 1381 Illi
1771 1353 1809 1382 de
1831 1355 1986 1391 praedicta
2016 1359 2191 1394 quantitate

1189 1403 1381 1440 quingentas
1406 1403 1504 1432 libras
1532 1405 1665 1435 remisit.
1690 1406 1784 1435 Nunc
1807 1412 1911 1436 antem
1933 1409 1958 1437 ei
1985 1418 2062 1447 papa
2085 1410 2191 1440 indul-

1189 1457 1241 1493 get
1258 1460 1307 1490 ut,
1329 1465 1401 1485 cum
1420 1456 1506 1485 mille
1523 1456 1619 1487 libras
1637 1458 1757 1488 debitas
1773 1460 1915 1496 solverit,
1937 1462 2023 1491 illam
2050 1467 2191 1500 peccato-

1189 1517 1261 1537 rum
1300 1508 1429 1538 veniam
1470 1517 1683 1549 consequatur
1725 1522 1806 1550 quae
1845 1515 2120 1545 trausti-vtantibus
2157 1517 2192 1546 iu

1188 1560 1303 1590 Terrae
1334 1563 1468 1592 Sanctae
1494 1563 1674 1593 subsidium
1701 1574 1719 1594 a
1749 1566 1821 1596 sede
1847 1568 2015 1605 apostolica
2046 1574 2092 1599 est
2114 1578 2191 1600 con-

1188 1623 1286 1644 cessa.

1234 1680 1247 1694 ι
1272 1668 1398 1697 Ιίιιιοιη
1422 1678 1458 1698 ex
1485 1674 1610 1708 parte...
1638 1687 1676 1692 -—
1702 1671 1772 1701 Dat.
1801 1673 1884 1711 apud
1912 1674 2188 1711 Urbemveterem,

1188 1731 1232 1751 vtt
1249 1721 1321 1751 idus
1339 1722 1540 1761 septembris,
1557 1732 1643 1755 anno
1656 1731 1778 1764 quarto.
1799 1738 1812 1753 n

1259 1894 1374 1923 593⁷

1225 1956 1411 1991 Dispensatio
1427 1966 1515 1992 super
1530 1957 1641 1985 defectu
1658 1959 1774 1986 ordinis.
1789 1961 1870 1995 (Rite.
1887 1962 1930 1996 40,
1947 1971 1972 1989 c.
1991 1964 2049 1997 ³165,
2063 1964 2081 1991 f.
2094 1965 2124 1991 (Jt
2144 1967 2191 1998 νο.)

1688 1897 1814 1929 Ot-vioto,
1832 1899 1846 1925 ‘2
1863 1901 2024 1934 septembre
2045 1902 2119 1928 1201.

1234 2059 1376 2096 Maffl'stro
1392 2060 1513 2089 Nicotao
1537 2061 1701 2097 Vincenlii,
1725 2065 1832 2092 rectori
1855 2066 2057 2101 parrochialis
2076 2068 2191 2097 ecclesie

1190 2112 1376 2140 Bellintontis
1392 2113 1424 2140 de
1441 2114 1559 2149 llonte'a,
1580 2114 1758 2143 Turonensis
1772 2117 1905 2146 diocesis.
1921 2117 1999 2146 Cum
2012 2127 2046 2147 eo
2060 2119 2190 2158 dispen-

1189 2169 1236 2193 sat
1267 2169 1298 2194 nt
1329 2165 1558 2202 parrochialem
1583 2167 1747 2196 ecelesiam
1773 2168 1972 2199 Uellimoutis
1996 2171 2034 2200 de
2060 2172 2188 2209 Bonna,

1188 2224 1284 2254 quam
1298 2217 1430 2254 adeptus
1445 2221 1491 2246 est
1507 2222 1537 2246 et
1549 2227 1603 2255 pro
1619 2228 1691 2256 qua,
1709 2228 1780 2248 cum
1796 2223 1967 2259 essetapntl
1983 2223 2190 2262 sedemapos-

1190 2268 1315 2297 tolicam
1332 2269 1364 2297 in
1382 2269 1512 2299 sei-titio
1526 2270 1625 2299 bonae
1643 2273 1813 2302 memoriae
1829 2274 1877 2307 B.,
1892 2275 2118 2315 archiepiscopi
2130 2278 2191 2307 Tu-

1189 2321 1353 2358 ronensis,
1372 2322 1462 2360 cnjus
1480 2328 1545 2352 erat
1559 2323 1707 2360 clericus,
1728 2334 1760 2354 se
1778 2326 1814 2354 ad
1839 2328 2046 2358 sacerdotium
2066 2338 2191 2368 promo-

1190 2374 1254 2403 veri
1273 2383 1334 2404 non
1353 2375 1427 2404 fecit
1443 2399 1449 2411 ,
1465 2375 1606 2414 legitime
1624 2379 1760 2408 retinere
1776 2379 1893 2416 valeat3
1917 2382 2088 2413 dnmmodo
2109 2384 2192 2414 infra

1188 2436 1309 2456 annum
1327 2429 1554 2458 sacerdotalem
1573 2430 1719 2460 ordinem
1738 2432 1868 2471 recipiat
1883 2438 1913 2462 et
1929 2443 2102 2472 congruam
2122 2446 2190 2475 par-

1190 2485 1251 2509 tem
1270 2481 1431 2510 fruetuum
1446 2488 1664 2521 perceptorum
1681 2485 1711 2513 in
1731 2485 1908 2516 evidentem
1925 2488 2090 2519 utilitatem
2108 2491 2190 2529 ejus-

1188 2533 1259 2563 dem
1277 2534 1446 2570 eeclesiae,
1464 2535 1502 2564 ad
1519 2537 1688 2567 arbitrium
1708 2539 1782 2568 boni
1803 2540 1872 2576 viri,
1895 2547 2064 2571 convertat.

1230 2598 1244 2613 α
1263 2587 1339 2616 Illos
1355 2586 1526 2626 apostoliea
1542 2590 1668 2619 sedes...
1683 2609 1720 2613 —
1736 2592 1805 2621 Dat.
1817 2594 1900 2631 apud
1920 2594 2189 2632 Urbeiuveterem,

1189 2648 1236 2668 1111
1252 2647 1352 2669 nonas
1372 2641 1569 2678 septembris,
1587 2651 1672 2673 anno
1689 2649 1811 2682 quarto.
1825 2657 1838 2672 ι

1259 2811 1377 2840 5938

1224 2873 1409 2908 Dispensatio
1423 2882 1511 2910 super
1521 2876 1634 2903 defectu
1647 2879 1791 2905 natalium.
1805 2879 1886 2914 (ileo.
1901 2881 1942 2912 -16,
1953 2890 1978 2907 c.
1994 2882 2052 2913 400,
2066 2881 2085 2909 f.
2097 2882 2127 2908 01
2141 2884 2188 2916 πθ.)

1689 2816 1816 2847 Orvieto,
1834 2818 1848 2843 Ο
1864 2819 2024 2853 septembre
2043 2820 2117 2846 1201.

1231 2997 1250 3005 ..
1273 2976 1373 3003 abbati
1394 2978 1575 3006 monasterii
1594 2978 1628 3007 ilc
1654 2979 1839 3017 Wendhnye,
1865 2981 1979 3010 ordinis
2001 2982 2189 3014 Prcmostra-
