2393 3496
899 312 1141 359 CINQUIEME
1164 313 1321 353 ANNEE.
2100 326 2159 357 931

70 409 84 426 »
107 395 155 425 vel
182 395 249 432 eJ'us
276 392 361 421 vices
387 396 552 429 gerentem
576 391 718 430 judicem
746 390 896 420 similiter
922 389 1071 418 instituat

72 462 85 478 n
107 448 198 479 modo
215 446 360 484 superius
379 445 547 474 declarato.
565 445 670 474 Tertio
689 453 762 474 vero
779 452 877 480 anno,
894 442 1069 481 archiepis-

71 515 86 532 »
108 509 201 539 copus
222 498 272 528 vel
290 499 358 536 ejus
378 498 566 527 mandatum
586 498 729 536 judicem
751 502 780 526 et
798 496 1020 534 sigilliferum,
1041 498 1071 524 et

71 568 86 585 »
108 552 279 593 capitulum
303 551 352 581 vel
376 552 443 589 ejus
462 552 546 581 vices
565 560 680 589 gerens
696 551 889 580 coi-rearium
911 548 1069 584 instituat,

71 620 86 636 »
107 606 207 637 modis
229 609 259 634 et
275 604 387 634 formis
411 605 555 643 superius
577 604 743 634 enarratis.
765 604 884 639 Quarto
902 610 998 638 011110,
1016 610 1069 630 ar-

73 673 86 689 »
108 658 324 697 chiepiscopus
345 661 378 685 ut
393 666 488 694 supra
505 657 704 686 correarium
722 660 751 685 et
764 656 918 694 judicem,
938 658 968 684 et
985 654 1069 692 capi-

70 725 84 742 ι
109 712 208 742 101001
227 714 259 740 01
282 718 377 748 supra
395 709 612 747 sigillifernm.
632 710 754 745 Quinto
772 717 875 742 anno,
893 707 1070 745 archiepis-

73 778 87 794 ι
108 772 201 803 copus
212 762 406 793 correarium
420 766 449 791 et
462 762 676 800 sigilliferum,
692 767 721 791 et
733 760 1069 800 capitulumjudicem.

73 831 86 848 11
109 818 199 848 Sexto
215 824 310 851 anno,
328 815 585 854 archiepiscopus
599 815 743 853 judicem
761 820 790 844 et
808 814 1024 852 sigilliserum,
1043 817 1072 842 et

71 883 85 900 n
108 869 280 909 capitulum
297 869 492 898 correarium
506 869 663 902 instituat,
679 868 781 897 modis
793 872 822 896 et
834 868 944 896 formis
954 867 1071 905 quibus

71 936 85 953 »
107 932 210 961 supra,
228 922 312 952 etsie
328 921 477 960 deinceps
491 922 726 960 imperpetuum
738 921 932 950 observetur.
950 920 986 949 Et
1001 919 1071 948 talis

70 989 84 1006 ι
105 976 216 1007 modus
233 975 422 1004 instituendi
440 975 590 1004 officiales
612 976 644 1003 111
661 975 757 1004 annis
776 974 933 1012 siugulis,
951 974 982 1002 in
1001 973 1070 1002 sin-

68 1043 82 1058 »
107 1028 189 1068 gulis
206 1028 363 1065 trienniis,
378 1028 553 1057 secundum
567 1028 702 1058 formam
719 1028 865 1066 superius
877 1031 1069 1061 enarratam,

71 1096 85 1113 11
107 1083 200 1114 etiam
217 1082 494 1121 quotienscunque
507 1083 601 1112 annis
618 1081 755 1119 singulis
772 1082 804 1110 111
822 1081 959 1118 singulis
976 1081 1072 1109 trien—

70 1149 84 1166 n
107 1136 170 1166 niis
184 1135 371 1165 officialium
390 1135 548 1165 institutio
565 1135 632 1164 sive
648 1135 781 1164 mutatio
798 1135 893 1164 fuerit
910 1133 1070 1170 facienda,

70 1203 84 1220 n
105 1190 336 1228 imperpetuum
363 1189 560 1218 observetur.
583 1189 723 1218 Predicti
749 1197 875 1227 quoque
900 1186 1068 1222 officiales,

71 1256 84 1273 ι
106 1247 268 1283 postquam
287 1242 389 1272 taliter
406 1243 526 1272 fuerint
547 1242 693 1278 instituti,
715 1242 866 1279 jurabunt
883 1241 1004 1279 inipso
1020 1249 1071 1269 ca-

71 1309 85 1324 »
107 1295 203 1335 pitulo
227 1304 333 1325 coram
363 1295 428 1324 illis
461 1295 516 1334 qui
546 1295 643 1324 simul
671 1295 898 1329 convenerint,
929 1302 1002 1323 01101
1032 1293 1072 1322 011

73 1361 86 1378 ι
107 1348 341 1387 archiepiscopo
359 1348 483 1378 fuerint
502 1348 650 1384 instituti,
669 1352 832 1385 utsupra,
856 1346 904 1376 vel
921 1346 955 1375 in
978 1346 1072 1376 domo

71 1414 86 1431 11
108 1401 387 1440 archiepiscopali⁷
413 1410 487 1431 cum
511 1411 528 1430 a
556 1401 694 1440 capitulo
718 1400 856 1429 instituti
880 1400 1013 1436 fuerint,
1040 1403 1074 1428 ut

71 1467 86 1485 ι
109 1464 218 1493 501110,
236 1455 319 1493 quod
339 1454 443 1484 officia
464 1454 523 1484 sibi
540 1456 710 1484 commissa
730 1454 865 1483 fideliter
882 1453 1074 1482 exercebunt

73 1521 86 1537 ι
107 1508 290 1539 eorumdem
317 1508 548 1547 archiepiscopi
577 1513 606 1538 et
630 1508 758 1546 capituli
783 1508 934 1544 nomine,
957 1517 992 1537 ac
1018 1516 1073 1546 pro

71 1574 86 1591 n
107 1562 182 1601 ipsis
200 1562 265 1591 sive
281 1570 337 1600 pro
352 1562 481 1591 comuni
494 1562 576 1592 bono
591 1567 681 1600 prout
694 1561 732 1590 ad
746 1570 797 1591 eos
810 1560 1071 1599 jurisdictionem

71 1627 86 1644 11
107 1615 206 1654 ipsam
223 1619 253 1645 et
268 1615 453 1645 exercitium
474 1615 667 1654 premissum
685 1618 730 1644 est
747 1615 916 1653 pertinere.

108 1681 122 1697 »
141 1668 284 1698 Badellos
302 1677 375 1698 vero
394 1669 536 1706 ejusdem
561 1669 648 1698 curie
666 1677 801 1698 numero
817 1668 985 1698 duodecim
1002 1676 1071 1697 cor-

71 1734 85 1750 »
106 1723 238 1758 rearius,
259 1721 356 1759 judex
381 1727 410 1751 et
431 1721 581 1760 sigillifer
604 1721 702 1751 simul
725 1726 860 1759 ponant,
879 1721 932 1760 qui
955 1720 1072 1750 badelli

70 1786 84 1803 ι
104 1774 256 1814 jurabunt
272 1774 306 1803 in
327 1774 466 1813 capitulo
487 1783 580 1804 suum
605 1774 746 1804 officium
772 1774 908 1818 fideliter
927 1783 1072 1803 exercere

72 1839 85 1856 a
107 1827 238 1858 nomine
261 1827 493 1866 archiepiscopi
517 1831 547 1857 et
570 1827 701 1865 capituli
725 1827 960 1869 predictorum,
981 1832 1074 1866 prout

71 1893 85 1910 »
107 1881 145 1911 ad
167 1881 250 1920 ipsos
267 1880 526 1919 jurisdictionem
546 1880 722 1920 predictam
741 1884 770 1910 et
792 1881 860 1919 ejus
884 1880 1071 1910 exercitium

71 1945 85 1962 ι
107 1934 312 1974 premisimus
341 1934 519 1972 pertinere,
549 1938 579 1964 et
604 1934 688 1973 quod
715 1939 811 1963 erunt
836 1934 1020 1963 obedientes
1043 1938 1073 1963 et

69 1999 84 2016 »
106 1987 214 2017 fideles
230 1987 327 2027 judici
342 1987 473 2017 comuni
490 1987 723 2026 archiepiscopi
741 1992 771 2016 et
784 1987 895 2016 decani
914 1997 1008 2026 super
1021 1988 1072 2026 ju-

70 2053 84 2069 »
107 2040 289 2071 risdictiono
305 2040 494 2070 clericorum
508 2040 540 2069 iu
559 2040 621 2069 hiis
637 2050 699 2079 que
715 2044 856 2079 spectant
869 2041 907 2070 ad
921 2041 1072 2079 jurisdic-

70 2095 224 2125 »'ti0nem
242 2102 411 2124 comunem
429 2093 530 2132 ipsius
547 2094 777 2133 archiepiscopi
797 2099 826 2124 et
841 2094 966 2124 decani.
991 2095 1027 2124 Et
1046 2095 1071 2124 si

69 2159 83 2176 n
105 2147 210 2188 plures
227 2147 344 2177 badelli
361 2148 535 2177 necessarii
551 2147 756 2186 videbuntur,
772 2147 877 2186 plures
891 2151 1011 2186 ponant
1026 2148 1070 2178 of—

69 2212 84 2229 »
105 2200 222 2231 ficiales
238 2200 385 2240 predicti,
404 2201 430 2230 si
448 2201 487 2230 de
507 2201 654 2239 pluribus
672 2200 755 2230 ultra
773 2201 941 2231 duodecim
959 2209 1070 2230 comu-

69 2265 83 2282 n
106 2254 187 2284 niter
209 2255 285 2294 ipsis
307 2254 544 2293 archiepiscopo
570 2258 599 2283 et
624 2254 761 2292 capitulo
787 2254 836 2284 vel
856 2263 964 2284 eorum
985 2254 1071 2285 vices

69 2319 83 2335 ι
105 2308 286 2346 gerentibus
305 2308 409 2337 visum
426 2308 520 2337 fuerit
537 2307 705 2346 expedire,
726 2308 779 2347 qui
803 2308 842 2337 ad
865 2308 1070 2345 prestandum

69 2372 83 2389 »
106 2364 339 2392 sacramentum
358 2361 464 2391 simile
479 2361 712 2399 astringantur.
734 2361 836 2391 tIudex
857 2369 931 2390 vero
947 2350 1070 2399 predic-

69 2425 83 2442 »
107 2417 155 2444 tus
175 2413 363 2444 clericorum
385 2414 533 2444 comunis
553 2415 696 2452 ipsorum
718 2414 948 2453 archiepiscopi
966 2419 995 2444 et
1012 2415 1069 2444 de—

69 2478 83 2495 »
106 2467 176 2498 cani
190 2467 268 2498 alios
289 2476 353 2498 non
369 2467 499 2497 habehit
520 2467 678 2505 badelIos,
699 2472 744 2497 set
765 2468 921 2506 predictos
939 2468 1071 2506 recipiet

69 2532 84 2549 ι
107 2525 138 2552 01
151 2521 288 2559 habebit,
305 2525 398 2560 prout
414 2521 560 2560 superius
575 2526 621 2551 est
638 2531 833 2560 expressum,
853 2522 944 2551 modo
960 2522 1068 2558 istum,

70 2585 85 2602 n
107 2574 199 2605 modo
213 2574 323 2611 illum,
341 2576 433 2613 prout
450 2574 509 2604 sibi
526 2574 685 2604 videbitur
700 2574 858 2613 expedire.
880 2575 916 2603 Et
933 2575 1069 2605 nichilo-

70 2638 85 2655 »
107 2627 214 2657 minus
234 2627 511 2666 quotienscunque
527 2627 765 2665 archiepiscopo
782 2627 940 2657 videbitur
955 2628 1071 2657 officia-

69 2691 85 2708 »
106 2679 152 2711 les
168 2684 197 2710 et
211 2680 351 2710 badellos
372 2680 453 2710 dicte
478 2680 566 2710 curie
587 2680 737 2710 secularis
761 2680 825 2710 fore
851 2681 1068 2719 negligentes,

70 2744 86 2761 »
108 2734 256 2764 remissos
273 2742 327 2763 seu
346 2732 426 2763 alias
443 2733 526 2762 111010
546 2737 727 2770 versantes,
746 2733 801 2763 ille
818 2734 865 2763 vel
882 2734 929 2763 illi
946 2736 1000 2773 qui
1017 2744 1069 2765 eos

67 2797 81 2813 ι
105 2786 301 2816 instituerint
316 2785 433 2823 statim,
451 2786 520 2815 sine
533 2785 717 2816 difficultate
729 2786 879 2825 qualibet,
895 2787 933 2816 ad
950 2787 1068 2817 dictum

69 2848 83 2865 ι
106 2837 335 2876 archiepiscopi
367 2846 515 2867 amovere
549 2841 735 2875 teneantur,
768 2842 798 2868 et
833 2838 901 2868 loco
933 2844 1069 2869 remoto-

69 2901 84 2918 »
105 2899 178 2920 rum
198 2890 277 2921 alios
292 2890 434 2930 ydoneos
454 2890 647 2928 subrogare3
672 2896 701 2920 et
722 2891 806 2929 quod
825 2892 928 2922 dictus
945 2893 1068 2923 archie—

37 2953 41 2958 ¹
69 2953 84 2971 n
107 2943 251 2984 piscopos
269 2944 354 2983 juret
375 2952 495 2982 ponere
515 2943 668 2973 officiales
687 2952 760 2974 suos
779 2945 876 2974 bonos
895 2952 925 2975 01
940 2946 1068 2983 6110105,

69 3007 84 3024 n
107 2996 176 3027 sine
197 2996 324 3034 fraude,
347 2996 403 3035 qui
421 2996 496 3035 jura
519 3000 582 3025 tam
605 2995 708 3035 ipsius
727 2997 958 3037 archiepiscopi
973 3008 1066 3038 quam

1155 401 1161 414 )

1192 389 1322 428 capituli
1351 391 1519 420 observent
1544 390 1646 421 illesa.
1677 390 1760 420 Sane
1788 391 1873 420 circa
1898 391 2104 422 obventiones
2129 398 2159 423 et

1154 453 1168 467 n
1192 442 1409 472 emolumenta
1425 444 1507 473 dicte
1524 444 1614 474 curie
1632 443 1784 473 secularis
1798 443 1933 473 dicimus
1953 453 2009 474 nos
2025 445 2158 483 predicti

1155 506 1167 519 n
1192 494 1382 531 cardinales,
1401 497 1599 527 ordinatores
1616 501 1645 526 et
1660 497 1895 535 compositores,
1915 501 1944 526 et
1959 498 2157 535 ordinamus,

1155 560 1167 574 ⁷>
1194 552 1227 577 ut
1244 558 1352 586 supra,
1372 550 1455 587 quod
1473 550 1622 587 sigillifer
1643 551 1696 589 qui
1719 559 1773 588 pro
1793 554 1932 588 tempore
1949 551 2045 581 fuerit
2061 551 2159 581 dictas

1154 612 1168 627 ›>
1192 601 1401 631 obventiones
1417 603 1529 632 debeat
1545 605 1684 642 recipere
1705 608 1734 633 et
1750 612 1801 633 eas
1820 603 1996 640 custodire,
2016 604 2058 633 ita
2075 604 2159 642 quod

1155 665 1168 680 >³
1192 654 1225 682 111
1240 654 1335 683 annis
1352 655 1487 692 singulis
1502 655 1549 684 bis
1566 656 1597 684 111
1614 665 1699 685 anno
1712 660 1869 694 computet
1886 656 1924 686 de
1940 656 2031 686 dictis
2044 657 2159 686 obven-

1155 719 1167 733 1)
1195 707 1332 736 tionibus
1356 713 1385 736 et
1411 708 1636 737 emolumentis
1659 718 1730 738 cum
1757 709 1992 748 archiepiscopo
2017 710 2066 739 vel
2091 710 2158 748 ejus

1155 771 1167 785 n
1193 760 1344 789 mandato
1380 764 1409 789 et
1445 761 1584 798 capitulo
1618 761 1666 790 vel
1700 762 1767 799 ejus
1805 762 1887 791 vices
1924 767 2053 799 gerente
2073 787 2079 798 ,
2117 764 2161 792 110

1156 824 1168 837 »
1193 813 1276 850 (10011
1302 811 1340 842 de
1370 813 1462 842 dictis
1490 814 1758 851 obventionibus,
1792 815 1926 845 deducto
1957 815 2071 846 salario
2103 826 2159 846 seu

1155 876 1168 891 »
1194 865 1317 894 salariis
1338 874 1400 903 que
1427 866 1576 904 predictis
1601 867 1763 896 dabuntur
1791 868 1995 905 officialibus,
2024 869 2056 898 in
2084 869 2157 908 qui-

1153 930 1164 944 »
1194 919 1251 947 bus
1277 918 1400 947 salariis
1427 919 1658 948 constituendis
1685 920 1800 949 debent
1825 926 1885 949 tam
1909 921 2011 951 dictus
2034 923 2158 952 archie-

1155 984 1168 997 »
1193 972 1339 1009 piscopus
1365 974 1546 1010 promittere
1566 973 1647 1002 bona
1670 973 1731 1002 fide
1757 983 1852 1011 quam
1877 974 1945 1012 ejus
1972 975 2159 1005 mandatum

1156 1036 1168 1050 n
1193 1033 1248 1062 per
1265 1030 1516 1061 sacramentum,
1535 1030 1565 1054 et
1586 1026 1759 1064 capitulum
1778 1027 1860 1055 bona
1881 1027 1941 1056 tide
1958 1027 2006 1056 vel
2024 1029 2092 1066 ejus
2110 1030 2158 1058 vi-

1156 1090 1168 1103 »
1193 1086 1243 1107 ces
1255 1086 1368 1115 gerens
1385 1088 1439 1116 per
1453 1083 1700 1115 sacramentum,
1719 1079 1802 1118 quod
1822 1080 1943 1109 nullam
1961 1080 2161 1112 1101111001ῖο-

1155 1143 1168 1157 »
1193 1131 1280 1160 cient
1295 1141 1349 1160 seu
1374 1133 1588 1168 committent,
1614 1137 1643 1161 et
1661 1133 1803 1162 deductis
1826 1133 1897 1162 aliis
1921 1135 2070 1164 omnibus
2085 1144 2162 1165 000-

1156 1197 1168 1210 »
1195 1184 1281 1213 ribus
1294 1189 1323 1213 et
1335 1185 1480 1222 expensis
1493 1185 1591 1223 ipsius
1605 1185 1693 1214 curie
1711 1190 1740 1214 et
1755 1195 1816 1224 que
1829 1187 1950 1216 ratione
1962 1187 2061 1225 ipsius
2072 1189 2159 1218 curie

1156 1250 1168 1264 ³>
1194 1238 1263 1267 fieri
1280 1238 1456 1275 continget,
1481 1239 1582 1268 dletus
1604 1238 1861 1278 archiepiscopus
1883 1240 1920 1269 de
1940 1240 2016 1278 ipsis
2038 1241 2159 1271 emolu-

1156 1303 1169 1317 »
1195 1292 1311 1320 mentis
1327 1296 1356 1319 et
1372 1291 1619 1321 obventionibus
1636 1292 1714 1321 duas
1731 1298 1833 1330 partes
1851 1293 1974 1330 habeat,
1994 1297 2022 1323 et
2038 1295 2159 1333 capitu-

1156 1357 1168 1370 n
1195 1344 1260 1373 lum
1283 1344 1422 1381 tertiam,
1440 1350 1469 1373 et
1486 1354 1540 1383 pro
1557 1345 1696 1383 predicta
1714 1347 1803 1375 tertia
1817 1351 1904 1384 parte
1916 1347 2007 1376 debet
2023 1349 2160 1378 05501111-

1156 1410 1168 1423 n
1194 1398 1302 1426 munis
1330 1397 1434 1427 dictus
1459 1398 1718 1437 archiepiscopus
1744 1404 1773 1428 et
1800 1401 1867 1438 ejus
1894 1409 2090 1430 successores
2121 1402 2161 1432 de

1156 1463 1169 1478 »
1195 1452 1338 1481 ducentis
1362 1451 1451 1480 libris
1476 1452 1701 1481 viennensium
1728 1452 1765 1481 ad
1788 1462 1866 1491 quas
1891 1453 2040 1491 predictis
2064 1455 2161 1485 annis

1156 1517 1170 1531 1>
1196 1504 1334 1541 singulis
1351 1505 1426 1542 ipsis
1442 1505 1578 1543 capitulo
1594 1510 1623 1533 et
1639 1505 1817 1535 senescalco
1830 1507 1995 1536 tenebatur
2011 1517 2065 1546 per
2078 1508 2161 1538 ordi-

1157 1570 1168 1583 n
1195 1558 1358 1586 nationem
1373 1557 1497 1586 domiui
1514 1557 1661 1595 Gregorii
1678 1567 1755 1596 pape
1774 1559 1959 1597 predictam.
1978 1560 2070 1589 Circa
2087 1569 2161 1590 vero

1157 1624 1169 1637 r>
1191 1611 1333 1650 judicem
1356 1611 1605 1649 appellationum
1634 1613 1882 1642 emittendarum
1907 1614 1946 1643 ab
1972 1614 2163 1645 officialibus

1156 1678 1170 1693 »
1194 1666 1283 1695 curie
1298 1665 1436 1703 predicte
1452 1665 1619 1702 secularis,
1637 1666 1788 1702 dicimus,
1816 1667 1963 1697 volumus
1981 1673 2011 1697 et
2030 1669 2161 1698 ordina-

1156 1732 1169 1746 »
1194 1728 1266 1748 mus
1282 1719 1366 1757 quod
1381 1718 1637 1757 archiepiscopus
1651 1721 1705 1757 qui
1723 1729 1809 1749 nunc
1821 1724 1876 1755 est,
1896 1726 1926 1749 et
1941 1721 1995 1759 qni
2012 1730 2068 1760 pro
2083 1726 2161 1751 1001-

1157 1785 1169 1799 »
1195 1781 1269 1811 pore
1285 1772 1391 1807 fuerit,
1410 1772 1443 1800 in
1465 1772 1602 1811 capitulo
1619 1773 1842 1810 Lugdunensi,
1862 1774 2039 1804 secundum
2055 1775 2161 1806 datam

1156 1837 1170 1853 »
1194 1835 1211 1855 a
1229 1826 1295 1855 Deo
1311 1825 1371 1855 sibi
1393 1825 1607 1864 prudentiam,
1625 1826 1729 1864 ipsum
1748 1836 1802 1864 pro
1819 1836 1875 1856 5110
1891 1828 2037 1857 instituat
2054 1829 2162 1858 volun-

1157 1892 1169 1906 »
1197 1884 1272 1915 101ος
1300 1879 1354 1917 qui
1370 1879 1468 1917 judex
1485 1880 1570 1916 juret
1589 1888 1682 1908 500111
1700 1880 1839 1909 officium
1862 1881 1998 1911 fideliter
2016 1891 2161 1913 exercere

1156 1946 1169 1959 »
1196 1933 1325 1962 nomine
1340 1932 1610 1971 archiepiscopiet
1626 1933 1757 1971 capituli
1774 1934 1999 1972 predictorum⁷
2019 1937 2161 1973 proutad

1155 1999 1169 2013 »
1194 1987 1276 2025 ipsos
1296 1986 1478 2025 jurisdictio
1499 1990 1528 2014 et
1549 1986 1617 2024 ejus
1638 1987 1824 2016 exercitium
1849 1992 1882 2016 ut
1902 1997 1997 2026 supra
2020 1990 2162 2019 noscitur

1156 2052 1168 2066 n
1193 2040 1364 2078 pertinere.
1396 2039 1444 2068 Ita
1475 2043 1579 2068 tamen
1611 2039 1693 2077 quod
1722 2040 1850 2078 quando
1877 2049 1894 2069 0
1922 2041 2100 2071 diffinitivis
2126 2042 2161 2072 in

1155 2106 1168 2120 x>
1194 2093 1320 2131 magnis
1349 2092 1484 2121 summis
1510 2093 1720 2130 pecuniarum
1753 2093 1939 2123 vel'arduis
1968 2094 2163 2126 criminibus

1156 2158 1168 2173 n
1194 2144 1323 2185 prolatis
1346 2146 1385 2174 ad
1404 2145 1510 2184 ipsum
1534 2145 1630 2175 fuerit
1653 2145 1847 2184 appellatum
1862 2169 1869 2182 ‚
1892 2147 1993 2177 dictus
2011 2148 2107 2185 judex
2126 2149 2161 2178 in

1156 2214 1168 2227 n
1193 2200 1461 2230 determinatione
1480 2200 1692 2239 predictorum
1714 2200 1829 2231 habeat
1848 2207 1953 2240 petere
1969 2203 2027 2233 sub
2045 2204 2162 2235 virtute

1156 2267 1168 2282 n
1194 2255 1304 2293 prefati
1319 2254 1494 2293 juramenti
1510 2254 1681 2284 consilium
1701 2258 1731 2284 et
1745 2263 1913 2285 assensum
1927 2256 2161 2296 archiepiscopi

1156 2321 1168 2335 ιι
1194 2313 1223 2338 01
1238 2307 1369 2346 capituli
1386 2307 1615 2346 predictorum,
1634 2311 1790 2337 eteorum
1811 2309 1903 2348 sequi
1922 2310 2110 2346 consilium,
2131 2315 2163 2341 01

1156 2374 1168 2387 n
1193 2361 1219 2391 si
1240 2361 1335 2389 iidem
1354 2360 1609 2399 archiepiscopus
1628 2364 1657 2390 et
1677 2361 1853 2399 capitulum
1875 2361 1925 2392 vel
1946 2371 2056 2393 eorum
2076 2367 2161 2394 certa

1156 2428 1168 2440 »
1194 2413 1343 2443 mandata
1367 2413 1401 2442 in
1431 2413 1489 2443 hoc
1515 2414 1707 2443 concordare
1728 2423 1792 2444 non
1814 2419 1977 2453 poterunt,
2000 2422 2163 2454 ponantur

1157 2481 1168 2494 »
1193 2467 1255 2497 duo
1283 2476 1337 2505 per
1356 2466 1532 2505 capitulum
1559 2468 1613 2505 qui
1636 2476 1698 2496 una
1719 2476 1792 2497 cum
1815 2468 1899 2498 dicto
1923 2469 2162 2509 archiepiscopo

1155 2534 1168 2547 n
1194 2521 1241 2550 vel
1263 2521 1331 2560 ejus
1354 2520 1503 2549 mandato
1525 2524 1556 2549 et
1579 2520 1699 2559 prefato
1714 2521 1823 2559 judice
1844 2522 2090 2560 appellationem
2107 2523 2162 2553 de-

1155 2588 1168 2601 »
1193 2574 1382 2610 terminent,
1408 2573 1493 2611 quod
1516 2573 1700 2611 incumbet,
1728 2578 1759 2603 et
1785 2575 1811 2603 si
1834 2583 1947 2605 omnes
1969 2580 2104 2614 quatuor
2126 2576 2160 2606 in

1156 2640 1168 2654 n
1193 2636 1292 2657 unam
1310 2627 1499 2656 sententiam
1517 2627 1709 2657 concordare
1725 2636 1789 2658 non
1807 2633 1946 2667 possent,
1959 2628 2040 2659 illud
2056 2638 2162 2660 serve-

1156 2694 1167 2707 »
1194 2685 1244 2710 tur
1264 2680 1347 2719 quod
1372 2689 1390 2709 a
1414 2680 1533 2718 majore
1550 2685 1636 2718 parte
1652 2681 1795 2719 ipsorum
1816 2687 1953 2720 quatuor
1971 2682 2066 2712 fuerit
2083 2691 2159 2712 con-

1156 2746 1168 2761 »
1193 2733 1312 2763 sultum
1332 2742 1385 2761 seu
1403 2733 1499 2762 etiam
1519 2733 1705 2763 diffinitum.
1726 2734 1777 2763 Illi
1803 2739 1906 2764 tamen
1931 2735 1987 2773 qui
2004 2744 2059 2773 per
2074 2736 2160 2774 capi-

1155 2799 1167 2813 »
1194 2786 1295 2816 tulum
1314 2790 1472 2824 ponentur
1489 2795 1543 2824 pro
1562 2791 1700 2825 tempore
1714 2787 1870 2826 jurabunt
1885 2788 1917 2817 in
1935 2787 2003 2826 ipso
2024 2787 2160 2826 capitulo

1154 2853 1167 2867 1)
1193 2839 1285 2868 fidele
1308 2839 1383 2868 dare
1402 2839 1593 2876 consilium,
1622 2844 1682 2868 tam
1703 2849 1757 2878 pro
1782 2841 1899 2879 prefato
1921 2841 2160 2880 archiepiscopo

1155 2905 1167 2919 n
1192 2902 1287 2932 quam
1304 2901 1359 2931 pro
1374 2891 1511 2930 capitulo
1536 2892 1765 2930 Lugdunensi3
1784 2898 1813 2923 et
1829 2894 2103 2932 quotienscunque
2123 2894 2158 2923 in

1154 2957 1168 2972 n
1191 2945 1338 2984 predictis
1354 2945 1503 2974 mandata
1514 2945 1728 2983 predictorum
1739 2946 1969 2984 archiepiscopi
1986 2951 2015 2975 et
2026 2945 2158 2985 capituli

1156 3010 1168 3024 n
1192 2997 1388 3027 intervenire
1407 2998 1585 3036 contigerit,
1603 3007 1712 3028 eorum
1734 2999 1883 3028 mandata
1899 2999 2057 3037 jurabunt
2071 2999 2157 3038 quod
