2393 3496
83 388 289 432 peremptorio
308 388 445 418 termino
468 388 669 426 assignatum
694 390 777 419 bona
799 394 829 419 et
853 391 925 429 jura
944 390 1083 429 predicta

74 443 124 480 :fid
145 442 357 481 episcopatum
382 445 413 470 et
434 440 600 471 ecclesiam
624 442 831 472 Tridentinus
850 443 977 473 eosdem
995 452 1083 481 spec-

3 505 5 518 ·
86 496 182 532 flantia
205 495 371 525 efficaciter
392 498 423 524 et
446 494 540 533 plene
565 496 733 525 restituere
760 495 914 534 prelibato
938 496 1083 535 episcopo

58 542 141 592 ἡξει]
156 547 312 587 deputatis
328 547 367 577 ab
383 556 420 577 eo
441 557 536 586 super
560 548 617 578 hoc
641 549 765 578 nuntiis
784 558 847 579 non
864 549 1008 586 curavit;
1026 559 1084 579 nec

71 603 180 642 ’χἀω
205 610 260 639 per
286 609 319 630 se
349 609 454 639 neque
480 610 535 639 per
559 606 793 640 procuratorem
821 602 983 641 ydoneum
1011 611 1084 632 cum

99 643 110 653 '⁷
137 663 178 685 no
199 658 230 684 et
253 653 425 684 sufficienti
454 654 604 684 mandato
629 655 714 684 infra
742 655 880 685 eundem
911 656 1083 685 terminum

94 706 258 746 ,,ριιι·υἰι
275 714 380 736 coram
406 706 517 744 nobis,
540 716 635 746 super
658 708 813 737 fructibus
831 713 860 738 et
881 709 1085 747 proventibus

163 759 237 800 plis
254 768 290 789 ex
311 759 356 789 eis
374 768 411 789 ac
432 760 470 789 de
488 760 636 798 dampnis
653 766 683 790 et
702 761 832 800 injuriis
847 762 887 791 ab
906 762 973 800 ipso
988 761 1086 791 illatis

147 830 150 831 γ
175 821 228 852 apo
255 816 286 842 et
310 812 443 842 ecclesie
469 813 653 851 sepedictis,
678 822 714 843 ac
740 814 986 853 quibuscunque
1014 814 1086 844 aliis

94 881 130 906 3,
159 865 296 896 lantibus
316 865 355 894 ad
374 866 528 904 premissa
549 875 603 895 seu
629 875 755 905 quoquo
779 867 871 897 modo
895 868 1086 905 contingen-

104 906 126 952 ’ᾖ
153 929 169 953 s
182 918 302 954 eadem,
319 918 526 957 beneplacitis
541 919 709 958 apostolice
724 920 808 950 sedis
824 924 853 950 et
869 921 985 950 nostris
1001 921 1086 959 pari-

95 964 153 1007 '’fjr
165 985 172 999 :
191 971 358 1002 humiliter
375 977 404 1001 et
424 973 583 1002 efficacem
600 973 849 1003 satisfactionem
860 982 896 1003 ac
910 973 1085 1011 plenariam

103 1037 161 1064 Ἢν
177 1033 304 1061 ι,ειιιί15;
321 1025 427 1063 ipsum
448 1029 521 1054 tunc
537 1025 576 1054 de
592 1034 673 1055 novo
689 1026 995 1056 excomunicationis
1013 1035 1085 1056 sen-

114 1070 160 1085 ”“
197 1077 353 1108 innodare
369 1079 575 1114 curavimus;
593 1078 781 1117 hujtismodi
802 1088 983 1117 processum
1010 1088 1085 1109 nos-

190 1136 300 1162 contra
326 1131 464 1161 eundem
491 1132 704 1170 Maynardum
730 1132 876 1162 habitum
901 1134 1086 1163 auctoritate

114 1218 120 1221 ,
202 1185 251 1215 ica
267 1185 476 1220 innovantes,
492 1180 687 1215 ratificantes
707 1194 743 1215 ac
758 1186 861 1215 'etiam
877 1186 1087 1224 approbantes

185 1237 237 1268 sui
259 1247 391 1268 manere
409 1238 551 1268 volentes
569 1239 688 1268 roboris
705 1239 866 1269 firmitate.
886 1241 932 1269 Ac
950 1239 1086 1269 nichilo-

98 1287 144 1326 fitia
155 1297 192 1322 ns
206 1291 357 1321 vassallos
372 1292 442 1331 ejus
456 1293 597 1330 proprios
614 1301 630 1321 a
643 1292 828 1330 juramento
844 1301 906 1331 quo
919 1293 1023 1321 eidem
1043 1295 1086 1322 te-

132 1339 240 1374 'ntur
255 1344 375 1375 astricti
394 1345 551 1383 quamdin
568 1345 637 1384 ipse
653 1345 686 1374 in
706 1345 893 1383 hujusmodi
913 1345 1086 1375 rebellione

96 1405 99 1407 “
145 1397 274 1434 'st-eret,
295 1397 447 1428 vassallos
465 1407 540 1428 vero
557 1398 698 1437 ejusdem
717 1398 849 1428 ecclesie
865 1399 1054 1428 Tridentine
1069 1408 1087 1428 a

148 1455 261 1483 umento
286 1451 428 1490 quolibet
455 1452 516 1490 ipsi
545 1452 722 1490 Maynardo
751 1452 879 1491 prestito
903 1452 943 1481 ab
966 1451 1085 1482 eisdem

196 1513 216 1534 o
230 1504 425 1534 absolvimus
443 1510 474 1535 et
489 1505 692 1535 decrevimus·
709 1505 885 1541 absolutos,
904 1505 1088 1535 inhibentes

196 1558 273 1594 tius,
289 1559 348 1588 sub
363 1567 445 1597 pena
466 1559 772 1589 excomunicationis
787 1568 882 1598 quam
901 1568 936 1589 eo
952 1559 1020 1598 ipso
1040 1560 1089 1588 in-

112 1635 151 1646 ..·⁷
196 1621 213 1642 e
232 1612 396 1642 voluimus
415 1612 592 1651 quemlibet
613 1613 809 1643 eontrarium
832 1617 1086 1652 presumentem,

100 1654 212 1704 'Quis
227 1665 331 1695 eidem
348 1665 526 1704 Maynardo
539 1674 635 1704 super
647 1666 813 1704 premissis
829 1666 879 1695 vel
894 1665 1002 1704 aliquo
1019 1675 1088 1704 pre-

94 1706 259 1751 „ssorum
285 1722 438 1756 prestaret
467 1718 642 1756 auxilium,
671 1719 842 1749 consilium
873 1719 921 1748 vel
949 1719 1087 1749 savorem

93 1771 247 1806 gallienum
263 1772 313 1802 vel
329 1771 501 1803 occultum.
524 1773 562 1802 Et
582 1772 815 1817 nichilominus
835 1772 973 1803 eundem
998 1773 1089 1811 May-

93 1812 131 1864 ’,ι
154 1834 238 1862 ·um‚
261 1830 407 1864 presente
437 1831 512 1856 tunc
540 1825 686 1855 fidelium
710 1826 920 1856 multitudiue
947 1826 1088 1864 copiosa,

94 1883 119 1910 LE.
130 1877 271 1909 'nimus
287 1882 321 1908 nt
336 1879 418 1909 bona
435 1883 465 1908 et
476 1879 550 1918 jura
567 1879 707 1917 predicta
724 1879 826 1909 eidem
844 1879 1001 1918 episcopo,
1018 1879 1090 1908 sub-

113 1937 130 1976 ,ἰ
165 1931 315 1962 dilatione
337 1932 497 1972 qualibet,
519 1932 690 1963 efficaciter
716 1932 871 1971 pleneque
893 1933 1088 1969 restitueret,

98 1976 304 2024 &deputatis
319 1990 374 2015 aut.
389 1985 580 2024 deputandis
593 1994 688 2025 super
699 1985 760 2015 hoc
776 1986 899 2015 nuntiis
914 1986 953 2015 ab
965 1985 1087 2021 eodem,

134 2037 220 2069 infra
231 2037 386 2068 kalendas
401 2039 521 2068 mensis
535 2039 663 2076 augusti
679 2032 823 2077 proximo
837 2038 993 2077 preteriti,
1010 2047 1090 2077 quas

92 2086 255 2135 {JJ-super
277 2091 338 2122 hoc
363 2101 418 2131 pro
441 2092 653 2131 peremptorio
675 2091 911 2130 assignavimus
936 2092 1088 2127 termino,

125 2143 135 2177 Ῐ
149 2152 182 2174 se
196 2145 245 2175 vel
260 2154 315 2184 per
331 2150 567 2185 procuratorem
583 2146 760 2184 ydoneum,
777 2154 849 2175 cum
869 2145 962 2184 pleno
978 2151 1008 2174 et
1022 2145 1088 2174 suf-

92 2194 204 2238 Jenti
219 2198 381 2235 mandato,
398 2199 429 2228 iu
447 2199 584 2228 termino
600 2199 669 2238 ipso
682 2207 786 2228 coram
803 2198 894 2228 nobis
907 2206 1090 2237 comparere

4 252 7 262 ι

4 269 7 298 i

2 302 7 312 ι

4 319 7 349 l

2 375 7 402 ι’

2 428 6 443 Ι

130 2300 221 2345 Ῐ,ἱῑθι·,
239 2313 275 2335 ac
291 2305 408 2335 nostris
425 2309 454 2334 et
471 2305 613 2344 ejusdem
630 2304 714 2334 sedis
730 2304 938 2343 beneplacitis
954 2309 984 2333 et
1002 2312 1090 2333 man-

79 2357 170 2395 ,jtis
183 2357 342 2388 efficacem
360 2358 608 2388 satisfactionem
625 2363 655 2388 et
671 2358 850 2397 plenariam
867 2359 1089 2395 impensurus,

94 2410 226 2450 :joquin
247 2416 357 2442 contra
378 2421 451 2442 eum
471 2411 679 2450 spiritualiter
697 2415 726 2441 et
750 2410 981 2450 temporaliter,
1002 2414 1092 2449 prout

96 2452 266 2497 'feremus
280 2466 453 2504 expediens
471 2470 501 2495 et
515 2465 712 2496 contumatia
727 2465 796 2503 ejus
814 2467 964 2502 exigeret,
982 2472 1090 2502 proce-

97 2546 109 2548 -
137 2526 162 2548 e
174 2526 378 2556 curaremus;
395 2522 501 2558 aperte
519 2519 664 2558 predicet]
673 2521 717 2548 tes
732 2518 834 2548 eidem
849 2518 932 2557 qnod
948 2521 1090 2556 pretextu

94 2561 125 2594 ‘7⁰‘
139 2570 247 2601 tionis
261 2576 292 2601 et
305 2572 433 2602 termini
451 2571 681 2609 assignationis
698 2571 895 2610 hujusmodi,
911 2579 973 2609 que
989 2571 1092 2608 potius

91 2625 240 2663 gratia
255 2634 308 2655 seu
326 2625 548 2655 misericordia
561 2633 656 2664 quam
673 2635 708 2654 ex
722 2624 806 2663 juris
819 2622 1004 2654 necessitate
1021 2632 1092 2662 pro-

97 2680 198 2708 ἵετο
216 2679 446 2716 noscebantur,
467 2688 670 2718 nequaquam
688 2679 815 2708 differre
838 2677 1092 2716 proponebamus

94 2722 142 2764 ζ’
154 2731 248 2760 ettam
265 2731 425 2761 abstinere
440 2732 530 2770 quin,
549 2732 645 2762 etiam
662 2732 728 2770 ipsa
744 2731 898 2760 dilatione
914 2739 949 2760 ac
965 2730 1092 2760 termini

95 2781 302 2820 ignatione
320 2785 552 2823 pendentibus,
574 2790 636 2814 tam
659 2794 694 2814 ex
716 2784 876 2823 preteritis
891 2784 959 2823 ejus
981 2787 1092 2813 contu-

89 2835 210 2874 tiis,
226 2839 406 2870 excessibus
429 2843 460 2868 et
481 2838 610 2868 offensis
633 2847 728 2877 quam
755 2847 790 2867 ex
817 2838 948 2873 suturis,
968 2837 996 2866 si
1015 2845 1094 2875 quos

209 2891 408 2921 committere
429 2892 508 2921 forte
528 2891 742 2929 contingeret,
762 2890 1005 2929 procederemus
1027 2890 1093 2928 spi-

84 2941 248 2982 Qualiter
262 2947 292 2973 et
307 2944 533 2983 temporaliter,
552 2948 644 2983 prout
656 2948 686 2973 et
699 2943 827 2982 quaudo
844 2943 1025 2972 videremus
1041 2951 1092 2971 ex-

83 2988 237 3030 diens,
256 3000 365 3027 contra
381 3007 464 3028 eum.
484 2998 567 3034 Quia
583 3006 656 3027 vero
677 3001 871 3026 memoratus
895 2995 1093 3034 Maynardus

150 2264 153 2277 ι
179 2254 220 2289 et,
236 2260 331 2291 super
347 2252 504 2282 fructibus
517 2257 547 2281 et
561 2251 634 2281 aliis
653 2252 841 2290 supradictis
858 2251 1018 2290 pariturus
1034 2250 1091 2280 hu-
1111 2253 1115 2256 '

647 315 901 359 QUATRtEME
923 313 1080 354 ANNnE.
1103 340 1142 346 -
1167 324 1350 354 LETTRES
1373 325 1596 356 cunlALEs.
2111 330 2167 361 911

1167 399 1226 420 nec
1242 390 1326 420 infra
1345 392 1500 430 predictas
1518 392 1672 423 kalendas
1695 393 1754 423 sibi
1766 417 1773 430 ‚
1790 394 1870 423 sicut
1893 395 2095 433 premittitur,
2113 406 2170 435 pro

1166 445 1378 482 peremptorio
1393 445 1572 483 assignatas
1591 447 1729 476 termino
1750 447 1833 477 bona
1850 452 1881 476 et
1900 448 1973 486 jura
1993 449 2113 486 prefata
2130 450 2169 479 ad

1166 496 1379 536 episcopatum
1394 502 1424 528 et
1437 498 1603 528 ecclesiam
1615 499 1819 530 Tridentinos
1831 500 1985 538 predictos
1998 503 2172 540 spectantia.

1168 548 1259 587 plene
1280 559 1316 580 ac
1341 551 1510 581 efficaciter
1526 553 1690 582 restituere
1715 553 1853 592 sepefato
1876 554 2020 593 episcopo
2041 563 2096 585 seu
2113 555 2170 585 de-

1168 603 1282 640 putatis
1297 603 1337 633 ab
1352 603 1420 642 ipso
1433 613 1526 643 super
1542 605 1601 635 hoc
1616 606 1741 635 nuntiis
1756 615 1819 636 non
1832 607 1955 636 curavit
1967 617 1974 643 3
1988 608 2064 646 quia
2075 608 2171 638 etiam

1169 664 1226 685 nec
1245 665 1299 694 per
1314 665 1347 686 se
1364 666 1467 696 neque
1485 667 1540 696 per
1556 665 1789 697 procuratorem
1808 660 1970 698 ydoneum
1990 670 2063 690 cum
2083 662 2172 692 suffi-

1167 708 1262 737 cienti
1282 709 1431 739 mandato
1448 710 1532 739 infra
1553 711 1727 741 terminum
1747 713 1851 750 ipsum
1873 715 2050 752 comparuit
2066 723 2172 745 coram

1170 761 1271 797 nobis,
1289 771 1384 800 super
1401 763 1556 793 fructibus
1575 768 1604 793 et
1622 766 1829 802 proventibus
1848 767 2002 805 perceptis
2019 777 2054 797 ex
2071 768 2118 798 eis
2136 776 2172 798 ac

1168 813 1207 842 de
1222 813 1371 852 dampnis
1387 819 1416 844 et
1431 816 1562 854 injuriis
1577 817 1616 846 ab
1631 817 1710 855 ipso,
1728 818 1810 847 sicut
1824 819 2010 856 predicitur,
2024 821 2172 858 irrogatis

1169 866 1315 905 episcopo
1339 872 1369 896 et
1399 868 1530 897 ecclesie
1559 869 1729 900 antedictis
1757 876 1787 900 et
1818 870 1889 900 aliis
1916 873 2174 912 quibuscumque

1169 920 1384 957 spectantibus
1401 921 1438 949 ad
1458 922 1613 959 premissa
1629 931 1683 951 seu
1708 931 1837 961 quoquo
1857 925 1951 955 modo
1973 926 2083 955 eadem
2099 935 2173 956 con-

1170 973 1367 1010 tingentibus
1389 975 1505 1004 nostris
1522 980 1552 1004 et
1567 975 1737 1014 apostolice
1755 977 1840 1006 sedis
1865 978 2070 1016 beneplacitis
2092 980 2173 1018 pari-

1171 1030 1259 1055 turus
1276 1026 1444 1056 humiliter
1460 1032 1489 1056 et
1502 1028 1661 1058 efficacem
1679 1028 1928 1059 satisfactionem
1944 1039 1979 1060 ac
1997 1031 2174 1069 plenariam

1169 1080 1390 1118 impensurus,
1417 1081 1522 1119 ipsum
1548 1082 1587 1112 de
1606 1090 1687 1111 novo
1708 1083 1990 1113 excomunicamus
2012 1089 2042 1113 et
2065 1085 2175 1123 hujus-

1171 1132 1256 1162 modi
1274 1142 1454 1171 processum
1476 1139 1621 1164 nostrum
1639 1134 1783 1165 habitum
1804 1142 1912 1166 contra
1929 1137 2023 1166 illum
2040 1139 2176 1168 auctori-

1171 1191 1231 1215 tate
1253 1187 1423 1225 apostolica
1446 1188 1654 1226 innovamus,
1675 1189 1870 1219 ratificamus
1895 1194 1924 1219 et
1945 1191 2041 1220 etiam
2064 1200 2176 1231 appro-

1170 1240 1282 1269 bamus
1311 1250 1347 1270 ac
1374 1241 1407 1270 in
1436 1242 1485 1271 sui
1511 1250 1642 1271 manere
1677 1242 1826 1272 volumus
1859 1244 1981 1273 roboris
2013 1245 2174 1276 firmitate.

1172 1293 1330 1323 Vassallos
1345 1298 1450 1324 autem
1478 1295 1577 1333 ipsius
1596 1295 1740 1334 proprios
1765 1305 1782 1325 a
1801 1297 1985 1335 juramento
2007 1307 2069 1336 quo
2088 1303 2175 1328 tene-

1171 1347 1286 1376 bantur
1314 1347 1416 1376 eidem
1445 1349 1599 1386 quamdiu
1630 1349 1696 1387 ipse
1724 1350 1755 1378 in
1790 1350 1975 1388 hujusmodi
2003 1350 2178 1382 rebellione

1170 1400 1295 1430 duxerit
1320 1401 1573 1439 persistendum.
1599 1403 1750 1433 vassallos
1770 1412 1843 1434 vero
1867 1404 1968 1442 ipsius
1990 1405 2178 1435 Tridentine

1171 1454 1304 1483 ecclesie
1321 1464 1337 1483 a
1353 1456 1536 1493 juramento
1555 1456 1697 1494 quolibet
1715 1457 1834 1494 prefato
1850 1458 2028 1496 Mayuardo
2048 1459 2178 1496 prestito

1169 1508 1209 1537 ab
1230 1508 1350 1537 eisdem
1370 1510 1504 1538 omnino
1524 1509 1720 1539 absolvimus
1736 1515 1766 1539 et
1781 1510 1983 1541 decernimus
2003 1511 2173 1548 absolutos,

1171 1561 1350 1591 inhibendo
1365 1561 1553 1599 districtius,
1576 1563 1634 1592 sub
1653 1572 1733 1601 pena
1755 1565 2060 1595 excomunicationis
2079 1574 2177 1604 quam

1172 1614 1319 1644 volumus
1336 1623 1372 1645 eo
1388 1615 1456 1653 ipso
1474 1616 1640 1645 incurrere
1655 1616 1832 1654 quemlibet
1847 1619 2043 1648 contrarium
2063 1627 2176 1657 presu-

1172 1672 1325 1703 mentem,
1344 1676 1384 1697 ne
1400 1677 1495 1706 super
1511 1669 1677 1706 premissis
1694 1669 1742 1699 vel
1757 1669 1866 1709 aliquo
1882 1672 2110 1710 premissorum
2126 1672 2176 1701 ei—

1172 1720 1244 1750 dem
1261 1721 1439 1759 Maynardo
1456 1721 1620 1759 impendat
1643 1721 1817 1760 auxilium,
1837 1723 2007 1753 consilium
2024 1725 2070 1753 vel
2087 1724 2176 1754 favo-

1173 1782 1238 1802 rem
1251 1773 1415 1812 publicnm
1429 1774 1657 1804 veloccultum.
1672 1775 1707 1804 Et
1720 1775 1950 1806 nichilominus
1962 1778 2176 1816 Maynardum

1172 1827 1293 1864 ipsum,
1312 1832 1457 1864 presente
1475 1827 1534 1857 hac
1553 1828 1762 1858 multitudine
1785 1829 1930 1859 fidelium
1949 1831 2090 1868 copiosa,
2108 1839 2176 1861 mo—

1174 1889 1287 1909 nemus
1303 1884 1335 1909 ut
1354 1881 1433 1909 bona
1446 1881 1584 1920 juraque
1602 1881 1742 1919 predicta
1759 1881 1912 1920 prelibato
1927 1885 2082 1923 episcopo,
2099 1893 2177 1923 qua-

1173 1931 1250 1960 libet
1264 1931 1418 1961 dilatioue
1437 1932 1597 1967 submota,
1615 1934 1783 1963 efficaciter
1801 1940 1829 1963 et
1847 1934 1939 1973 plene
1953 1936 2108 1973 restituat,
2128 1936 2176 1966 vel

1172 1985 1329 2023 deputatis
1344 1990 1399 2015 aut
1422 1986 1610 2024 deputandis
1629 1987 1668 2016 ab
1692 1996 1728 2018 eo
1748 1989 1870 2018 nuntiis
1892 1989 1924 2018 in
1946 1989 2004 2019 hac
2019 1995 2122 2028 parte,
2141 1999 2178 2021 ac

1171 2039 1256 2068 infra
1273 2039 1387 2068 festum
1406 2039 1643 2070 Purificationis
1658 2042 1801 2079 proxime
1817 2047 2004 2079 venturum,
2025 2044 2110 2082 quod
2127 2053 2176 2074 su-

1175 2101 1228 2130 per
1244 2092 1303 2122 hoc
1320 2093 1347 2121 ei
1368 2101 1423 2130 pro
1449 2094 1660 2132 peremptorio
1685 2094 1871 2132 prefigimus
1895 2096 2049 2132 termino,
2070 2106 2124 2134 per
2144 2106 2177 2127 se

1175 2145 1222 2174 vel
1240 2155 1294 2183 per
1309 2151 1544 2184 procuratorem
1562 2147 1739 2185 ydoneum,
1757 2157 1831 2177 cum
1849 2148 1942 2187 pleno
1958 2154 1987 2179 et
2005 2150 2178 2180 sufficienti

1175 2199 1334 2235 mandato,
1352 2199 1384 2228 in
1404 2200 1540 2229 termino
1555 2200 1622 2238 ipso
1639 2207 1818 2239 compareat
1832 2210 1936 2231 coram
1959 2203 2066 2240 nobis,
2085 2212 2179 2242 super

1174 2252 1327 2281 fructibus
1340 2241 1475 2291 aliisque
1495 2253 1642 2291 predictis
1659 2254 1817 2293 pariturus
1831 2255 1998 2285 humiliter
2010 2264 2046 2285 ac
2062 2257 2177 2287 nostris

1174 2311 1204 2333 et
1216 2304 1387 2343 apostolice
1401 2305 1486 2341 sedis
1499 2306 1705 2345 beneplacitis
1717 2312 1747 2336 et
1757 2308 1915 2337 mandatis
1929 2309 2178 2340 satisfactionem

1175 2357 1350 2396 plenariam
1376 2358 1595 2397 impensurus.
1623 2360 1779 2399 Alioquin
1804 2366 1914 2391 contra
1938 2362 2063 2401 ipsum,
2088 2367 2181 2401 prout

1175 2412 1345 2449 expediens
1367 2412 1434 2442 fore
1452 2413 1636 2451 putabimus
1659 2419 1689 2443 et
1706 2415 1906 2444 contumacia
1928 2416 1997 2454 ejus
2021 2416 2176 2454 exegerit,

1174 2468 1277 2493 actore
1298 2464 1446 2499 Domino,
1465 2466 1672 2503 procedemus
1685 2471 1715 2496 et
1730 2467 1886 2498 faciemus
1902 2468 1997 2498 etiam
2014 2477 2179 2507 processus

1176 2521 1300 2547 nostros
1314 2526 1371 2547 con
1379 2523 1424 2548 tra
1433 2527 1505 2548 eum
1524 2519 1645 2550 habitos
1659 2520 1725 2556 nbi,
1738 2521 1867 2559 quaudo
1880 2526 1909 2551 et
1925 2527 2017 2560 prout
2032 2523 2180 2561 expedire

1175 2570 1351 2612 viderimus
1367 2571 1532 2609 publicari.
1547 2574 1663 2611 Aperte
1679 2574 1877 2612 predicentes
1894 2575 1996 2604 eidem
2012 2576 2095 2614 quod
2111 2585 2180 2614 pre-

1178 2629 1262 2653 textu
1279 2623 1442 2654 dilationis
1460 2631 1489 2654 et
1508 2626 1636 2655 termini
1652 2627 1880 2670 assignationis
1896 2628 2096 2666 hujusmodi,
2118 2638 2179 2667 que

1177 2677 1279 2715 potius
1297 2687 1333 2707 ex
1350 2678 1452 2715 gratia
1466 2687 1562 2717 quam
1583 2688 1618 2709 ex
1635 2680 1718 2718 juris
1740 2682 1925 2711 necessitate
1940 2683 2109 2720 procedere
2128 2682 2178 2712 di·

1178 2735 1366 2768 noscuntur,
1395 2740 1598 2771 nequaquam
1627 2733 1754 2763 differre
1779 2735 1984 2773 proponimus
2011 2735 2059 2765 vel
2082 2736 2179 2766 etiam

1175 2785 1334 2813 abstinere
1353 2785 1450 2822 quin,
1467 2785 1561 2814 etiam
1581 2786 1648 2824 ipsa
1664 2786 1816 2816 dilatione
1833 2796 1868 2817 ac
1887 2788 2018 2817 termini
2034 2788 2177 2826 assigna-

1178 2836 1261 2864 tione
1284 2835 1512 2874 pendentibuS‚
1534 2841 1595 2867 tam
1619 2848 1655 2868 ex
1679 2839 1838 2877 preteritis
1862 2841 1930 2879 ejus
1955 2840 2177 2877 contumatiis,

1177 2888 1355 2918 excessibus
1383 2893 1414 2918 et
1436 2889 1568 2919 offensis
1597 2899 1693 2928 quam
1716 2900 1752 2920 ex
1775 2891 1908 2929 futuris,
1927 2893 1952 2921 si
1975 2901 2053 2931 quos
2073 2893 2180 2931 ipsum

1177 2940 1376 2970 committere
1395 2941 1472 2970 forte
1495 2943 1678 2980 contigerit,
1697 2944 1905 2982 procedamus
1923 2945 2131 2983 spiritualiter
2150 2949 2182 2975 et

1178 2993 1403 3030 temporaliter,
1420 3000 1507 3032 prout
1523 2999 1549 3023 nt
1568 2996 1696 3033 quando
1710 2997 1855 3035 expedire
1870 2997 2054 3034 viderimus,
2071 3002 2183 3028 contra.
