2393 3496
764 349 949 380 LETTRES
972 348 1061 378 NON
1084 338 1419 378 ENREGISTREES.

56 420 213 454 residuum
229 418 311 448 dicte
326 425 462 453 summe,
482 416 631 446 videlicet
645 420 774 446 centum
789 416 880 446 milia
895 416 1051 446 librarum

57 472 275 506 turonensium
289 471 467 509 nigrorum,
478 471 512 500 in
524 470 642 509 quibus
655 470 688 499 in
703 470 780 500 festo
789 470 944 500 Omnium
956 469 1054 499 Sanc-

58 533 157 559 torum
177 524 319 564 proximo
344 524 465 560 futuro,
483 523 659 553 secundum
683 523 818 553 sormam
839 523 1054 553 concessionis

59 581 138 612 dicte
152 579 287 613 decime,
306 586 360 616 pro
376 577 515 607 secunda
537 581 567 607 et
585 577 697 607 ultima
713 576 870 607 solutione
885 577 990 606 adbuc
1008 581 1052 606 te-

58 635 142 668 neris
162 633 283 664 solvere
305 641 438 662 romane
456 632 588 662 ecclesie
610 632 807 672 supradicte,
830 632 953 662 dilectis
978 631 1055 661 filiis

58 688 231 720 Lanfranco
255 685 419 721 Anselmi,
447 685 547 715 Baldo
570 685 733 721 Rainerii,
760 685 864 715 Chino
886 689 916 714 et
943 684 1055 715 Mocho

58 740 148 780 Pepi,
167 738 313 769 Conrado
336 737 509 775 Gallegaii,
536 737 671 776 Symoni
699 737 847 767 Anselmi
872 742 902 767 et
926 738 1056 767 Bet-tino

59 791 265 825 Fortibrachii
277 815 284 828 ,
300 791 339 820 de
357 791 504 821 societate
519 790 722 828 Clarentum‚
738 791 863 821 civibus
880 791 1057 820 Pistorien-

61 847 155 882 sibus,
171 854 296 875 camere
312 849 418 874 nostre
434 845 681 880 mercatoribuS,
701 844 750 873 vel
769 844 930 883 aliquibus
947 854 982 873 ex
999 844 1054 881 eis,

60 900 115 931 has
133 899 252 928 litteras
274 897 501 934 deserentibus,
522 902 628 927 nostre
648 901 676 927 et
697 898 835 936 predicte
851 897 982 927 ecclesie
1001 906 1057 927 no-

60 953 162 989 mine,
178 953 211 981 in
227 951 368 990 predicto
386 952 476 987 sesto,
494 951 565 980 sine
582 951 719 989 alicujus
738 951 933 980 difficultatis
950 951 1057 981 obsta-

60 1005 138 1042 culo,
161 1006 206 1035 sic
231 1003 407 1034 liberaliter
428 1009 458 1033 et
479 1003 615 1034 libenter
637 1004 796 1043 persolvas
818 1003 902 1042 quod
924 1003 1059 1041 gratiam

59 1059 201 1098 acquiras
216 1067 253 1087 ex
264 1057 372 1088 debito
388 1062 417 1087 et
433 1066 470 1087 ex
488 1057 599 1087 affectu
620 1057 839 1087 commendari
855 1057 957 1086 valeat
972 1057 1059 1094 regia

59 1111 245 1143 celsitudo...
267 1111 332 1140 Nos
357 1111 444 1141 enim
469 1110 646 1140 venerabili
667 1110 757 1140 fratri
781 1115 887 1140 nostro
906 1110 950 1143 S..
974 1111 1058 1149 epis-

59 1169 132 1204 cop'o
155 1164 341 1201 Parisiensi,
370 1164 511 1193 faciendi
540 1163 596 1193 tibi
623 1163 751 1202 plenam
779 1163 1001 1193 refutationem
1030 1168 1061 1192 et

60 1217 283 1258 quietationem
311 1217 473 1255 ydoneam
501 1217 540 1246 de
561 1217 748 1255 hujusmodi
776 1222 905 1246 centurn
930 1216 1060 1246 milibus

59 1271 208 1302 librarum
235 1270 471 1306 turonensium,
497 1274 662 1309 postquam
689 1279 707 1299 a
737 1273 764 1299 te
792 1270 913 1300 fuerint
938 1270 1060 1299 eisdem

59 1323 282 1354 mercatoribus
295 1328 402 1353 nostro
418 1327 449 1353 et
465 1323 582 1362 prefate
598 1323 729 1353 ecclesie
743 1324 876 1353 nomine
890 1322 1059 1362 persolute,

59 1376 183 1417 plenam
198 1385 253 1414 per
269 1375 348 1406 alias
366 1381 491 1406 nostras
507 1376 627 1406 litteras
643 1377 848 1406 concedimus
865 1375 1059 1406 facultatem.

61 1429 128 1461 Dat.
145 1429 228 1468 apud
241 1429 515 1465 Urbemveterem‚
533 1439 567 1458 ιιι
585 1438 687 1459 nonas
702 1430 840 1467 augusti,
859 1429 1061 1467 pontificatus

61 1482 156 1513 nostri
169 1490 254 1512 anno
269 1486 390 1521 quarto.
412 1493 424 1509 n

131 1675 246 1703 ⁸²:380

98 1737 199 1765 Contra
214 1737 377 1763 detentores
394 1737 479 1763 castri
493 1736 632 1763 Arronne.
644 1736 744 1770 (Auen.
761 1735 841 1765 VAT..
856 1737 930 1763 Cart.
943 1737 970 1763 S.
985 1738 1064 1769 Any„

65 1785 144 1822 XIII,
159 1795 207 1820 vn,
225 1786 262 1819 3.)

636 1674 766 1708 Orvieto,
787 1674 816 1700 10
832 1676 899 1700 aout
916 1674 993 1701 1291.
1044 1704 1046 1707 .

102 1903 208 1932 Dilecto
223 1902 287 1939 filio
302 1903 450 1938 mayislro
459 1902 609 1939 Raynerio
625 1902 659 1930 de
671 1902 759 1937 Pisis,
771 1902 899 1931 ducatus
912 1902 1067 1939 Spolecani

65 1957 181 1992 rectori,
195 1956 316 1984 notai-[o
331 1959 446 1990 nostro,
459 1955 505 1983 vel
521 1955 585 1992 ejus
601 1955 726 1983 vicario.
747 1954 782 1983 Ei
800 1954 930 1983 mandat
946 1958 990 1990 ut,
1005 1953 1067 1982 nisi

67 2030 88 2039 ..
108 2011 261 2047 potestas,
287 2007 460 2037 consilium
487 2010 517 2037 et
544 2015 715 2037 commune
740 2007 901 2045 Spoletani
927 2011 1066 2036 castrum

65 2061 222 2096 Arronae,
241 2060 280 2090 ad
299 2068 466 2090 romanam
485 2059 652 2090 ecclesiam
672 2061 854 2099 pertinens,
872 2060 955 2098 quod
973 2068 1068 2089 occu-

65 2106 170 2154 patum
190 2114 351 2150 detinent,
374 2113 460 2143 infra
481 2113 593 2142 decem
616 2113 684 2143 dies
707 2113 844 2142 liberum
867 2113 896 2142 ei
919 2113 1069 2142 restitue-

65 2167 144 2205 rint,
159 2167 231 2197 illos
246 2167 399 2197 omnibus
415 2166 607 2205 privilegiis,
625 2166 853 2205 indulgentiis,
870 2166 1070 2197 libertatibus

67 2224 98 2252 et
109 2220 368 2251 immunitatibus
384 2220 429 2250 eis
444 2229 462 2250 a
478 2221 551 2250 sede
569 2220 739 2259 apostolica
757 2221 915 2250 concessis
931 2221 1070 2259 privatos

67 2274 231 2304 denuntiet
249 2277 280 2304 et
296 2273 335 2303 ad
353 2274 554 2304 exactionem
578 2273 688 2304 decem
713 2273 841 2303 milium
863 2273 1070 2303 marcharum

68 2327 189 2366 argenti
205 2326 384 2366 compellat.

109 2392 122 2408 α
140 2380 268 2410 Dudum
289 2379 329 2410 ad
346 2379 583 2410 audientiam...
606 2396 645 2402 --
663 2380 735 2410 Dat.
759 2379 843 2418 apud
865 2379 1073 2410 Urbemvete-

70 2442 147 2472 rem‚
165 2444 213 2463 1111
228 2434 301 2464 idus
316 2433 457 2471 augusti,
476 2433 680 2472 pontificatus
697 2433 798 2464 nostri
812 2441 898 2463 anno
915 2437 1038 2472 quarto.
1059 2445 1072 2460 x>

140 2632 251 2661 '2381
647 2631 773 2663 Orvieto‚
792 2631 824 2659 18
843 2633 911 2659 aout
927 2632 1005 2660 1291.

105 2693 214 2729 Regem
237 2694 373 2721 Franciae
389 2697 471 2728 rogat
486 2693 521 2720 de
542 2693 648 2720 unione
669 2694 803 2721 ordinum
819 2694 1079 2729 Hospitalariorum

73 2745 101 2770 et
115 2742 340 2778 Templariorum
357 2742 515 2769 deliberare
535 2745 564 2768 et
582 2742 651 2777 quid
669 2742 812 2777 agendum
829 2746 946 2769 censeat
961 2743 1017 2770 sibi
1033 2752 1080 2770 re-

73 2791 206 2819 scribere.
224 2791 326 2825 (Ancs.
341 2790 426 2824 Nn„
441 2790 470 2825 J,
483 2790 546 2822 341,
564 2791 619 2823 40.)

115 2908 276 2937 Carissimo
289 2908 323 2936 in
339 2907 458 2936 Christo
475 2907 540 2944 ficio
557 2929 577 2936 ..
595 2907 660 2944 reqi
673 2907 804 2937 Francie
822 2908 951 2937 illustri.

117 2972 130 2988 ι
149 2960 225 2991 Dira
240 2961 337 2990 nimis
349 2964 415 2990 et...
429 2975 470 2984 —
484 2960 556 2989 Dat.
572 2959 657 2998 apud
675 2960 948 2998 Urbemveterem‚
968 2971 1008 2991 xv
1023 2961 1081 2992 ka-

76 3011 185 3044 lendas
200 3014 399 3053 septembris,
419 3013 624 3052 pontificatus
640 3013 740 3043 nostri
758 3022 844 3044 anno
862 3019 985 3053 quarto.
1005 3027 1019 3042 »

2068 346 2141 376 1015

1209 414 1323 442 '2382
1639 413 1765 447 Orvieto,
1783 413 1798 439 2
1813 412 1976 447 septembre
1994 412 2071 440 1291.

1170 475 1338 510 Benedicto,
1351 476 1449 502 Sancti
1465 476 1574 502 Nicolai
1591 476 1619 502 in
1636 475 1757 503 Carcere
1772 475 1901 502 Tulliano
1917 474 2036 501 diacono
2050 475 2144 502 cardi-

1136 525 1201 556 nali,
1221 525 1352 552 concedit
1370 529 1414 558 ut,
1431 526 1456 551 si
1471 525 1663 560 episcopalem
1681 525 1850 560 dignitatem
1866 524 2075 559 assumpserit,
2093 524 2144 551 be-

1136 574 1237 600 neficia
1253 573 1381 601 detinere
1397 574 1489 609 possit
1503 582 1576 608 quae
1597 577 1726 606 tempore
1746 573 1934 608 promotionis
1950 581 2020 599 suae
2041 581 2144 608 posse-

1136 622 1220 650 derit.
1237 622 1338 653 (ΑΜΕ.
1359 622 1441 656 Vn„
1458 624 1530 650 Bull.
1547 631 1620 656 qen„
1636 626 1657 649 t.
1674 622 1698 655 Ι,
1716 630 1746 649 nv
1760 623 1817 652 26.)

1178 725 1285 753 Dilecto
1310 725 1375 760 silio
1398 725 1571 759 Benedicta,
1596 725 1702 754 Sancti
1724 725 1843 754 Nicolai
1867 726 1901 753 in
1924 725 2047 754 Care-ere
2072 725 2145 754 Tul-

1140 778 1223 806 liano
1239 778 1364 806 diacono
1381 778 1547 806 cardinali.

1181 842 1195 857 (ι
1213 830 1257 859 Ex
1276 839 1414 868 superna
1433 830 1668 869 providentia...
1690 847 1726 853 —
1743 831 1815 860 Dat.
1831 831 1915 870 apud
1931 831 2145 861 Urbemvete-

1140 891 1225 919 rem‚
1257 892 1303 912 1111
1331 892 1431 913 nonas
1459 884 1666 922 septembris,
1694 884 1897 922 pontificatus
1925 884 2025 914 nostri
2062 893 2148 914 anno

1141 941 1262 974 quarto.
1284 948 1296 962 ι»

1214 1120 1331 1149 ’ἵ383

1180 1182 1222 1208 De
1243 1183 1344 1209 eodem
1359 1182 1484 1216 negotio.
1503 1182 1605 1215 (Anca.
1624 1182 1708 1216 Van,
1727 1184 1799 1209 Bull.
1815 1191 1888 1216 qen„
1905 1186 1927 1210 t.
1942 1182 1965 1214 Ι,
1983 1189 2014 1208 no
2029 1182 2084 1215 c25.)

1644 1120 1772 1151 Orvieto,
1790 1120 1806 1147 ‘2
1822 1120 1985 1155 septembre
2001 1120 2078 1147 1291.

1183 1286 1303 1314 Dz'leclis
1319 1286 1394 1322 filiis
1411 1307 1432 1315 ..
1449 1284 1554 1314 Sancti
1579 1285 1668 1314 Pauli
1689 1286 1723 1314 de
1749 1286 1822 1314 Urbe
1843 1290 1870 1314 el
1887 1286 1991 1315 Sancti
2009 1286 2154 1314 Germani·

1144 1340 1178 1368 de
1192 1339 1295 1367 Pratis
1311 1339 1492 1367 Partstensz's
1507 1340 1767 1368 monasteriorum
1787 1340 1942 1368 abbatibus
1960 1347 1993 1368 ac
2008 1361 2028 1368 ..
2043 1340 2153 1368 decano

1144 1393 1258 1421 ecclesie
1277 1392 1461 1420 Par-islensis
1480 1391 1610 1420 mandat
1637 1396 1680 1427 ut,
1709 1400 1783 1421 cum
1813 1391 2018 1428 Benedictus,
2045 1392 2155 1421 Sancti

1146 1444 1273 1474 Nicolai
1300 1445 1334 1473 in
1361 1444 1495 1474 Carcere
1527 1444 1677 1474 Tulliano
1706 1444 1859 1474 diaconus
1891 1444 2084 1479 cardinalis,
2114 1443 2156 1473 ad

1145 1497 1355 1536 episcopalem
1380 1497 1569 1535 dignitatem
1595 1498 1775 1535 promoveri
1801 1506 1834 1526 se
1857 1497 1985 1533 fecerit,
2015 1506 2089 1526 eum
2116 1496 2156 1526 de

1146 1552 1297 1582 omnibus
1319 1551 1483 1580 beneficiis
1503 1560 1586 1589 quae
1610 1555 1749 1589 tempore
1769 1551 1978 1588 promotionis
1998 1550 2155 1580 obtinebit

1146 1605 1277 1644 pacifica
1293 1605 1490 1643 possessione
1509 1605 1647 1642 gaudere
1661 1627 1668 1640 ,
1688 1605 1780 1643 eique
1799 1605 1918 1634 fructus
1936 1609 1966 1633 et
1985 1608 2154 1643 proventus

1147 1668 1260 1689 eorum
1285 1658 1465 1688 ministrari
1490 1658 1629 1694 faciant,
1656 1658 1811 1688 beneficia
1833 1662 1938 1687 autem
1961 1667 2042 1696 quae
2067 1665 2155 1686 nunc

1148 1712 1288 1751 possidet
1305 1716 1381 1741 sunt
1399 1721 1405 1740 :
1422 1712 1713 1742 Archidiaconatus
1732 1712 1770 1741 de
1790 1712 1887 1741 Barro
1904 1711 1937 1740 in
1956 1710 2157 1748 Lingonensi

1149 1770 1180 1795 et
1197 1765 1235 1795 de
1251 1765 1390 1795 Pissiaco
1414 1765 1449 1794 in
1466 1764 1654 1794 Carnotensi
1677 1764 1838 1801 ecclesiis,
1859 1764 1992 1794 ecclesia
2013 1764 2052 1793 de
2069 1763 2156 1793 Tho-

1149 1823 1306 1855 Wetestre,
1320 1818 1535 1856 Lingoneusis
1548 1818 1701 1848 dioecesis
1711 1829 1716 1854 ;
1728 1818 1853 1848 abbatia
1866 1817 2040 1847 saecularis
2053 1816 2157 1847 eccle-

1151 1873 1215 1902 siae
1234 1872 1344 1902 Sancti
1360 1872 1514 1910 Stephani
1533 1872 1572 1901 de
1590 1872 1716 1907 Alatro;
1735 1872 1942 1901 canonicatus
1958 1874 1987 1900 et
2003 1871 2158 1910 praeben-

1150 1926 1208 1956 dae
1224 1927 1258 1955 in
1276 1925 1486 1963 Lingonensi,
1505 1925 1709 1960 Cat-notensi,
1728 1924 1948 1962 Lugdunensi,
1968 1924 2156 1961 Parisiensi,

1150 1980 1344 2017 Anagnina,
1370 1978 1545 2008 Tudertina
1570 1983 1600 2008 et
1624 1978 1734 2008 Sancti
1751 1978 1946 2013 Audomari,
1966 1977 2161 2006 Morinensis

1151 2032 1305 2062 dioecesis
1316 2055 1323 2068 ,
1344 2032 1487 2061 ecelesiis
1503 2036 1532 2060 et
1548 2032 1680 2061 basilica
1699 2031 1809 2061 Sancti
1826 2031 1911 2060 Petri
1927 2030 1966 2059 de
1984 2030 2086 2067 Urbe;
2107 2038 2160 2059 ec-

1151 2086 1247 2116 clesia
1263 2085 1398 2115 Sanctae
1415 2085 1560 2122 Agathae
1579 2085 1613 2113 in
1631 2084 1775 2114 Suburra
1790 2089 1820 2114 et
1837 2084 1952 2113 domus
1967 2084 2034 2113 sive
2050 2082 2160 2120 hospi-

1154 2139 1232 2168 tium
1255 2138 1407 2168 ecclesiae
1433 2140 1621 2168 Sanctorum
1636 2138 1779 2174 Quatuor
1796 2138 1834 2166 de
1853 2138 1940 2167 Urbe
1958 2137 1988 2166 ei
2007 2136 2047 2166 ad
2063 2136 2162 2165 vitam

1153 2201 1242 2222 suam
1266 2200 1436 2226 concessa;
1457 2191 1590 2221 ecclesia
1608 2191 1717 2221 Sancti
1738 2191 1862 2221 Nicolai
1881 2192 1914 2220 in
1933 2190 2068 2220 Carcere
2085 2189 2161 2219 Tul-

1153 2246 1257 2281 liano3
1273 2245 1425 2275 ecclesiae
1437 2245 1545 2274 Sancti
1557 2244 1675 2282 Angeli
1689 2244 1724 2273 in
1736 2244 1817 2274 Foro
1834 2244 1972 2283 piscium
1989 2248 2019 2273 et
2029 2243 2163 2273 Sanctae

1156 2299 1323 2328 Susannae
1339 2298 1377 2327 de
1394 2298 1491 2327 Urbe.

1198 2363 1211 2378 α
1239 2351 1282 2380 Ex
1307 2359 1444 2389 superna
1469 2351 1706 2389 providentia...
1730 2367 1768 2372 —
1788 2350 1859 2379 Dat.
1881 2349 1965 2389 apud
1983 2349 2164 2379 Urbemve-

1157 2409 1273 2441 terem‚
1300 2413 1345 2433 1111
1371 2412 1472 2434 nonas
1498 2404 1703 2443 septembris,
1729 2404 1931 2442 pontificatus
1955 2401 2056 2432 nostri
2078 2410 2165 2431 anno

1156 2462 1280 2497 quarto.
1301 2469 1314 2484 ¹>

1232 2644 1348 2672 2384

1197 2706 1308 2741 Regem
1327 2705 1463 2732 Franciae
1480 2709 1561 2740 rogat
1576 2706 1696 2744 liberare
1713 2709 1888 2732 mercatores
1904 2705 2035 2732 italianos
2050 2712 2123 2739 quos
2138 2704 2168 2731 in

1161 2763 1275 2781 carcere
1291 2754 1408 2780 detinet.
1426 2754 1528 2787 (Auen.
1546 2753 1629 2786 Nun,
1646 2754 1675 2788 J,
1691 2754 1755 2788 700,
1773 2754 1828 2787 88.)

1707 2642 1835 2677 Orvieto,
1854 2642 1868 2669 3
1883 2643 2001 2670 octobre
2019 2642 2096 2669 1291.

1204 2857 1368 2886 Carissimo
1385 2857 1417 2886 in
1435 2857 1550 2886 Christo
1565 2856 1630 2893 filio
1645 2856 1801 2894 phylippo,
1815 2857 1881 2893 reqi
1895 2856 2023 2885 Francz'e
2039 2854 2167 2884 illustri.

1166 2923 1178 2937 α
1198 2910 1328 2939 Pridem
1348 2909 1387 2938 ad
1407 2909 1577 2948 apostolice
1593 2910 1676 2940 sedis
1700 2909 1846 2939 notitiam
1866 2909 1977 2939 crebra
1994 2908 2172 2937 multorum

1163 2964 1338 2993 assertione
1358 2963 1508 3002 perducto
1525 2963 1610 3002 quod
1628 2968 1820 2993 mercatores
1836 2962 1928 2992 Italie
1955 2962 1987 2991 in
2009 2961 2101 2999 regni
2126 2960 2173 2991 tui

1165 3017 1307 3056 partibus
1330 3019 1563 3046 commorantes
1585 3020 1615 3047 et
1637 3016 1719 3046 bona
1741 3016 1885 3054 ipsorum
1907 3014 2062 3045 celsitudo
2084 3014 2174 3052 regia
