2393 3496
671 373 807 403 TABLE
830 363 1162 409 ALPHABETIQUE
1186 373 1265 403 DES
1287 374 1405 404 NOMS
1429 350 1634 405 PnOPRES.
2125 377 2198 407 1159

147 437 236 473 4595,
254 437 343 475 7398,
361 437 437 468 7599
449 450 455 473 ;
468 456 506 460 -
520 448 564 469 66.
582 439 614 469 S.
633 440 824 478 Margaritae
842 440 936 477 26293
953 456 991 462 —
1011 448 1056 470 eo.
1077 439 1109 469 S.

149 490 269 519 Mariae
287 490 395 521 Novae
414 492 501 521 5746.

111 543 318 581 Eugubinum
335 553 421 574 mon.
440 545 472 575 S.
491 547 576 576 Petri
595 546 685 584 1325,
707 547 791 582 1326,
813 547 898 584 1790,
917 547 1004 583 4835,
1023 547 1111 583 5691,

116 614 123 626 1.
151 595 239 632 6399,
259 596 356 634 7398;
373 615 410 619 ——
427 607 514 629 mon.
532 599 564 629 S.
582 600 691 630 Jacobi
708 605 793 630 extra
809 609 916 630 muros
933 600 1019 631 3355.

111 649 302 687 Eugubinus
322 651 486 690 episcopus
507 651 559 689 23,
586 653 674 689 2176,
699 653 787 690 2177,
814 653 998 689 4313-4384,
1018 652 1112 689 7223,

98 714 101 718 ι
148 701 237 739 7398,
255 704 343 738 7487,
362 704 449 734 7563.

112 755 259 793 Eugubio
273 756 408 795 (Paulus
424 758 540 788 Acerbi
560 758 624 798 de),
642 759 899 798 archipresbyter
921 767 967 788 ec.
989 759 1020 788 S.
1047 759 1114 788 Ma-

148 809 215 838 riae
231 809 269 839 de
284 810 398 848 Carpo,
420 811 613 841 Mutinensis
628 812 658 841 d.
677 812 858 842 5779-5781.

109 862 293 900 Eugubium
320 863 415 899 2698;
441 863 554 903 —(ec.
585 864 616 894 S.
646 864 790 894 Gervasii
814 864 923 903 prope)
949 864 1046 901 47743
1077 882 1114 886 -

149 915 250 955 (mon.
266 916 321 946 SS.
339 915 451 946 Clarae
470 922 499 946 et
516 917 714 947 Katherinae
733 918 840 957 prope)
856 918 949 955 5745;
963 935 1000 940 -
1015 919 1113 956 (mon.

149 968 182 999 S.
202 969 322 998 Mariae
337 969 376 998 de
394 969 545 999 Paradiso
563 970 672 1010 prope)
688 970 775 1001 2036.

110 1021 280 1051 Eukesbiri
297 1023 352 1060 (ec.
370 1022 434 1061 de),
456 1022 693 1053 Wintoniensis
709 1023 740 1053 d.
759 1024 846 1053 6393.

109 1074 233 1104 Eulalia
246 1074 306 1114 (ec.
323 1073 362 1104 de
381 1074 440 1114 S.)‚
465 1075 650 1105 Parmensis
664 1076 695 1106 d.
713 1076 802 1106 6647.

109 1126 250 1157 Eulaliae
271 1127 400 1166 (domus
422 1127 470 1167 S.)
488 1128 527 1158 de
553 1129 697 1159 Mercede
713 1129 918 1169 Captivorum
938 1129 1114 1160 Barchino—

147 1180 260 1210 nensis
276 1181 366 1211 5665.

108 1233 252 1264 Eulaliae
266 1234 325 1274 (ec.
344 1234 392 1274 S.)
407 1244 503 1275 prope
519 1236 752 1272 Lezinhannm,
764 1237 969 1276 Agennensis
982 1237 1010 1266 d.
1025 1236 1112 1267 4823.

107 1287 252 1318 Eulaliae
265 1287 324 1327 (ec.
342 1288 388 1325 S.)
405 1288 443 1318 de
458 1289 637 1319 Parietibus
650 1289 688 1319 de
704 1290 766 1325 Na,
779 1289 967 1320 Palentinae
981 1290 1010 1319 d.
1025 1289 1113 1320 6390.

108 1341 258 1371 Eunufrii
273 1341 377 1380 (hosp.
395 1341 593 1381 leprosorum
612 1342 661 1381 S.)
682 1342 721 1372 de
745 1342 902 1380 Sublacu,
929 1343 1116 1373 Tiburtinae

125 1394 177 1438 .d·
197 1394 284 1424 2870.

108 1448 248 1478 Eusanio
265 1448 325 1488 (ec.
344 1448 383 1478 de
402 1448 461 1488 S.)‚
479 1448 666 1487 Aquilensis
682 1449 712 1478 (1.
731 1449 798 1479 400.

109 1501 239 1530 Eusebii
252 1500 312 1540 (ee.
329 1500 387 1541 S.).
405 1501 453 1531 Cf.
474 1502 572 1532 Urbe.

110 1554 240 1584 Eusebii
258 1554 358 1593 (prior
373 1554 418 1593 S.)
436 1555 710 1585 Autisiodorensis
730 1555 816 1586 1633.

92 1607 242 1641 ‚Eusebii
256 1606 357 1646 (mon.
380 1607 428 1646 S.)
445 1613 533 1638 extra
558 1617 666 1638 muros
695 1609 806 1639 famosi
832 1609 925 1638 castri
944 1609 1115 1647 Sagnonis,

150 1661 304 1699 Aptensis
320 1660 350 1690 d.
369 1661 456 1690 2840.
476 1661 522 1691 Cf.
543 1661 570 1691 le
587 1662 726 1691 suivant.

112 1713 376 1752 Eusebio-(mon.
403 1714 442 1744 de
467 1714 526 1754 S.)‚
553 1715 704 1754 Aptensis
728 1715 759 1745 d.
784 1715 852 1745 791.
879 1715 928 1746 Cf.
955 1715 984 1745 le
1010 1717 1118 1755 prece-

151 1766 239 1797 dent.

114 1819 249 1850 Eusebio
263 1819 368 1859 (hosp.
388 1820 586 1860 leprosorum
608 1821 640 1852 S.
657 1822 767 1852 Jacobi
783 1821 822 1852 de
838 1821 896 1861 S.)‚
916 1822 1118 1852 Florentiuae

151 1873 181 1902 d.
199 1872 287 1903 3923.
305 1873 354 1904 Cf.
373 1873 403 1903 16
419 1874 558 1904 suivant.

112 1926 285 1956 Eusebium
308 1926 412 1966 (hosp.
446 1927 478 1957 S.
506 1927 617 1957 Jacobi
641 1927 680 1957 ad
705 1927 754 1966 S.)
777 1927 890 1957 domus
919 1927 1117 1966 leprosorum

148 1980 237 2018 juxta
254 1979 447 2010 Florentiam
469 1980 556 2011 4528.
574 1980 621 2011 Cf.
640 1980 669 2010 le
685 1981 865 2020 precedent.

110 2032 273 2063 Eustachii
289 2033 428 2072 (diaconi
444 2034 623 2064 cardinales
639 2033 697 2073 S.).
713 2034 761 2064 Cf.
778 2033 1030 2072 Alebrandinus,
1043 2035 1117 2065 Jor—

96 2094 98 2097 ·
149 2086 263 2123 danus,
281 2087 407 2117 Petrus.

109 2139 273 2169 Eustachii
297 2140 369 2179 (66.,
388 2149 490 2178 mon.‚
509 2141 595 2179 plebs
616 2140 674 2179 S.).
698 2140 744 2170 Cf.
770 2140 974 2175 Fontanella,
1001 2140 1117 2170 Nervi-

115 2202 118 2204 ·
148 2194 206 2229 sia,
228 2182 327 2230 Urbe,
343 2194 502 2225 Venetiis.

109 2246 282 2277 Eustachio
296 2246 401 2287 (Oddo
416 2247 453 2278 de
472 2247 520 2288 S.)
536 2248 574 2278 de
591 2247 678 2278 Urbe
695 2247 782 2277 4915.

110 2299 312 2337 Eustachius,
331 2300 586 2331 constantiensis
602 2302 765 2340 episcopus
783 2302 851 2337 255,
870 2301 938 2336 256,
958 2300 1047 2330 2670.

109 2352 309 2390 1116516611165,
327 2354 493 2390 (11660665,
510 2358 614 2384 custos
629 2354 739 2384 altaris
759 2354 791 2384 S.
808 2354 969 2384 Johannis
987 2354 1115 2393 Baptis-

150 2410 198 2436 tae
214 2407 248 2435 in
266 2415 310 2436 ec.
324 2406 532 2443 Cardonensi,
550 2407 757 2437 Treverensis
769 2407 800 2436 d.
820 2407 908 2437 1581.

110 2458 312 2496 Eustachius,
329 2459 415 2489 filius
434 2459 592 2490 Guidonis
608 2460 646 2490 de
663 2459 796 2490 Polenta
812 2459 900 2489 7294.

109 2512 300 2542 Eustachius
328 2512 367 2542 de
398 2513 631 2550 Grandicuria,
661 2513 784 2543 archid.
818 2513 856 2542 de
885 2512 973 2543 Ocha
1002 2513 1034 2542 iu
1066 2521 1112 2542 ec.

109 2777 158 2813 F„
175 2777 349 2816 Burgensis
365 2779 541 2817 episcopus.
560 2777 608 2808 Cf.
627 2778 827 2808 Fernandus.

108 2829 157 2868 F„
174 2830 397 2861 Urbevetanus
413 2831 590 2870 episcopus.
609 2831 654 2861 Cf.
674 2831 874 2861 Franciscus.

109 2882 158 2918 F..
174 2883 364 2922 Yporiensis
383 2884 513 2914 electus.
533 2884 580 2914 Cf.
599 2884 799 2914 FredericuS.

108 2935 157 2973 F„
174 2937 271 2966 abbas
288 2946 374 2967 mon.
390 2937 422 2967 S.
439 2938 604 2967 Laurentii
618 2940 651 2967 in
665 2937 794 2976 Campo.
809 2936 858 2967 Cf.
874 2935 1076 2966 Franciscus.

109 2988 158 3026 F„
175 2990 237 3020 dux
254 2990 481 3029 Lothoriugiae
501 2991 586 3021 1641.

111 3041 301 3073 Fabariense
318 3052 407 3074 mon.
426 3044 516 3074 7470.

1235 440 1430 475 Ebroicensi,
1443 443 1890 481 conservatorprivilegiorum
1904 443 2126 474 Universitatis
2142 444 2199 473 Pa-

1235 493 1378 523 risiensis
1395 494 1483 531 5858,
1501 495 1588 534 6541,

1196 545 1313 575 Eustici
1330 546 1430 585 (mon.
1449 547 1495 586 S.)
1512 548 1549 578 de
1569 549 1697 585 Nursia,
1715 549 1905 589 Spoletanae
1920 549 1951 580 d.
1969 549 2057 579 5761.

1196 598 1340 629 Eutherii
1356 599 1449 638 (cella
1466 601 1514 640 S.)
1529 602 1611 640 apud
1630 607 1768 632 castrum
1786 603 1870 633 Brad
1887 603 1955 633 526.

1198 652 1338 691 Eutropii
1356 653 1414 691 (ec.
1433 654 1480 694 S.)
1498 656 1719 685 Aurasicensis
1737 655 1821 693 1063,
1839 656 1926 686 6113.

1198 705 1273 741 Eva,
1292 715 1369 735 uxor
1385 707 1515 736 Roberti
1531 708 1569 737 de
1586 708 1731 745 Tilbotot‚
1752 709 1970 739 Norwicensis
1987 709 2018 739 d.
2036 709 2124 739 4490.

1198 757 1273 794 Eva,
1291 759 1356 788 filia
1373 759 1513 790 Thomae
1529 761 1590 789 filii
1607 761 1708 790 David
1726 761 1815 792 3347.

1199 810 1263 839 Eva
1279 811 1445 849 Kemraes,
1464 814 1667 843 Meneveusis
1683 815 1713 844 d.
1732 815 1822 845 2911.

1198 863 1263 893 Eva
1282 864 1428 895 Wemiae
1445 866 1532 896 6051.

1199 917 1373 948 Evansiaco
1391 920 1445 955 (66.
1466 919 1501 949 Β.
1521 919 1640 949 Mariae
1658 920 1717 957 de),
1737 921 2009 959 Petragoricensis
2025 923 2056 952 d.
2074 922 2143 952 289.

1199 970 1335 1000 Evazara
1349 971 1409 1010 (ec.
1429 973 1464 1001 B.
1485 973 1605 1002 Mariae
1621 974 1682 1011 de),
1700 974 1887 1005 Tiburtinae
1904 975 1934 1004 d.
1952 974 2038 1005 3459.

1198 1023 1325 1053 Evenus
1341 1023 1439 1063 Phily
1454 1025 1492 1054 de
1509 1025 1540 1055 S.
1560 1026 1699 1062 Nicasio,
1715 1027 1960 1066 Corisopitensis
1977 1028 2006 1057 d.
2026 1028 2113 1058 2573.

1198 1075 1349 1105 Everardi
1359 1077 1637 1116 (Bartholomaeus
1648 1079 1812 1118 Thomae),
1822 1079 1956 1110 clericus
1968 1081 2201 1111 Loudoniensis

1238 1128 1325 1159 6305.

1196 1182 1386 1219 EverarduS,
1404 1192 1508 1214 606165
1524 1184 1562 1213 (16
1580 1185 1691 1215 Marka
1707 1185 1796 1215 2148.
1814 1185 1862 1216 Cf.
1879 1186 2074 1217 Guerardus.

1198 1234 1401 1265 Everhardus
1416 1236 1519 1266 dictus
1536 1237 1753 1274 Nachtraven,
1768 1238 1879 1268 consul
1895 1239 1933 1268 de
1946 1239 2102 1270 Rocstoch
2112 1239 2200 1270 7463.

1199 1287 1361 1317 Everstem
1377 1288 1577 1327 (Bernardus
1595 1289 1658 1327 de),
1678 1291 1918 1321 commendator
1935 1291 2048 1321 domus
2067 1291 2203 1322 militiae

1238 1340 1362 1380 Templi
1377 1341 1411 1371 in
1430 1341 1586 1372 Berekem
1604 1343 1690 1372 6096.

1200 1394 1357 1424 Evesham
1372 1395 1473 1433 (mon.
1491 1395 1543 1434 de)
1560 1397 1626 1427 235.
1645 1396 1692 1426 Cf.
1711 1397 1740 1427 le
1759 1398 1898 1427 suivant.

1200 1447 1407 1477 Eveshamiae
1443 1458 1529 1478 mon.
1558 1449 1588 1479 S.
1616 1450 1743 1487 ngini
1761 1475 1766 1487 ‚
1795 1451 2030 1489 Wigorniensis
2058 1451 2088 1481 d.
2113 1451 2200 1482 6211.

1239 1500 1286 1530 Cf.
1307 1500 1335 1530 le
1354 1501 1534 1539 precedent.

1201 1553 1325 1582 Evurtii
1340 1553 1440 1592 (mon.
1459 1553 1507 1593 S.)
1523 1555 1756 1585 Aurelianense
1773 1556 1842 1596 979,
1859 1557 1944 1586 1947.

1200 1606 1372 1643 Ewardus,
1396 1607 1492 1636 abbas
1517 1617 1603 1637 mou.
1627 1609 1905 1647 Aquicinctensis,
1930 1610 2148 1640 Atrebatensis
2171 1610 2200 1640 d.

1241 1658 1330 1688 2916.

1200 1713 1344 1751 Exaquio
1363 1713 1419 1749 (ec.
1444 1712 1476 1742 S.
1497 1713 1680 1751 Oportunae
1698 1714 1761 1753 de),
1781 1714 2033 1746 Constantiensis
2055 1716 2085 1746 d.
2107 1716 2202 1753 3835;

1239 1781 1278 1788 —
1292 1764 1394 1804 (mon.
1409 1765 1440 1795 S.
1454 1766 1620 1796 Trinitatis
1635 1767 1684 1804 de)
1698 1767 1785 1802 2905,
1802 1768 1889 1805 3541,
1906 1767 1992 1806 3542,
2010 1768 2098 1806 3740,
2113 1769 2203 1807 3801,

1241 1818 1329 1849 3835.

1202 1872 1391 1902 Exauduuo.
1411 1872 1458 1902 Cf.
1481 1873 1658 1904 Exolduno.

1203 1925 1348 1955 Eximini
1363 1925 1505 1965 (Munio)
1524 1926 1612 1956 2682.

1202 1978 1348 2008 Eximini
1364 1979 1505 2018 (Petrus)
1521 1980 1557 2009 de
1574 1981 1713 2019 Ayerbe,
1731 1981 1903 2011 canonicus
1919 1981 2067 2012 Oscensis
2082 1982 2170 2014 3598.

1200 2032 1368 2062 Exolduno
1388 2033 1490 2072 (hosp.
1511 2033 1541 2063 S.
1559 2034 1753 2064 Catherinae
1767 2035 1828 2074 de),
1844 2035 2052 2066 Bituricensis
2068 2037 2097 2066 d.
2117 2036 2203 2074 1219,

1243 2085 1338 2122 12693
1355 2102 1392 2107 —
1408 2085 1511 2125 (hosp.
1530 2096 1705 2125 pauperum
1722 2087 1774 2126 de)
1794 2088 1878 2117 1298.

1200 2139 1391 2169 Exoniensis
1406 2139 1558 2169 dioecesis
1575 2140 1663 2176 6491,
1682 2141 1769 2178 6595,
1789 2141 1877 2171 6655.

1200 2192 1374 2231 Expeyssia
1391 2192 1550 2230 (dominns
1566 2193 1615 2230 de)
1636 2194 1720 2223 1586.

1199 2245 1400 2275 Exstrindiae
1416 2245 1538 2275 archid.
1560 2246 1593 2274 in
1613 2255 1658 2276 ec.
1679 2247 1872 2277 Eboracensi
1889 2248 1957 2278 781.

1199 2298 1407 2337 Exuperantii
1422 2298 1523 2337 (mou.
1543 2299 1591 2338 S.)
1607 2300 1644 2328 de
1661 2299 1807 2337 Cingulo,
1827 2301 2028 2331 Auximanae
2044 2302 2073 2331 d.
2093 2302 2180 2332 6549.

1198 2351 1349 2390 Exuperii
1364 2351 1423 2390 (ee.
1442 2351 1490 2390 S.)
1505 2351 1543 2381 de
1561 2351 1697 2389 Guiano,
1719 2353 1967 2392 Burdegalensis
1985 2354 2015 2384 d.
2035 2355 2122 2385 5114.

1198 2405 1353 2443 Eyssotiis
1368 2404 1426 2444 (ec.
1445 2404 1493 2441 de)
1511 2404 1598 2439 3793,
1618 2405 1709 2434 4859.

1199 2457 1345 2487 Ezelinus
1363 2457 1400 2487 de
1418 2457 1562 2487 Romano
1580 2457 1652 2487 983.

1199 2510 1358 2541 Ezelinus.
1375 2509 1423 2541 Cf.
1440 2510 1613 2540 Eczilinus.

1196 2775 1297 2804 Faber
1311 2774 1438 2813 (Petrus
1454 2774 1573 2813 dictus)
1590 2775 1678 2805 7401.

1197 2828 1375 2857 Faberzano
1391 2827 1447 2865 (66.
1465 2827 1518 2865 de)
1534 2827 1621 2865 3793,
1640 2828 1728 2859 4859.

1197 2880 1330 2910 Fabiani
1354 2879 1412 2917 (ec.
1447 2879 1503 2909 SS.
1535 2881 1687 2917 Cornelii,
1719 2881 1875 2920 Cipriani,
1902 2882 2080 2912 Sebastiani
2103 2884 2140 2921 et)
2165 2883 2203 2914 de

1237 2937 1338 2963 castro
1354 2932 1504 2968 Subertii,
1524 2933 1717 2963 Lodovensis
1734 2934 1764 2964 d.
1786 2935 1872 2964 1675.

1198 2986 1291 3015 Fabri
1310 2985 1526 3023 (Bernartius),
1545 2987 1719 3016 canonicus
1737 2987 1919 3017 Vasatensis
1940 2988 2030 3025 19943
2048 3004 2086 3010 —
2101 2993 2204 3020 rector

1238 3047 1282 3068 ec.
1301 3038 1334 3067 S.
1351 3037 1512 3068 Johanuis
1528 3038 1566 3068 de
1582 3039 1759 3076 Cruscadis,
1779 3040 1998 3071 Narbonensis
2015 3041 2045 3071 d.
2066 3042 2154 3072 4562.
