2393 3496
758 345 944 377 LETTRES
967 345 1057 376 NON
1080 340 1413 376 ENREGISTREES.
2066 348 2140 379 1033

87 430 101 446 α
118 417 322 447 Sacrosancta
336 421 470 443 romana
487 413 656 444 ecclesia...
680 431 718 435 —-—
738 413 809 443 Dat.
829 413 949 448 Rome,
967 411 1051 450 apud

50 472 192 504 Sanctam
211 467 346 497 Mariam
364 466 538 503 Majorem,
556 467 652 497 nonis
672 466 874 503 novembris,
896 473 982 495 anno
1000 474 1050 495 se-

49 522 160 565 cundo.
179 533 192 548 ι)
208 520 360 560 (Poma,
382 518 507 558 23106.)

321 697 682 733 Sainte-Ma1·ie·Majeure,
696 698 712 725 5
727 698 881 724 novembre
902 697 978 724 1289.

117 699 230 730 *2522

86 763 258 794 Monasterii
269 762 302 790 de
314 761 412 796 Oliva,
427 760 632 790 cisterciensis
643 761 772 797 ordinis,
792 761 1052 790 Wlndz'slaviensis

51 817 196 851 dioecesis,
217 814 445 854 protectionem
470 814 602 853 suscipit
625 815 758 852 ejusque
785 814 869 844 bona
896 819 926 844 et
952 813 1051 852 privi-

48 870 129 910 legia
149 868 328 899 confirmat.
353 868 424 897 Dat.
445 868 541 898 nonis
569 868 763 904 novembris,
789 876 875 897 anno
898 866 1049 897 secundo.

35 923 194 966 -(Por¹rn.,
210 920 334 960 23107.)

115 1101 229 1130 '2523

86 1185 106 1196 ..
115 1164 224 1194 decano
235 1163 371 1193 ecclesiae
382 1163 570 1200 Seqobiensis
582 1162 713 1192 mandat
727 1167 761 1192 ut
772 1171 808 1192 ea
819 1171 899 1201 quae
911 1162 949 1191 de
959 1161 1051 1192 bonis

45 1215 227 1248 monasterii
244 1215 434 1246 monialium
452 1215 562 1245 Sancti
582 1215 745 1246 Dominici
760 1215 799 1245 de
818 1215 965 1253 MaJ'orito
978 1239 984 1251 ,
999 1223 1052 1244 or-

47 1269 126 1301 dinis
141 1268 173 1299 S.
193 1269 382 1307 Augustini,
403 1268 574 1299 Toletanae
593 1269 758 1305 dioecesis,
778 1268 892 1299 illicite
914 1268 1052 1298 alienata

329 1099 679 1135 Sainte-Marie-Majeure,
697 1099 712 1127 8
728 1099 883 1126 novembre
902 1099 979 1127 1289.

0 1339 1 1343 =
47 1323 95 1355 vel
114 1322 263 1353 distracta
285 1323 447 1352 invenerit
469 1322 508 1352 ad
529 1324 581 1361 jus
605 1327 634 1353 et
655 1323 880 1362 proprietatem
908 1322 1051 1361 ejusdem

46 1375 229 1408 monasterii
245 1380 381 1405 revocet.

87 1440 101 1457 α
128 1428 178 1459 Ad
205 1429 403 1458 audientiam
431 1433 611 1459 nostram...
642 1445 681 1451 —
712 1429 784 1458 Dat.
815 1429 937 1464 Rome,
967 1429 1052 1468 apud

47 1482 192 1515 Sanctam
207 1482 342 1512 Mariam
359 1483 527 1521 Maj0rem,
543 1492 574 1512 Vl
593 1483 666 1513 idus
683 1483 879 1520 novembris,
897 1491 983 1512 anno
1000 1491 1051 1512 se-

47 1536 157 1567 cundo.
174 1547 187 1563 n
204 1535 356 1575 (Pomm,
375 1535 500 1569 23108.)

113 1714 231 1743 ’2524

86 1799 104 1806 ..
120 1777 292 1806 scholastico
308 1778 444 1806 ecclesiae
461 1777 634 1806 Lubicensis
647 1786 775 1807 causam
793 1777 903 1807 decani
921 1782 951 1807 et
968 1779 1050 1816 capi-

46 1827 102 1860 tuli
114 1829 474 1867 Hamemborgensium,
490 1829 674 1859 Bremensis
691 1830 857 1866 dioecesis,
874 1835 983 1860 contra
999 1831 1048 1864 C..

46 1881 223 1921 episcopum
243 1882 528 1920 Razeborgensem,
546 1883 785 1912 terminandam
803 1884 986 1913 committit.

84 1946 98 1962 ι
121 1936 344 1974 Exposuerunt
367 1935 460 1965 nobis
485 1935 630 1965 dilecti...
656 1953 694 1957 —
720 1936 791 1966 Dat.
817 1937 937 1973 Rome,
966 1939 1049 1975 apud

45 1986 190 2018 Sanctam
206 1988 342 2018 Mariam
362 1989 533 2027 Major-em,
551 1989 658 2019 idibus
677 1989 876 2027 novembris,
894 1999 979 2021 anno
999 2001 1049 2021 se-

44 2041 154 2072 cundo.
173 2053 187 2068 »
205 2042 354 2079 (Pomm,
373 2041 498 2081 23111.)

297 1714 657 1749 Sainte-Marie-MaJeure,
677 1715 707 1742 13
726 1715 881 1742 novembre
901 1715 976 1742 1289.

110 2227 227 2255 ’⁷525

81 2310 100 2317 ..
115 2289 421 2318 abbacieeconveneui
432 2290 610 2318 monasterii
621 2290 654 2318 de
662 2291 769 2327 Koria,
785 2291 991 2321 cisterciensis
1000 2301 1047 2321 or-

42 2341 129 2378 dinis,
144 2342 446 2380 Brandenburyensis
459 2343 608 2377 dioecesis,
623 2343 770 2382 indulget
787 2349 819 2373 ut
836 2345 916 2374 bona
930 2346 1047 2376 immo-

40 2393 142 2425 biliaa
154 2395 297 2434 personis
311 2395 420 2425 liberis
434 2395 468 2425 in
483 2396 628 2434 ipsorum
644 2397 798 2427 coenobio
814 2398 1045 2436 professionem

40 2445 240 2485 facientibus,
255 2449 392 2487 exceptis
407 2448 502 2478 rebus
515 2449 708 2487 feudalibus,
726 2454 842 2488 petere,
861 2452 1002 2490 recipere
1019 2458 1048 2483 ct

40 2499 174 2530 retinere
189 2501 324 2539 possint.

0 2592 1 2596 Ἰ
80 2564 94 2579 ιι
117 2553 303 2584 Devotionis
327 2558 430 2584 vestre
456 2555 639 2593 precibus...
663 2572 701 2577 —
726 2556 797 2586 Dat.
822 2557 938 2593 Rome,
963 2559 1045 2597 apud

0 2603 187 2648 [Sanctam
208 2606 345 2637 Mariam
370 2607 546 2646 Majorem,
571 2617 648 2638 xvm
671 2608 824 2640 kalendas
849 2610 1044 2648 decembris,

0 2658 1 2698 j
39 2665 123 2690 anno
138 2660 288 2690 secundo.
307 2672 321 2687 »
338 2659 490 2699 (Porum,
509 2661 634 2701 23117.)

296 2225 654 2261 Sainte-Marie-Majeure,
676 2228 704 2254 14
723 2229 877 2255 novembre
897 2230 973 2257 1289.

108 2843 225 2872 ¹25aess

76 2905 233 2943 Eduardo,
250 2906 315 2944 filio
336 2908 477 2937 Eduardi
496 2909 575 2946 regis
591 2909 735 2946 Anytiae,
753 2911 897 2941 concedit
919 2916 951 2942 ut
971 2921 1045 2943 cum

39 2955 223 2996 Margareta,
240 2959 307 2989 filia
323 2960 408 2990 Erici
423 2961 509 2999 regis
526 2961 729 3000 Norwegiae¹
747 2969 841 3003 nepte
855 2965 960 2995 clarae
978 2975 1044 2997 me-

37 3010 154 3041 moriae
169 3011 252 3050 regis
268 3012 406 3048 Scotiae,
423 3012 485 3052 ipsi
500 3014 567 3052 regi
585 3013 707 3045 Scotiae
722 3017 922 3055 succedente,
938 3020 1046 3049 matri-

177 3077 250 3105 Reo.
271 3078 395 3106 Nmoms
416 3078 470 3106 IV.

292 2844 655 2880 sainte-Marie-Majeure,
674 2847 705 2874 16
722 2849 878 2875 novembre
896 2849 972 2877 1289.

1135 411 1282 441 monium
1302 411 1491 442 contrahere
1511 412 1625 450 possit,
1648 420 1713 442 non
1733 412 1877 442 obstante
1896 415 1988 443 tertio
2008 421 2144 443 consan-

1134 465 1300 502 guinitatis
1318 465 1430 503 gradu.

1177 529 1190 544 α
1208 518 1323 548 Petitio
1337 523 1390 548 tua
1403 518 1533 549 nobis...
1549 535 1588 541 —
1600 519 1672 548 Dat.
1687 519 1800 556 Rome,
1814 519 1898 558 apud
1912 519 2062 550 Sanctam
2078 520 2144 550 Ma-

1134 570 1217 599 riam
1234 571 1399 609 Majorem,
1414 580 1466 600 xvi
1481 570 1636 602 kalendas
1651 571 1840 610 decembris,
1857 581 1943 603 anno
1959 573 2108 604 secundo.
2127 585 2141 600 ι)

1133 623 1285 662 (Pomm,
1304 624 1428 664 23118.)

1208 817 1324 845 5527

1178 879 1333 909 L‘niversis
1356 880 1471 909 Christi
1495 881 1633 917 fidelibus
1654 881 1710 919 qui
1733 880 1901 911 ecclesiam
1924 881 2033 912 Sancti
2056 882 2143 912 Petri

1134 932 1266 970 apostoli
1281 933 1319 962 de
1334 932 1542 969 Alexandria,
1558 934 1724 972 Aquensis
1739 934 1903 969 dioecesis,
1921 935 2015 964 certis
2032 935 2145 965 diebus

1134 986 1346 1023 visitaverint,
1362 986 1603 1024 indulgentiam
1620 987 1719 1016 unius
1734 987 1815 1016 anni
1831 990 1860 1017 et
1875 996 1913 1017 xi.
1932 987 2057 1017 dierum
2073 996 2144 1018 con-

1134 1039 1230 1069 cedit.

1177 1104 1190 1119 ιι
1209 1092 1296 1122 Licet
1310 1092 1337 1122 is
1353 1092 1430 1122 de...
1448 1109 1485 1115 —
1507 1093 1576 1123 Dat.
1595 1094 1711 1128 Rome,
1735 1093 1819 1132 apud
1837 1093 1987 1123 Sanctam
2006 1094 2144 1124 Mariam

1138 1145 1310 1184 Majorem,
1329 1155 1349 1174 v
1369 1145 1441 1175 idus
1460 1145 1657 1182 decembris,
1675 1154 1760 1176 auno
1779 1146 1929 1176 secundo.
1952 1158 1966 1173 »
1987 1147 2141 1184 (Pomm,

1136 1198 1260 1238 23135.)

1413 817 1774 853 Sainte-Marie-Majeure‚
1793 819 1808 845 9
1824 818 1976 845 decembre
1995 819 2071 846 1‘289.

1207 1391 1326 1420 '5528

1177 1477 1195 1483 ,.
1216 1454 1312 1483 abbati
1330 1456 1508 1483 771onasterii
1525 1455 1559 1483 cle
1576 1454 1683 1484 Sancto
1705 1455 1886 1492 Trudperto,
1908 1455 2145 1486 Constantiensis

1134 1508 1286 1542 dioecesis,
1308 1507 1440 1537 mandat
1455 1512 1490 1537 ut
1510 1517 1546 1538 ea
1566 1517 1648 1546 qnae
1664 1508 1702 1537 de
1718 1508 1809 1538 bonis
1828 1508 1942 1538 domus
1959 1508 2067 1539 Sancti
2084 1510 2143 1539 La-

1133 1561 1197 1590 zari
1216 1560 1495 1590 Jerosolimitanae
1516 1561 1549 1590 in
1574 1561 1697 1591 Urania
1720 1560 1832 1590 illicite
1851 1561 1989 1591 alienata
2009 1562 2058 1592 vel
2078 1562 2144 1592 dis-

1135 1618 1229 1644 tracta
1251 1615 1412 1643 invenerit
1432 1614 1471 1643 ad
1489 1614 1542 1653 jus
1563 1618 1593 1644 et
1615 1614 1840 1653 proprietatem
1863 1614 2007 1653 ejusdem
2030 1615 2144 1645 domus

1134 1672 1269 1698 revocet.

1175 1733 1188 1748 m
1207 1721 1404 1751 Dilectorum
1423 1720 1565 1750 filiorum
1583 1721 1767 1758 magistri...
1785 1737 1824 1742 —
1840 1720 1912 1752 Dat.
1930 1721 2042 1757 Rome,
2060 1721 2144 1760 apud

1133 1774 1283 1804 Sanctam
1303 1774 1438 1803 Mariam
1458 1774 1631 1812 Maj0rem,
1650 1782 1672 1802 11
1692 1782 1792 1803 nonas
1808 1774 1968 1812 januarii,
1989 1782 2074 1804 anno
2093 1783 2143 1804 se-

1133 1827 1248 1857 cundo.
1268 1839 1281 1853 »
1299 1826 1450 1866 (Po'rTH.‚
1471 1826 1594 1865 23150.)

1454 1391 1817 1426 Sainte-Marie-Majeure,
1835 1393 1976 1427 4janvie1·
1995 1393 2072 1421 1290.

1170 2020 1422 2051 2523-2530

1174 2105 1194 2112 ..
1209 2085 1350 2112 ministro
1360 2084 1495 2119 fratrum
1513 2083 1668 2112 minorum
1684 2085 1715 2112 in
1728 2083 1863 2112 Jlarchia
1879 2084 2035 2112 Tercz'sincz
2048 2088 2077 2113 et
2089 2093 2142 2114 sex

1132 2136 1282 2166 fratribus
1308 2136 1450 2174 ejusdem
1475 2136 1598 2166 ordinis
1623 2136 1763 2165 officium
1787 2136 2019 2174 praedicandae
2040 2139 2142 2167 crucis

1131 2190 1164 2219 in
1184 2189 1294 2219 eadem
1312 2188 1455 2218 marchia
1471 2189 1654 2218 committit.

1172 2254 1185 2267 κ
1204 2242 1416 2272 Necessitates
1433 2242 1625 2271 miserabilis
1644 2246 1761 2271 terre...
1780 2258 1818 2264 —
1837 2242 1907 2272 Dat.
1926 2242 2037 2277 Rome,
2058 2243 2142 2281 apud

1131 2295 1280 2324 Sanctam
1307 2294 1444 2323 Mariam
1476 2294 1648 2332 Mnjorem,
1676 2294 1770 2323 nonis
1794 2295 1955 2332 januarii,
1983 2304 2068 2325 anno
2093 2304 2142 2325 se-

1130 2347 1246 2378 cundo.
1266 2360 1279 2373 »
1297 2347 1449 2386 (Poma,
1469 2347 1594 2385 23151.)

1170 2400 1208 2429 In
1235 2409 1263 2429 e.
1295 2409 1337 2429 m.
1370 2400 1518 2430 ministro
1551 2401 1686 2429 fratrum
1719 2400 1881 2431 minorum
1909 2401 1943 2430 in
1975 2403 2141 2440 provincia

1131 2453 1240 2484 Sancti
1258 2453 1432 2483 Francisci.

1489 2019 1855 2053 Salute—Marie-MaJ'eure,
1875 2020 2013 2054 5janvie1·
2032 2020 2107 2047 1290.

1201 2640 1310 2668 7531

1171 2726 1191 2734 ..
1207 2705 1339 2742 episcopo
1354 2703 1489 2732 Albz'ensi
1504 2702 1634 2732 mandat
1648 2706 1681 2732 ut
1692 2706 1780 2732 curet
1791 2702 1920 2732 clericos
1932 2711 1950 2732 a
1962 2704 2138 2742 praeposito

1129 2760 1159 2785 et
1178 2755 1315 2794 capitulo
1332 2754 1482 2785 ecclesiae
1500 2755 1680 2791 Albiensis,
1699 2755 1822 2785 ordinis
1839 2756 1870 2786 S.
1894 2757 2086 2794 Augustini,
2104 2757 2139 2786 in

1128 2810 1297 2839 canonicos
1313 2813 1453 2847 receptos
1469 2808 1509 2838 ad
1524 2817 1638 2838 omnes
1652 2809 1782 2838 ordines
1798 2817 1877 2848 quos
1895 2809 2037 2839 nondum
2054 2818 2138 2839 rece—

1127 2862 1234 2901 perint
1251 2862 1440 2900 promoveri.

1170 2928 1182 2941 a
1212 2915 1359 2953 Exposita
1384 2914 1476 2944 nobis
1500 2914 1729 2946 dilectorum...
1755 2931 1794 2937 —-
1819 2915 1892 2944 Dat.
1918 2915 2030 2949 Rome,
2055 2915 2139 2953 apud

1128 2969 1276 2998 Sanctam
1293 2967 1427 2997 Mariam
1444 2967 1608 3007 Majorem,
1628 2977 1684 2997 3111
1700 2967 1853 2997 kalendas
1868 2968 2031 3002 februarii,
2051 2976 2137 2998 anno

1127 3020 1276 3050 secundo.
1299 3034 1310 3045 υ
1327 3020 1480 3059 (Pori-n„
1499 3019 1622 3058 23162.)

1432 2639 1797 2674 Sainte-Marie-MaJ'eure,
1815 2640 1848 2666 ΞΟ
1860 2640 1974 2674 janvier
1990 2640 2067 2667 1290.

1948 3085 1998 3112 130
