2393 3496
240 316 297 346 964
987 313 1223 345 REGISTRES
1245 314 1300 344 DE
1322 314 1507 345 NICOLAS
1528 316 1586 346 IV.

312 383 430 411 '2¹2⁴
774 380 865 415 Rieu,
883 380 898 407 9
914 380 1078 415 septembre
1096 380 1172 407 1288.

276 445 391 472 Rectori
415 445 441 471 in
467 443 665 479 spiritualibus
682 442 825 468 ›tm-chiae
841 442 1062 469 Anclionitanae
1079 442 1193 468 mandat
1214 445 1245 469 ut

239 494 341 521 fratres
358 494 482 520 minores
505 493 531 518 in
551 493 647 518 causis
667 491 864 517 saecularibus
881 491 1042 525 implicare,
1060 491 1094 517 ad
1109 492 1246 517 testimo-

239 543 317 569 nium
335 543 360 567 in
379 542 475 567 causis
493 539 700 574 perhibendum
713 539 894 573 compellere.
908 540 1083 574 omninoque
1100 539 1170 566 alias
1185 539 1245 566 dis-

239 591 352 617 turbare
369 593 473 616 cessrt.
492 588 561 622 (1³01.
582 588 613 614 ‘24
631 588 677 621 1⁸⁰.)

278 693 386 721 Dz'lecto
401 691 465 727 filio
482 691 629 727 mayz'stro
645 690 770 727 Matheo,
787 692 931 720 canonico
950 691 1109 728 Aminaei,
1127 692 1244 721 vicario

239 750 339 774 nostro
356 745 385 772 in
402 744 618 781 spiritualibus
635 745 667 773 in
685 745 898 773 Anchonitana
916 744 1063 774 chzrcltia.

278 810 291 824 a
308 798 418 836 Nuper
431 805 494 827 uon
509 797 615 827 sine...
630 814 668 819 —-
681 797 751 827 Dat.
770 797 877 833 Reate,
891 807 910 827 v
925 797 997 828 idus
1010 798 1210 837 septembris.
1228 811 1241 826 »

307 983 423 1012 *2125

270 1045 392 1080 Inquirit
412 1045 446 1072 de
464 1046 650 1081 usurpatione
672 1046 859 1080 quarumdam
881 1050 1021 1073 terrarum
1042 1047 1180 1074 ecclesiae
1197 1056 1243 1074 ro-

235 1103 335 1121 manae
365 1104 379 1121 a
409 1095 584 1121 monasterio
614 1094 737 1122 Sanctae
769 1095 893 1130 Sophiae
928 1095 1130 1123 Beneventano
1159 1096 1242 1124 sacta.

235 1143 307 1177 (Fol.
322 1144 355 1170 ‘24
372 1146 423 1176 vo.)

728 982 816 1014 Ricti,
833 983 849 1010 9
864 984 1027 1018 septembre
1046 983 1111 1011 1‘288
1128 983 1172 1017 (ἶ).

274 1247 382 1276 Dilecto
401 1246 465 1283 filio
489 1268 508 1275 ..
531 1247 792 1284 archipresbytero
814 1247 1023 1277 Anchonz’lano
1045 1251 1072 1277 et
1091 1270 1111 1277 ..
1131 1249 1243 1278 rectori

232 1300 450 1329 Beneventano.
473 1311 486 1324 «
508 1298 557 1328 Ad
577 1303 721 1328 nostrum
745 1300 891 1337 pervenit
908 1300 1055 1330 auditum
1074 1300 1157 1339 quod
1176 1301 1242 1339 pri-

232 1352 305 1382 dem
323 1357 464 1390 tempore
479 1360 542 1391 quo
557 1352 695 1382 Jacobus
711 1352 750 1382 de
770 1352 897 1382 Arcella
914 1354 1057 1391 regimen
1076 1354 1240 1393 [civitatis]

234 1406 460 1435 Beneventane
476 1405 633 1441 exercuit,
653 1427 673 1436 ..
691 1405 787 1435 abbas
809 1410 838 1436 et
859 1411 1036 1437 conventus
1055 1409 1242 1438 monasterii

233 1459 348 1489 Sancte
364 1459 480 1497 Sophie
496 1459 636 1488 civitatis
652 1459 795 1498 ejusdem
809 1484 815 1495 ,
833 1460 873 1490 ad
892 1469 1059 1490 romanam
1074 1461 1241 1493 ecclesiam

233 1513 322 1543 nullo
343 1512 448 1542 medio
468 1512 673 1551 pertinentis,
694 1513 818 1543 ordinis
837 1513 945 1543 Sancti
969 1514 1154 1553 Benedicti,
1174 1516 1241 1546 suis

232 1566 353 1595 finibus
370 1574 433 1596 nou
450 1566 602 1603 contenti,
618 1566 773 1604 quasdam
790 1567 1004 1605 possessiones
1018 1577 1072 1598 seu
1088 1573 1186 1599 terras
1202 1570 1242 1600 ad

233 1619 401 1649 ecclesiam
427 1619 530 1657 ipsam
556 1623 734 1658 spectantes
760 1624 877 1650 temere
902 1626 1099 1660 occuparunt
1124 1631 1241 1662 easque

231 1672 374 1711 predicto
395 1672 514 1702 ι1300110
534 1673 594 1702 sub
617 1676 703 1702 certo
721 1681 818 1703 censu
835 1682 943 1704 annuo
961 1674 1156 1705 locaverunt.
1175 1676 1239 1706 No-

233 1724 335 1755 lentes
364 1725 462 1762 igitur
499 1725 574 1755 talia
605 1726 820 1764 equanimiter
850 1727 1026 1765 sustinere,
1056 1728 1240 1760 discretioni

232 1782 336 1808 vestre
352 1788 407 1817 per
419 1778 589 1817 apostolica
605 1779 719 1818 scripta
734 1779 875 1809 districte
889 1781 1094 1819 precipiendo
1110 1783 1239 1812 manda-

229 1840 303 1861 mus
325 1832 478 1870 quatinus
500 1839 553 1861 vos
572 1831 622 1861 vel
638 1831 719 1861 alter
739 1837 880 1862 vestrum
897 1842 992 1872 super
1009 1834 1073 1864 hiis
1089 1835 1128 1865 de
1144 1835 1240 1874 plano

232 1888 262 1914 et
277 1884 397 1923 absque
415 1885 548 1923 strepitu
566 1894 601 1914 ac
615 1885 719 1923 figura
731 1886 840 1924 juditii
853 1886 989 1917 sollicite
1002 1888 1192 1927 inquiratis,
1211 1895 1241 1919 et

231 1938 258 1967 si
281 1938 369 1968 vobis
388 1938 567 1968 constiterit
587 1938 626 1968 de
647 1939 831 1977 premissis,
850 1940 1008 1978 predictas
1026 1943 1240 1980 possessiones

230 2000 286 2021 seu
308 1997 405 2021 terras
421 1992 459 2021 ad
476 1992 528 2030 jus
545 1996 575 2021 et
591 1991 815 2030 proprietatem
832 1993 974 2031 eJ‘usdem
995 1994 1137 2033 ecclesie,
1155 1996 1237 2026 loca-

231 2044 316 2074 tione
342 2053 406 2074 non
431 2045 577 2074 obstante
598 2045 759 2083 predicta,
783 2054 929 2076 revocare
954 2048 1081 2078 curetis.
1107 2048 1238 2080 Contra-

229 2096 384 2134 dictores,
402 2102 460 2127 etc.
485 2097 519 2127 Si
543 2106 618 2128 vero
643 2098 754 2137 prefati
779 2122 798 2128 ..
822 2099 918 2128 abbas
941 2104 971 2129 et
992 2105 1167 2132 conventus
1189 2103 1239 2133 vel

229 2149 311 2179 alius
335 2150 369 2179 in
391 2151 644 2188 possessionibus
664 2160 719 2181 seu
739 2152 830 2181 terris
852 2152 973 2183 eisdem
992 2163 1026 2184 se
1040 2155 1093 2194 jus
1110 2155 1239 2195 aliquod

229 2203 347 2233 habere
368 2204 582 2241 contendunt,
605 2205 650 2234 eis
671 2204 825 2242 libenter,
844 2214 916 2236 cum
938 2215 1033 2246 super
1053 2207 1112 2238 hoc
1129 2210 1239 2248 requi—

230 2256 283 2286 siti
300 2257 469 2294 fuerimus,
485 2257 755 2296 complementum
775 2258 917 2289 exhiberi
931 2260 1055 2299 justitie
1070 2261 1237 2293 faciemus.

229 2309 320 2346 Quod
337 2315 443 2340 autem
466 2311 500 2340 in
523 2311 582 2341 hac
605 2315 693 2350 parte
711 2312 781 2342 fieri
797 2313 966 2351 contigerit
984 2314 1076 2345 nobis
1093 2324 1150 2354 per
1169 2325 1238 2346 ves-

230 2366 292 2393 tras
308 2363 426 2393 litteras
445 2364 572 2403 plenius
589 2365 762 2404 exponatis.
783 2377 796 2393 »

300 2551 418 2580 ‘²126

264 2612 387 2648 Inquit-it
403 2613 438 2639 de
459 2613 515 2639 vita
531 2614 735 2641 monachorum
760 2619 788 2642 et
806 2617 972 2643 monialium
997 2619 1236 2646 monasteriorum

229 2660 508 2688 Beneventanorum.
522 2662 594 2695 (1³01.
611 2663 643 2690 24
662 2666 712 2697 νο.)

770 2552 856 2585 Ricti,
875 2553 890 2581 9
906 2557 1070 2589 septembre
1086 2555 1165 2583 1288.

268 2765 371 2794 Eidem
389 2765 660 2803 archipresbytero.
678 2778 691 2793 «
708 2766 879 2797 Pastoralis
892 2768 989 2798 officii
1005 2777 1118 2800 cura...
1136 2770 1237 2801 Audi-

227 2816 336 2847 vimus
354 2817 514 2856 siquidem
533 2818 616 2856 quod
638 2819 786 2849 monachi
805 2823 834 2850 et
852 2821 1008 2852 moniales
1023 2823 1235 2861 quorumdam

227 2871 496 2900 monasteriorum
513 2871 554 2901 de
571 2871 765 2909 Benevento,
784 2883 844 2912 que
860 2874 899 2903 ad
918 2874 1053 2905 eandem
1069 2875 1235 2907 ecclesiam

227 2922 318 2953 nullo
334 2923 497 2962 pertinent
514 2924 687 2961 mediante,
707 2925 806 2955 vitam
823 2926 944 2957 ducunt
960 2937 1060 2967 usque
1075 2929 1153 2960 adeo
1169 2930 1235 2961 dis-

226 2975 360 3006 solutam
383 2977 468 3016 quod
485 2977 600 3008 exinde
616 2977 728 3008 divina
748 2979 896 3018 maiestas
914 2981 1104 3020 offenditur,
1122 2992 1234 3022 prove-

1331 380 1425 410 niunt
1441 382 1625 412 animarum
1646 382 1788 421 pericula
1803 386 1833 413 et
1847 383 1882 412 in
1901 384 2063 415 mentibus
2079 384 2225 416 fidelium
2243 395 2334 419 scan-

1328 433 1437 463 dalum
1454 439 1636 472 generatur.
1652 435 1804 466 Volentes
1817 436 1916 474 igitur
1929 445 2023 476 super
2039 437 2102 467 hiis
2116 438 2197 469 scire
2210 439 2334 478 plenius

1329 487 1510 524 veritatem,
1529 488 1716 519 discretioni
1735 493 1787 519 tue
1807 498 1862 529 per
1878 490 2048 529 apostolica
2063 491 2180 530 scripta
2194 491 2333 526 districte

1327 541 1536 579 precipiendo
1554 542 1746 572 mandamus
1762 543 1925 582 quatinus,
1941 544 2045 574 Deum
2058 543 2181 574 habens
2195 554 2250 584 pre
2264 555 2335 578 ocu-
2368 542 2372 546 ’

1327 593 1379 631 lis,
1393 603 1489 633 super
1505 595 1671 633 premissis
1685 595 1859 634 diligenter
1874 601 1903 626 et
1919 596 2049 627 solerter
2063 597 2220 636 inquiras,
2234 603 2334 639 etque

1328 647 1491 677 inveneris
1511 648 1544 677 iu
1569 647 1628 677 hac
1648 653 1735 686 parte
1753 648 1890 679 fideliter
1909 649 1943 679 in
1960 650 2086 688 scriptis
2102 650 2203 689 redigi
2219 651 2332 692 facias,

1327 710 1364 730 ea
1382 701 1472 730 nobis
1489 709 1561 731 cum
1581 706 1609 731 te
1624 701 1663 731 ad
1680 707 1820 732 nostram
1837 703 2006 741 contigerit
2022 703 2125 734 redire
2143 705 2358 745 presentiamt,

1327 753 1529 784 delaturus...
1546 755 1617 784 Dat.
1634 755 1744 792 Reate,
1762 765 1781 784 v
1797 755 1870 786 idus
1886 756 2087 795 septembris.
2107 768 2120 784 n
2335 766 2363 792 3..

2335 813 2366 893 ⁶'ui

1400 953 1518 982 '2122
1947 953 2035 989 Rieti,
2050 954 2084 982 23
2101 955 2169 982 aeut.
2187 954 2265 982 1288.

1362 1015 1586 1050 Senogalienses
1596 1016 1676 1043 cives
1686 1016 1721 1043 ab
1733 1016 1831 1044 illicito
1839 1017 2004 1052 juramento
2015 1017 2147 1045 absolvit.
2160 1016 2231 1052 (Fol.
2239 1017 2273 1046 24
2281 1018 2345 1055 ἡ),

1366 1118 1488 1149 Dilectis
1503 1120 1578 1157 filiis
1595 1141 1615 1148 ..
1628 1121 1780 1157 potestati,
1797 1120 1924 1149 consilio
1938 1125 1962 1149 et
1978 1122 2136 1150 communi
2150 1129 2186 1151 ac
2198 1120 2347 1161 Iohanni.

1326 1173 1360 1202 de
1375 1172 1577 1210 Serralonya,
1595 1173 1679 1202 Maza
1695 1173 1852 1202 Francisci
1867 1197 1873 1209 ,
1891 1174 2013 1203 Nicolao
2031 1174 2171 1212 Bonfilii,
2192 1175 2342 1213 Fidanoiaf

1325 1225 1436 1261 ludici,
1453 1226 1592 1255 Jacobino
1614 1226 1756 1260 Gerardi,
1773 1226 1908 1255 Zardt'no
1924 1227 2101 1256 illarcinutii
2113 1250 2120 1264 ,
2138 1227 2342 1266 Phylipputim

1326 1280 1500 1315 mem-delli,
1529 1280 1684 1309 Jacobucio
1713 1280 1796 1309 Clari
1810 1303 1816 1315 ,
1846 1280 1958 1309 Gozoni
1983 1281 2136 1310 Joltannis
2159 1281 2342 1320 Castellum„-

1325 1333 1435 1362 Benero
1465 1333 1575 1371 Uyom's
1606 1333 1639 1362 de
1665 1333 1733 1362 Esto
1747 1356 1753 1369 ,
1790 1333 1996 1371 Raynaldutio
2025 1333 2149 1364 Henrici
2160 1357 2167 1370 ,
2203 1333 2342 1366 Marn'm.

1325 1387 1443 1416 Attonis
1469 1387 1599 1423 Leporis,
1629 1385 1750 1415 Gambt'o
1779 1386 1917 1423 Muscati,
1946 1386 2092 1416 Clementi
2118 1387 2268 1417 Johanm's
2297 1387 2333 1419 de

1324 1440 1436 1476 Serra,
1455 1441 1558 1469 Alloni
1572 1439 1718 1474 Altolini,
1735 1440 1878 1469 Nicoletto
1891 1441 2010 1469 Atlom‘s
2025 1440 2228 1475 Anconitam',
2247 1441 2332 1471 Jaco-

1324 1495 1406 1523 bult'o
1419 1494 1597 1530 Novellulii,
1612 1493 1744 1522 Marlino
1760 1493 1909 1522 Johamzis
1922 1493 2026 1530 Βνὶιῐί,
2043 1493 2175 1523 Detavito
2185 1494 2337 1532 Huqolini:

1324 1548 1491 1584 Bernardi,
1509 1547 1686 1576 Burlltolz'no
1710 1548 1827 1583 Alexis,
1852 1547 2039 1577 Benevenuto
2054 1547 2204 1577 Iohannis
2220 1547 2303 1578 Casto

1325 1603 1407 1638 lani,
1431 1601 1514 1630 Gallo
1539 1601 1686 1638 Pedonis,
1711 1601 1833 1631 Nicolao
1856 1601 1960 1630 Jacobi
1986 1602 2086 1630 Fortis
2107 1601 2224 1639 Judici,
2246 1601 2334 1642 Petu-03

1328 1656 1413 1690 Yscle,
1445 1655 1582 1684 Palmolo
1611 1655 1751 1690 Μῖιίαηί,
1778 1654 1876 1683 Marco
1904 1655 2033 1683 Martini
2063 1655 2189 1692 Anqeli,
2217 1655 2300 1685 Recto
2323 1653 2332 1669 ‘¹

1323 1708 1453 1744 Sertori,
1468 1709 1654 1737 Benevenuto
1670 1707 1822 1736 Jacobun'i
1834 1706 1931 1743 Clari,
1948 1708 2062 1736 Matheo
2077 1707 2242 1744 Albai-aelli,
2257 1707 2333 1741 civi-,

1324 1763 1376 1791 bus
1390 1762 1660 1799 Seizoyaliensibus.
1680 1760 1723 1790 Ex
1738 1764 1826 1799 parte
1840 1764 1945 1790 vestra
1960 1769 2065 1799 nuper
2076 1760 2138 1790 fuit
2153 1760 2329 1799 expositum

1323 1823 1428 1845 coram
1445 1814 1537 1845 nobis
1561 1813 1648 1852 quod
1671 1813 1793 1843 dudum
1815 1813 2046 1852 phylipputius
2067 1813 2281 1853 Maynardelli
2299 1817 2330 1846 et

1323 1868 1481 1906 Rogerius
1496 1867 1535 1897 de
1553 1866 1736 1905 Paganellis
1751 1891 1757 1904 ,
1778 1867 1925 1897 concives
1941 1867 2056 1904 vestri,
2074 1876 2147 1898 cum
2162 1867 2276 1898 ceteris
2290 1867 2329 1899 de

1323 1922 1421 1961 stirpe
1433 1930 1488 1951 seu
1498 1920 1776 1959 consanguinitate
1784 1928 1853 1958 sua,
1863 1924 1973 1950 contra
1982 1929 2150 1951 romanam
2163 1920 2329 1953 ecclesiam

1323 1975 1435 2014 spiritu
1456 1974 1642 2004 rebellionis
1658 1978 1838 2012 assumpto,
1859 1973 2012 2004 adhibitis
2027 1973 2090 2004 sibi
2111 1974 2151 2004 ad
2166 1974 2226 2005 hoc
2242 1983 2332 2005 mas-·

1322 2029 1405 2059 nada
1428 2028 1587 2059 Guidonis
1610 2028 1649 2058 de
1676 2027 1913 2064 Monteferetro‚
1943 2031 2019 2058 tunc
2040 2027 2074 2057 in
2099 2027 2164 2058 illis
2187 2028 2328 2068 partibus

1322 2081 1560 2116 commorantis,
1579 2085 1610 2111 et
1626 2080 1793 2111 nonnullis
1808 2080 1882 2111 aliis
1899 2081 2031 2112 ecclesie
2047 2082 2185 2120 predicte
2200 2079 2340 2114 rebelli-³

1322 2136 1398 2172 huS,
1417 2135 1578 2165 civitatem
1597 2138 1735 2164 vestram
1756 2134 1789 2164 in
1812 2134 1964 2164 fidelitate
1985 2143 2022 2165 ac
2043 2134 2211 2165 devotione
2227 2134 2327 2175 ipsius

1322 2189 1455 2220 ecclesie
1471 2188 1693 2227 persistentem
1714 2189 1761 2228 [...
1780 2187 1958 2227 non]nullis
1973 2197 2010 2218 ex
2027 2188 2096 2228 ipsa
2114 2188 2276 2219 nobilibus
2291 2194 2330 2220 ao*

1321 2242 1445 2273 civibus
1462 2241 1634 2271 crudeliter
1651 2242 1832 2280 peremptis,
1851 2250 1904 2271 vos
1921 2241 1959 2271 ad
1974 2241 2206 2281 rebe[llendum
2220 2245 2335 2272 contra..

1320 2295 1496 2334 predictam
1510 2294 1686 2333 ecclesi]am
1699 2299 1728 2325 et
1740 2294 1957 2325 venerabilem
1971 2295 2103 2325 fratrem
2116 2299 2262 2325 nostrum
2275 2295 2324 2334 B..

1321 2349 1506 2387 episcopum
1545 2347 1781 2387 Tripolitanum
1796 2372 1803 2386 ,
1841 2352 1917 2379 tunc
1957 2348 2104 2379 abbatem
2140 2346 2329 2379 monasterii

1322 2401 1495 2442 [Sancti...]
1514 2402 1544 2431 et
1566 2406 1721 2432 rectorem
1739 2401 1968 2432 Anchonitane
1987 2401 2130 2432 Mai-chie
2145 2403 2330 2440 coegerunt·

1320 2455 1466 2494 Cumque
1485 2455 1686 2494 penitudinis
1701 2455 1788 2485 ducti
1807 2455 1941 2486 consilio
1957 2455 2008 2495 [ad
2026 2455 2182 2495 ips]orum
2197 2454 2330 2487 rectoris

1320 2512 1350 2538 et
1374 2507 1506 2538 ecclesie
1532 2507 1654 2538 velletis
1679 2507 1830 2538 mandata
1854 2508 1972 2545 redire,
2003 2512 2207 2548 occupatores
2227 2507 2326 2539 iidem

1321 2565 1437 2591 terram
1447 2561 1717 2600 ipsamdimittere
1727 2561 2072 2601 volueruntquousque
2080 2569 2146 2599 vos,
2156 2569 2325 2592 commune

1319 2614 1508 2653 predictum,
1524 2623 1578 2653 per
1594 2614 1767 2654 syndicum
1783 2614 1965 2653 specialiter
1979 2614 2202 2653 constitutum,
2219 2617 2250 2645 et
2258 2621 2322 2653 vos.

1320 2666 1502 2705 singulares
1518 2667 1614 2703 cives,
1633 2667 1866 2706 presentialiter
1879 2676 1986 2698 coram
2001 2667 2096 2698 certis
2112 2667 2257 2708 personis
2270 2675 2325 2707 pu-

1318 2720 1412 2751 blicis
1427 2720 1466 2750 ad
1482 2720 1542 2751 hoc
1559 2721 1696 2760 rogatis,
1714 2731 1766 2752 sex
1784 2721 1877 2752 milia
1894 2721 2051 2752 librarum
2067 2726 2279 2753 ravennatum
2294 2723 2326 2753 οἱ

1318 2773 1611 2805 anchonitanorum
1627 2775 1763 2806 confessi
1779 2775 1886 2806 fuistis
1904 2784 1958 2806 vos
1976 2775 2132 2814 recepisse
2148 2775 2183 2805 in
2199 2767 2325 2815 deposi-'

1319 2831 1386 2857 tum
1403 2828 1442 2858 ab
1453 2828 1586 2867 eisdem,
1601 2837 1673 2859 cum
1689 2829 1723 2858 in
1736 2829 1783 2859 rei
1796 2829 1930 2859 veritate
1946 2828 2070 2859 nullam
2083 2829 2123 2859 ab
2137 2829 2214 2868 ipsis
2226 2827 2299 2860 debi

1318 2888 1413 2910 causa
1432 2881 1482 2911 vel
1501 2881 1564 2911 alia
1584 2882 1778 2921 recipissetis
1802 2882 1937 2921 pecunie
1957 2881 2180 2922 quantitatem.
2202 2882 2323 2913 Verum

1317 2933 1402 2963 idem
1422 2939 1523 2965 rector
1538 2944 1593 2974 per
1612 2944 1676 2973 vos,
1697 2940 1864 2975 postquam
1880 2936 1977 2966 iidem
1991 2939 2192 2974 occupatores
2207 2939 2323 2966 terram.

1316 2986 1510 3018 dimiserunt
1525 2989 1659 3020 eandem
1671 3013 1679 3028 ,
1698 2989 1834 3021 sollicite
1850 2989 2037 3029 requisitus,
2055 2989 2224 3020 attendens
2238 2986 2322 3030 quod.
