2393 3496
209 308 268 337 958
959 306 1196 338 REGISTRES
1217 307 1273 337 DE
1295 307 1480 337 NICOLAS
1503 309 1558 339 IV.

211 373 464 414 Monteseltro[...
500 374 677 413 {intenditis
712 382 767 412 per
795 382 850 404 vos
878 373 926 403 vel
956 377 1068 411 gentes
1096 377 1217 402 vestras

209 428 242 457 in
271 427 435 466 provincia
466 425 718 465 [tomauiole[...]
751 426 1004 464 perturbandum
1035 426 1138 455 facere
1166 425 1216 455 vel

208 479 278 510 fieri
302 481 404 510 facere
427 481 601 516 novitates,
625 484 736 517 gentes
757 477 893 518 ipsas]...
912 487 1050 517 quorum
1075 479 1216 508 savorem

208 538 237 564 et
254 533 411 563 auxilium
428 532 630 567 destiuaudo,
651 532 734 570 quod
751 532 798 569 si,
815 531 900 570 quod
916 531 1016 561 absit!
1034 531 1217 570 attemptari

208 586 538 625 contin[g‹=ret1,tauto
550 587 679 622 gravius
690 589 719 614 et
731 584 895 614 molestius
907 585 996 614 nobis
1009 589 1089 614 esset
1099 585 1217 614 acrius-

206 648 267 677 que
288 647 342 667 nos
366 638 397 666 in
426 637 550 666 intimis
573 638 771 675 perturbaret
789 642 908 676 quanto
925 637 1040 676 majori
1057 637 1216 667 desiderio

207 691 356 720 ducimur
377 696 408 720 ut
434 691 598 729 provincia
618 691 702 729 ipsa,
719 691 828 720 multis
853 691 1008 721 hactenns
1024 699 1215 729 guerrarum

206 743 358 774 convulsa
377 743 518 772 dissidiis
537 743 687 774 multisve
705 744 923 774 turbationum
943 744 1050 774 attrita
1069 744 1216 782 flagellis,

207 796 291 836 pacis
318 801 347 825 et
375 796 493 835 quietis
520 797 678 835 perpetuis
705 797 859 826 duratura
885 797 1082 836 temporibus
1107 805 1217 827 como-

205 850 255 879 dis
279 849 467 887 gratuletur.
493 850 648 886 Quocirca
675 850 867 880 fraternitati
888 855 940 881 tue
965 860 1020 890 per
1045 851 1218 890 apostoliea

204 903 321 942 scripta
333 903 474 933 districte
486 904 690 942 precipiendo
703 905 893 934 mandamus
904 905 1068 944 quatinus,
1082 904 1217 934 sollicita

204 957 412 986 meditatione
430 958 608 995 recogitans
624 958 707 997 quod
726 963 778 988 tuo
795 963 825 988 et
842 963 967 988 tuorum
985 959 1079 988 statui
1095 967 1217 997 nequa-

204 1019 302 1049 quam
323 1011 447 1049 expedit
473 1015 506 1040 ut
524 1016 634 1041 contra
654 1017 681 1041 te
705 1020 741 1042 ac
764 1012 836 1042 illos
860 1021 1028 1042 romanam
1049 1011 1216 1041 ecclesiam

203 1072 355 1102 provoces
379 1064 427 1093 vel
453 1064 572 1100 irrites,
598 1069 645 1094 set
672 1066 776 1104 potius
799 1070 832 1094 ut
860 1070 888 1094 te
910 1066 969 1094 sibi
991 1074 1047 1104 per
1068 1065 1217 1095 effectum

203 1117 308 1156 operis
329 1118 555 1156 obsequiosum
575 1118 727 1147 exhibeas
747 1122 777 1148 et
798 1119 966 1154 devotum,
979 1120 1053 1158 jura
1071 1123 1100 1148 et
1119 1122 1217 1148 terras

203 1170 305 1209 ipsius
323 1179 378 1209 pro
395 1171 519 1200 viribus
538 1171 745 1208 defensando,
762 1171 801 1201 ab
818 1171 1002 1209 hujusmodi
1021 1171 1216 1201 novitatibus

203 1233 257 1253 seu
278 1224 456 1253 turbatione
473 1223 614 1262 qualibet
631 1225 794 1262 provincie
811 1225 963 1264 prelibate
981 1225 1109 1263 penitus
1123 1225 1218 1255 absti-

203 1283 279 1306 nere
297 1286 461 1315 procures.
481 1277 668 1308 nullatenus
684 1278 898 1316 permittendo
914 1283 948 1309 ut
967 1278 1041 1308 talia
1057 1287 1112 1317 per
1126 1287 1216 1309 eom-

201 1339 301 1360 mune
332 1330 380 1359 vel
411 1331 552 1360 nobilem
580 1332 778 1369 supradictos
809 1331 858 1361 vel
888 1340 1108 1371 quoscumque
1137 1332 1216 1362 alios

201 1383 347 1423 implices
362 1389 416 1412 ant
434 1384 570 1413 lautores
587 1393 698 1414 eorum
716 1384 956 1423 quomodolibet
971 1389 1214 1424 attemptentur.

202 1437 264 1467 Pro
279 1443 363 1467 certo
379 1437 518 1467 sciturus
533 1438 628 1475 quod,
647 1437 674 1467 si
690 1446 781 1467 secus
792 1439 994 1476 contingeret
1009 1439 1043 1468 in
1057 1439 1116 1468 hac
1128 1443 1216 1477 parte

201 1491 361 1531 presumi,
382 1491 443 1529 pati
462 1491 678 1529 equanimiter
696 1500 758 1522 non
777 1500 942 1530 possemus
958 1493 1035 1531 quin
1058 1498 1151 1531 prout
1166 1494 1216 1523 vi-

200 1545 350 1575 deremus
369 1544 540 1582 expediens
557 1549 587 1574 et
603 1545 675 1574 facti
694 1545 830 1584 qualitas
847 1546 994 1576 suaderet
1011 1547 1215 1576 temerariam

201 1598 442 1637 prevenit-euius
472 1598 537 1637 (ms.
566 1599 823 1638 perveniremus)
847 1599 1016 1629 audaciam
1048 1610 1216 1640 presump-

201 1656 317 1682 torum.
338 1652 409 1680 Dat.
428 1652 537 1687 Reate,
556 1661 613 1681 vm
629 1651 783 1682 kalendas
798 1653 939 1691 augusti.
957 1665 970 1680 ιι

274 1851 386 1879 ’amn

236 1913 390 1939 Absolutio
404 1914 572 1948 Juramenti.
589 1913 662 1947 (Fot.
680 1914 713 1941 ‘20
729 1915 776 1947 νῦ).

800 1851 888 1886 Rieu,
905 1852 938 1879 26
951 1854 1046 1887 juillet
1063 1854 1141 1882 1288.

244 2015 395 2045 Venerabili
419 2016 502 2054 fratri
529 2038 551 2045 ..
577 2016 698 2054 episeopo
721 2016 907 2046 Ferentinali.
936 2030 949 2045 α
976 2018 1106 2048 Pridem
1129 2019 1214 2050 inter

198 2069 339 2099 nobilem
358 2070 461 2098 virum
488 2069 685 2099 Balduiuum
703 2070 741 2099 de
760 2070 884 2109 Snpino
903 2075 933 2100 et
949 2074 1070 2110 partem
1089 2072 1212 2103 civium

197 2123 336 2153 civitatis
359 2112 575 2152 Ferentinatis
599 2123 809 2153 adherentem
833 2124 953 2162 eidem,
972 2134 1007 2154 ex
1027 2130 1114 2163 parte
1130 2135 1211 2164 una,

198 2182 228 2207 et
251 2182 369 2215 partein
397 2177 529 2206 alteram
553 2177 673 2206 civium
698 2178 839 2216 predicte
861 2179 1013 2215 civitatis,
1035 2188 1072 2209 ex
1099 2180 1209 2219 altera,

197 2230 330 2260 inimico
347 2230 476 2259 homine
492 2231 770 2269 superseminante
785 2233 952 2269 zizaniam,
966 2233 1124 2263 discordia
1142 2244 1211 2264 sus-

197 2284 306 2319 citata,
329 2284 451 2313 nobiles
468 2284 530 2312 viri
550 2284 761 2322 Landulphus
777 2285 814 2315 de
830 2286 984 2322 Ceccano,
1000 2287 1163 2318 Jordauus
1182 2293 1212 2318 et

198 2336 412 2374 Gualguauus
428 2337 466 2366 de
481 2337 642 2375 Sculcnla,
659 2338 782 2375 fratres,
802 2340 983 2378 Stephanus
996 2346 1026 2370 et
1042 2341 1211 2380 Philippus

196 2389 258 2419 filii
284 2385 447 2428 quondam
476 2391 637 2429 Raynaldi
671 2392 790 2428 ltubei,
820 2393 934 2423 militis
966 2395 1151 2432 Anagnini,
1181 2399 1212 2426 et

199 2452 308 2474 eorum
333 2444 412 2473 socii
439 2444 487 2473 vel
511 2454 678 2483 sequaces,
705 2446 780 2483 quia
805 2446 960 2485 savoxeni,
985 2448 1156 2478 consilinm
1181 2453 1211 2479 et

195 2499 353 2529 auxilium
369 2499 472 2529 eidem
490 2500 649 2530 Balduiuo
662 2510 781 2540 sueque
797 2502 879 2540 parti
896 2511 992 2541 super
1008 2503 1067 2533 hoc
1082 2504 1210 2544 impen-

195 2552 270 2582 dere
296 2558 510 2589 curaveruut‚
537 2555 878 2585 excommnuicationis
905 2557 1112 2594 sententiam,
1144 2563 1208 2588 tam

194 2610 338 2645 pretextu
365 2607 532 2645 cujusdam
560 2608 796 2638 constitutionis
823 2609 945 2639 dudum
971 2610 1006 2639 in
1032 2610 1209 2650 Campania

195 2660 278 2690 editu
289 2664 398 2689 contra
413 2660 509 2698 patrie
524 2660 698 2690 turbatores
710 2670 805 2700 quarn
818 2663 984 2693 occasione
999 2663 1208 2695 inhibitionis

192 2719 321 2753 propter
346 2713 530 2752 hujusmodi
553 2714 743 2744 discordiam
764 2716 957 2752 generaliter
980 2721 1009 2746 et
1027 2719 1208 2756 specialiter

194 2765 274 2796 facte
287 2775 341 2804 per
357 2766 510 2794 dih-ctum
526 2766 627 2795 filiuni
644 2766 819 2796 Deodatnm
837 2768 875 2797 de
894 2768 990 2806 Urbe,
1003 2770 1206 2809 capellanum

192 2825 337 2849 nostrum
353 2843 360 2856 ,
384 2824 458 2848 tuuc
474 2818 649 2858 Catnpaiue
667 2820 892 2860 Maritimeque
911 2826 1077 2861 rectorem,
1097 2824 1207 2855 incur-

192 2872 272 2902 risse
287 2876 474 2902 uoscuutnr.
490 2871 571 2901 Cum
586 2877 691 2901 autum
712 2873 890 2903 Balduiuus
907 2878 935 2905 et
952 2877 1076 2906 nobiles
1092 2878 1206 2917 suique

193 2926 271 2956 socii
297 2925 342 2955 vel
361 2934 513 2964 sequaces
530 2926 662 2964 predicti
682 2935 806 2957 necnon
825 2932 855 2956 et
874 2936 987 2959 omnes
1007 2934 1069 2960 tam
1088 2932 1206 2963 milites

193 2988 289 3018 quaxn
307 2978 380 3009 laici
397 2979 537 3018 predicte
549 2980 646 3019 partis
665 2980 769 3009 eidem
785 2980 957 3020 Balduiuo,
975 2984 1058 3014 sicut
1073 2987 1206 3024 premit-

1303 373 1389 410 titur,
1407 373 1592 403 adherentis
1603 375 1823 413 juramentum
1844 374 2039 413 prestiterim
2053 373 2092 404 de
2107 374 2219 405 stando
2238 384 2311 415 pro-

1301 426 1366 455 cise
1388 435 1483 465 super
1504 426 1691 466 hujusmodi
1713 427 1896 457 excessibus
1921 427 2036 457 nostris
2057 427 2269 466 beneplacitis
2282 433 2314 461 et

1301 479 1473 518 mandatis,
1491 481 1696 512 cautionibus
1716 480 1950 511 sufficientibus
1968 480 2001 510 in
2022 480 2082 510 hac
2103 486 2189 520 parte
2204 481 2307 513 nichi—

1301 532 1442 563 lominus
1459 533 1611 564 exhibitis
1627 534 1666 564 ab
1683 534 1816 572 eisdem,
1838 533 2029 563 fraternitati
2049 538 2101 563 tue
2116 542 2172 572 per
2186 538 2309 573 aposto-

1301 584 1362 615 lica
1389 587 1505 625 scripta
1535 586 1727 617 mandamus
1754 586 1906 627 quatinus
1934 587 2062 626 prefatis
2091 586 2252 618 nobilibus
2280 589 2312 621 οἱ
2334 622 2341 628 .,

1302 637 1398 668 sociis
1424 639 1491 669 sive
1518 640 1708 679 sequacibus
1735 644 1791 670 aut
1817 640 2013 670 sanctoribus
2038 639 2106 669 suis
2135 640 2310 680 ceterisque
2327 639 2351 660 ”’

1301 691 1462 722 militibus
1484 696 1515 722 et
1539 692 1630 723 laicis
1656 693 1794 732 predicte
1823 692 1922 732 partis
1946 692 2132 722 adherentis
2154 692 2323 732 Balduino,
2360 689 2367 731 ,¹
2392 730 2393 734 Ἰ

1301 745 1432 784 prefato,
1450 754 1523 775 cum
1538 754 1633 784 super
1651 745 1711 776 hoc
1727 746 1767 775 ab
1785 746 1831 776 eis
1848 745 1948 775 fueris
1967 745 2153 784 requisitus,
2172 747 2310 778 auctori-

1301 801 1363 828 tate
1388 803 1496 828 nostra
1516 798 1708 829 beneficium
1729 799 1941 829 absolutionis
1961 798 2140 838 impendas,
2166 799 2317 839 injuncto

1300 851 1346 881 eis
1362 852 1446 890 quod
1463 852 1501 882 de
1514 852 1587 891 jure
1603 852 1699 882 fuerit
1714 852 1963 892 injungendum.
1984 852 2055 883 Dat.
2074 853 2184 891 Reate,
2199 862 2244 884 vn
2257 852 2314 895 Κατ

1300 904 1412 936 lendas
1428 907 1567 944 augusti.
1590 918 1603 933 »

1373 1105 1492 1135 '2098
1900 1105 1987 1138 Rieti,
2004 1106 2039 1133 26
2051 1106 2147 1141 juillet
2163 1106 2242 1136 1288.

1337 1168 1452 1195 Mandat
1469 1172 1500 1195 ut
1516 1168 1653 1204 Symeoni
1668 1169 1702 1195 de
1718 1168 1851 1195 Monaldo
1867 1176 2020 1196 commune
2038 1167 2212 1196 Esculanum
2227 1169 2313 1206 quinq

1300 1221 1402 1253 gentas
1419 1218 1506 1244 libras
1523 1217 1664 1245 restituat.
1682 1218 1755 1252 (Fut.
1771 1218 1806 1245 20
1824 1220 1869 1250 ro.)

1341 1327 1445 1357 Dilecto
1466 1328 1525 1366 filio
1547 1328 1630 1366 fratri
1654 1327 1795 1357 Lamberto
1820 1327 1851 1357 de
1876 1327 2097 1367 Ilipam-ansonis,
2127 1327 2232 1358 ordinis
2256 1328 2310 1368 fta-

1299 1386 1373 1411 trum
1389 1382 1543 1411 minorum.
1570 1383 1605 1411 Ei
1629 1382 1761 1412 mandat
1786 1385 1820 1411 nt
1839 1405 1859 1411 ..
1878 1387 2064 1421 potestatem
2090 1386 2120 1412 et
2140 1390 2322 1414 commune.

1300 1435 1475 1465 Esculanos
1492 1435 1661 1475 compellat
1685 1435 1724 1465 ad
1749 1435 1986 1465 restituendum
2008 1435 2166 1475 Symeoni
2184 1435 2223 1466 de
2242 1435 2311 1466 Mo-

1299 1488 1412 1525 naldo,
1441 1488 1505 1518 civi
1536 1488 1710 1527 Esculano,
1733 1488 1929 1527 quingentas
1953 1488 2052 1519 libras
2080 1493 2315 1529 ravennatum„

1299 1543 1415 1582 quibus
1429 1543 1468 1572 ab
1485 1542 1650 1581 Hugolino
1665 1542 1703 1572 de
1719 1543 1863 1579 Bettona,
1881 1547 1956 1572 tunc
1972 1547 2123 1582 potestate
2139 1542 2310 1583 Esculano,

1299 1597 1532 1627 condemnatus
1551 1601 1609 1627 est.

1341 1662 1355 1677 (ι
1373 1649 1546 1687 Querelam
1563 1650 1671 1681 dilecti
1687 1650 1786 1681 filii...
1802 1667 1842 1673 —-
1860 1650 1932 1680 Dat.
1950 1654 1983 1680 ut
2000 1658 2106 1690 supra.
2129 1662 2143 1678 ι)

1371 1851 1490 1881 ’7099
1892 1850 1986 1884 Rieti,
2003 1850 2037 1878 26
2049 1850 2145 1886 juillet
2160 1850 2240 1879 ¹288.

1333 1915 1450 1943 Mandat
1466 1918 1497 1942 ut
1507 1914 1616 1942 Jacobo
1634 1913 1800 1941 Falconerio
1817 1913 1851 1941 de
1867 1913 2000 1949 dampnis
2014 1914 2041 1941 ei
2054 1913 2142 1942 illatis
2156 1918 2313 1942 commune

1297 1965 1474 1992 Esculanum
1491 1963 1658 1991 satisfaciat.
1675 1962 1747 1998 (Fol.
1762 1963 1796 1991 20
1813 1964 1864 1997 vo.)

1336 2072 1442 2104 Dilecto
1465 2073 1523 2112 filio
1547 2073 1629 2111 fratri
1652 2071 1794 2102 Lamberto
1821 2072 1853 2101 de
1875 2071 2099 2112 Ripatransont's,
2125 2071 2231 2102 ordinis
2252 2061 2330 2111 fim-¹

1296 2131 1369 2157 trum
1384 2127 1532 2156 minorum.
1551 2139 1565 2153 α
1584 2126 1736 2165 Exposuit
1752 2125 1844 2155 nobis
1863 2125 2000 2156 dilectus
2020 2125 2107 2155 filius
2125 2124 2243 2155 nobilis
2259 2124 2312 2155 vil·

1294 2181 1432 2211 Jacobus
1459 2179 1665 2210 Falconerius
1693 2179 1732 2209 de
1758 2178 1873 2209 Escnlo
1901 2178 1985 2218 quod
2010 2178 2088 2209 olim
2116 2177 2235 2209 nobilis
2258 2177 2312 2209 vir

1296 2235 1480 2273 Hugolinus
1489 2235 1526 2264 de
1538 2233 1682 2269 Bettoua,
1693 2237 1770 2263 tunc
1779 2237 1926 2271 potestas,
1936 2237 1967 2262 et
1977 2241 2149 2263 commune
2158 2231 2307 2263 Esculaui

1294 2295 1404 2319 contra
1418 2288 1601 2319 Castillonis
1613 2293 1644 2318 et
1660 2287 1752 2317 Podii
1764 2291 1877 2323 castra,
1893 2286 2038 2325 ejusdem
2056 2286 2193 2323 nobilis,
2213 2286 2311 2316 Esou—

1294 2343 1368 2373 lane
1381 2342 1527 2379 diocesis,
1542 2345 1664 2371 armata
1676 2349 1773 2370 manu
1786 2339 1946 2370 hostiliter
1955 2340 2152 2377 accedentes,
2167 2339 2309 2378 dampna

1292 2396 1404 2435 gravia
1417 2396 1476 2426 sibi
1493 2400 1522 2426 et
1534 2394 1678 2425 vassallis
1694 2394 1759 2424 suis
1776 2393 2010 2424 habitatoribus
2026 2398 2202 2424 castrorum
2218 2392 2306 2432 ipso-

1292 2459 1365 2481 rum
1389 2450 1421 2479 in
1450 2449 1610 2484 domibus,
1633 2447 1843 2484 molendiniS,
1873 2447 2042 2477 arboribus
2063 2450 2094 2477 et
2113 2446 2209 2476 rebus
2231 2445 2307 2477 aliis

1292 2503 1480 2534 eorumdem
1498 2502 1645 2541 nequiter
1661 2500 1854 2531 intulerunt.
1876 2500 1979 2539 Super
1996 2508 2059 2539 quo
2078 2508 2135 2539 per
2154 2507 2213 2530 nos
2232 2507 2304 2539 pro-

1291 2557 1394 2588 videri
1420 2556 1482 2587 sibi
1506 2555 1695 2595 suppliciter
1718 2554 1914 2594 imploravit.
1941 2553 2097 2590 Quocirca
2120 2552 2304 2584 discretioni

1293 2616 1344 2642 tue
1376 2619 1432 2650 per
1461 2609 1632 2649 apostolica
1659 2608 1776 2647 scripta
1807 2607 2001 2637 mandamus
2027 2606 2181 2646 quatinus
2209 2613 2307 2646 supet·

1290 2665 1345 2704 huj
1354 2664 1479 2695 usmodi
1491 2663 1639 2703 dampnis
1647 2662 1834 2693 anctoritate
1843 2665 1950 2691 nostra
1959 2660 2105 2699 inquiras
2115 2659 2306 2699 diligentius

1290 2719 1474 2756 veritatem,
1495 2721 1526 2748 et
1545 2717 1573 2747 si
1597 2716 1652 2747 tibi
1675 2715 1854 2746 constiterit
1874 2714 1913 2744 de
1934 2714 2056 2744 eisdem
2070 2737 2077 2750 ‚
2101 2713 2173 2744 illos
2191 2712 2302 2752 quiea

1289 2771 1441 2802 intulisse
1462 2774 1639 2801 noscuntur
1660 2769 1745 2809 quod
1766 2768 1871 2799 eidem
1894 2767 1996 2797 nobili
2020 2771 2051 2798 et
2071 2766 2218 2797 vassallis
2233 2766 2304 2806 ejus

1289 2825 1328 2855 de
1345 2824 1496 2864 dampnis
1515 2823 1591 2863 ipsis
1611 2823 1739 2862 plenam
1760 2828 1791 2852 et
1810 2821 1948 2852 debitam
1974 2820 2222 2851 satisfactionem
2239 2819 2302 2850 im-

1288 2878 1441 2918 pendant,
1461 2877 1647 2909 auctoritate
1664 2876 1836 2915 premissa,
1854 2884 1909 2914 per
1925 2883 2092 2905 censuram
2110 2872 2300 2904 ecclesiasti-

1288 2941 1370 2970 cam,
1387 2931 1600 2972 appellatione
1615 2934 1759 2961 cessante
1771 2954 1778 2968 ,
1795 2928 2007 2969 compellas...
2031 2927 2102 2959 Dat.
2126 2927 2240 2966 Reate,
2264 2927 2303 2957 ut

1287 2996 1394 3028 supra.
1413 2999 1427 3015 n
