2393 3496
650 305 903 352 QUATRIEME
926 302 1082 342 ANNEE.
1104 326 1145 333 —
1168 310 1352 340 LETTRES
1375 309 1599 340 CURIALES.
2115 311 2171 341 897

87 397 178 430 quam
189 384 416 416 diffinitoribus
433 382 510 421 ipsis
529 382 651 412 litteras
669 386 792 410 nostras
809 379 987 409 direximus
1000 378 1082 407 inter

87 446 184 474 cetera
203 438 402 469 continentes
425 435 508 474 quod
536 444 608 471 nos,
634 435 765 464 verbum
794 433 878 472 quod
901 432 1084 462 dixeramus

88 495 184 527 eidem
204 493 242 521 de
265 489 479 528 resignatione
499 497 535 518 ac
558 489 701 518 cessione
726 486 910 525 hujusmodi
935 486 1082 514 effectum

87 547 198 579 habere
210 544 361 578 volentes,
381 551 417 571 ex
434 545 509 571 tnnc
524 541 709 570 auctoritate
726 538 897 578 apostolica
910 538 947 567 de
964 537 1082 576 predic-

90 606 187 632 torum
198 598 329 627 fratrum
341 594 475 625 consilio
486 593 653 623 statuendo
666 593 865 622 decrevimus
878 592 1084 621 etstatuimus

78 650 279 684 decernendo
298 653 342 683 ut,
357 649 424 678 sive
441 648 617 685 resignaret
633 651 661 675 et
674 646 809 679 cederet,
829 649 861 674 ut
878 645 1083 683 premittitur,

89 706 152 737 sive
169 712 242 739 non,
267 707 296 731 et
311 701 378 731 sive
401 700 512 739 prefati
537 699 733 729 deffinitores
751 698 999 735 resignationem
1017 698 1085 735 ejus

89 759 250 791 ducerent,
271 755 337 784 sive
361 762 424 783 uon
450 753 605 783 ducerent
628 751 875 784 admittendam,
896 751 929 779 in
955 759 1085 780 omnem

89 816 244 844 eventum,
261 808 367 838 statim
384 816 456 836 cum
473 806 650 845 predictum
665 806 744 835 foret
759 804 933 844 capitulum
949 804 1086 834 celebra-

90 869 154 895 tum
173 871 226 892 seu
246 860 414 891 effluxisset
437 864 560 897 tempus
575 867 637 897 quo
661 858 793 887 debebat
811 857 986 887 secundum
1006 865 1085 886 con-

88 916 261 948 stitutiones
271 913 417 957 jamdicti
435 912 558 942 ordinis
577 911 760 945 terminari,
781 919 816 940 eo
831 910 898 948 ipso
917 910 1002 939 idem
1023 910 1085 939 fra-

88 973 132 1001 ter
146 967 253 998 Munio
269 967 308 997 ab
329 965 515 1005 hujusmodi
537 965 641 995 officio
657 964 834 1001 magisterii
850 968 930 993 esset
950 963 1086 993 totaliter

87 1021 256 1057 absolutus3
273 1019 421 1058 quodque
442 1018 591 1056 deinceps
615 1026 678 1047 non
702 1017 769 1056 ipse
793 1017 847 1046 sed
869 1016 933 1045 alia
951 1025 1085 1054 persona

87 1075 207 1114 ydonea
224 1072 401 1102 secundum
420 1071 660 1101 constitutiones
676 1074 892 1099 assumeretur
906 1069 1032 1099 easdem
1046 1069 1084 1097 ad

88 1130 291 1157 memoratum
307 1124 450 1155 officium
473 1123 696 1153 exercendum.
716 1123 804 1152 Alias
819 1122 951 1160 insuper
968 1122 1085 1151 litteras

88 1179 198 1210 confici
221 1178 355 1208 fecimus
376 1177 415 1206 ad
434 1181 618 1216 perpetuam
637 1177 681 1206 rei
700 1176 886 1205 memoriam
902 1199 908 1211 ,
927 1184 988 1213 que
1003 1175 1086 1213 apud

88 1233 192 1264 sedem
214 1231 415 1270 apostolicam
442 1234 682 1265 remanserunt,
709 1229 921 1259 intentionem
945 1233 1085 1258 nostram

88 1295 178 1325 super
211 1284 409 1315 absolutione
446 1285 585 1323 predicta
622 1292 746 1313 necnon
783 1286 936 1312 statutum
969 1287 1000 1312 et
1030 1283 1086 1311 de-

88 1344 206 1371 cretum
240 1342 383 1368 nostrum
417 1337 501 1376 quod
531 1337 598 1376 ipse
632 1337 728 1366 frater
762 1336 874 1366 Munio
908 1341 989 1365 esset
1020 1340 1088 1374 post

90 1392 343 1423 terminationem
364 1391 439 1420 dicti
463 1390 593 1429 capituli
612 1390 771 1428 generalis
789 1390 828 1419 ab
844 1389 948 1419 officio
965 1397 1087 1419 memo-

89 1450 154 1476 rato
179 1444 313 1475 totaliter
326 1444 490 1474 absolutus
513 1444 691 1482 expressius
711 1444 923 1473 continentes.
942 1443 1089 1471 Preterea

90 1507 143 1538 per
153 1498 230 1528 alias
248 1502 371 1528 nostras
387 1497 508 1526 litteras
525 1497 627 1526 eidem
644 1496 782 1535 capitulo
806 1495 1039 1525 mandabamus
1055 1500 1089 1524 ut

90 1560 221 1590 sequeus
236 1550 384 1589 generale
402 1549 594 1589 capitulum,
612 1549 696 1588 quod
719 1549 813 1579 certis
830 1558 865 1579 ex
885 1549 1007 1581 causis,
1033 1557 1088 1586 pro

90 1604 220 1635 utilitate
233 1604 333 1642 ipsius
348 1603 482 1639 ordinis,
499 1602 685 1632 volebamus
696 1602 729 1632 in
742 1607 851 1632 nostra
866 1602 1025 1641 presentia
1037 1611 1088 1631 ce-

91 1656 216 1695 lebrari,
229 1657 261 1686 in
280 1656 347 1686 loco
363 1657 395 1686 in
413 1665 475 1694 quo
494 1662 568 1685 tunc
582 1655 752 1694 apostolica
768 1655 857 1685 sedes
874 1655 1026 1685 resederit
1041 1664 1089 1684 as-

89 1711 211 1749 signare
225 1710 386 1740 deberent.
407 1710 502 1746 Sane,
521 1710 604 1739 sicut
619 1709 811 1748 accepimus,
827 1717 971 1739 cursores
989 1709 1089 1738 nostri

89 1764 142 1803 qui
165 1763 318 1803 predictas
342 1763 464 1792 litteras
493 1767 617 1793 nostras
642 1762 680 1792 ad
709 1763 845 1801 prefatos
870 1762 1001 1791 fratrem
1029 1763 1086 1799 M.,

90 1815 276 1846 diffinitores
297 1821 328 1846 et
353 1815 528 1854 capitulum
549 1815 747 1852 deferebant,
773 1824 848 1845 cum
868 1815 907 1845 ad
929 1815 1088 1845 civitatem

91 1869 288 1900 Palentinam
306 1870 540 1909 pervenissent,
560 1870 778 1908 quorundam,
800 1873 834 1899 ut
847 1869 997 1903 creditur,
1019 1878 1089 1907 pre-

89 1927 233 1961 ooncepta
257 1922 378 1951 malitia
398 1927 603 1960 procurante,
629 1922 785 1961 injuriose
811 1922 891 1961 capti
915 1928 944 1951 et
969 1922 1089 1952 detenti

89 1975 231 2012 ruerunt,
249 1984 285 2005 ac
300 1975 412 2005 litteris
426 1976 514 2014 ipsis,
532 1984 596 2006 nou
614 1976 733 2014 absque
750 1980 857 2005 nostra
876 1980 906 2005 et
919 1975 1089 2013 apostolice

90 2029 169 2059 sedis
194 2029 313 2068 injuria
335 2033 364 2058 et
390 2033 588 2067 contemptu,
609 2029 757 2068 nequiter
778 2028 918 2067 spoliati,
936 2029 978 2057 ita
1004 2028 1088 2066 qnod

88 2083 162 2122 ipsis
183 2083 412 2113 diffinitoribus
441 2087 469 2113 et
500 2082 639 2121 capitulo
664 2091 727 2112 non
750 2083 880 2112 fuerunt
902 2082 1087 2121 hujusmodi

88 2141 190 2167 nostre
211 2135 315 2166 littere
336 2140 512 2174 presentate
527 2160 534 2172 ,
555 2136 629 2165 licet
653 2136 871 2166 verisimiliter
888 2139 1089 2175 presumatur

88 2190 168 2230 quod
190 2190 229 2219 ad
249 2190 369 2219 dictum
393 2189 523 2219 fratrem
549 2189 593 2219 M.
618 2189 797 2228 pervenerit
817 2189 1015 2219 continentia
1032 2197 1087 2217 seu

88 2243 196 2274 notitia
207 2243 403 2273 earumdem.
419 2243 485 2272 Nos
498 2242 595 2280 igitur
606 2243 739 2273 omnino
753 2242 894 2272 volentes
909 2246 942 2271 ut
955 2241 1087 2271 verbum

88 2300 228 2326 nostrum
252 2301 282 2326 et
301 2296 460 2326 ordinatio
487 2295 525 2325 de
550 2295 747 2326 absolutione
767 2295 867 2334 ipsius
889 2303 924 2324 ac
945 2294 1087 2332 assigna-

89 2349 170 2379 tione
185 2348 315 2388 capituli
328 2348 488 2386 generalis
504 2349 646 2378 debitum
660 2349 808 2378 sortiatur
823 2349 984 2382 effectum,
999 2347 1088 2376 vobis

88 2401 243 2432 universis
258 2406 288 2432 et
302 2401 441 2439 singulis
459 2402 491 2431 iu
508 2402 625 2431 virtute
636 2402 815 2431 obedientie
831 2401 974 2431 districte
991 2400 1089 2439 preci-

87 2453 200 2493 piendo
221 2454 410 2484 mandamus
432 2455 584 2493 quatinus
606 2455 711 2493 ipsum
736 2455 865 2484 fratrem
887 2454 929 2483 M.
947 2462 1003 2492 pro
1022 2462 1089 2482 ma-

88 2505 182 2544 gistro
197 2507 320 2537 ordinis
343 2507 439 2536 vestri
462 2506 647 2537 nullatenus
669 2507 811 2537 habeatis
833 2515 892 2536 nec
912 2506 976 2536 ullo
994 2505 1088 2535 modo

89 2558 122 2589 in
137 2558 200 2590 hiis
217 2568 277 2598 que
297 2559 336 2588 ad
357 2560 531 2597 magisterii
555 2565 697 2598 spectant
714 2560 857 2590 officium
879 2559 1015 2598 pareatis
1035 2563 1090 2588 aut

89 2611 259 2642 intendatis
275 2612 392 2642 eidem.
409 2613 547 2642 Demum
562 2637 568 2650 ‚
592 2614 668 2652 quia
688 2613 818 2652 provida
835 2612 1089 2643 consideratione

89 2663 235 2696 duximus
250 2665 465 2696 ordinandum
481 2670 513 2695 ut
529 2666 674 2705 proxime
689 2667 833 2696 futurum
850 2666 951 2705 ipsius
966 2665 1089 2695 ordinis

89 2718 234 2757 generale
255 2718 430 2757 capitulum
450 2724 480 2748 et
502 2719 602 2749 futuri
628 2720 774 2758 magistri
793 2720 903 2750 electio
925 2719 959 2748 in
983 2723 1090 2748 nostra

89 2772 243 2811 presentia
267 2771 458 2810 celebretur,
491 2772 634 2803 districte
663 2773 867 2812 precipiendo
898 2772 1090 2802 mandamus

87 2823 151 2854 illis
165 2834 201 2854 ex
217 2825 305 2855 vobis
324 2825 379 2864 qui
396 2825 574 2855 secundum
591 2826 766 2856 antedictas
787 2826 1030 2856 constitutiones
1050 2823 1090 2853 ad

87 2875 270 2916 hujusmodi
288 2878 463 2917 capitulum
485 2881 516 2908 et
539 2878 728 2908 electionem
746 2879 864 2908 debent
885 2878 1033 2908 accedere
1056 2880 1091 2906 ut

89 2938 226 2969 congruo
242 2935 380 2971 tempore
396 2931 435 2962 ad
450 2940 618 2962 romanam
637 2932 828 2971 provintiam
845 2932 879 2961 in
895 2932 985 2969 cujus
997 2930 1089 2969 parti-

88 2982 146 3014 hus
161 2987 299 3023 ternpore
314 2984 415 3023 ipsius
432 2983 564 3024 capituli
583 2984 778 3020 celebrandi,
797 2985 862 3015 Deo
876 2988 1000 3024 actore,
1017 2991 1089 3022 pro-

225 3050 298 3078 Rsso.
318 3050 442 3079 Nicoms
460 3049 514 3079 IV.

1165 377 1314 415 ponimus
1338 376 1490 411 residere,
1508 376 1546 406 ad
1567 376 1671 406 locum
1689 375 1835 405 videlicet
1856 376 1890 405 in
1910 384 1972 414 quo
1991 381 2064 407 tunc
2081 386 2171 416 apos-

1168 428 1260 459 tolica
1299 429 1388 459 sedes
1425 429 1576 459 resederit
1592 452 1600 465 ‚
1644 428 1821 459 auxiliante
1859 429 1998 459 Domino
2015 454 2022 466 ,
2062 431 2173 460 venire

1166 487 1351 520 procureut;
1371 491 1435 512 non
1452 483 1595 512 obstante
1613 482 1697 521 quod
1715 482 1821 521 ipsum
1838 482 1980 512 futurum
1997 483 2172 521 capitulum

1166 535 1198 563 in
1224 536 1370 573 preterito
1393 535 1534 573 generali
1558 534 1696 574 capitulo
1722 544 1789 564 esse
1813 535 1930 565 dicitur
1954 536 1988 564 in
2012 536 2173 574 provintia

1166 587 1343 617 Theotonie
1369 588 1582 625 assignatum.
1607 588 1676 617 Tibi
1694 593 1817 624 autem,
1835 587 1881 616 fili
1900 588 1983 627 prior
2003 589 2174 627 provintia-

1167 640 1204 669 lis
1217 665 1223 676 ,
1241 650 1295 670 seu
1313 641 1396 670 vices
1411 641 1524 679 prioris
1541 640 1741 679 provintialis
1757 650 1888 678 gerelm,
1910 641 2053 671 districte
2069 641 2172 680 preci-

1167 693 1273 731 pimus
1291 699 1323 722 nt
1346 694 1542 732 presentium
1563 693 1743 723 litterarum
1761 699 1940 723 nostrarum
1961 698 2101 724 tenorem
2120 699 2175 724 aut

1167 746 1200 774 in
1216 746 1403 784 provinciali
1423 746 1573 784 capitulo,
1589 747 1614 775 si
1633 746 1737 776 adbuc
1755 747 1947 777 celebratum
1966 756 2030 777 non
2047 752 2104 783 est,
2121 753 2176 777 aut

1167 798 1278 828 saltem
1296 808 1350 837 per
1368 804 1544 828 conventus
1562 807 1674 829 omnes
1692 804 1742 828 tue
1760 801 1916 838 provintie
1938 810 1992 838 per
2011 805 2038 830 te
2054 800 2104 830 vel
2121 810 2176 838 per

1167 851 1246 882 alios
1268 852 1393 881 studeas
1415 852 1588 890 publicare.
1609 852 1681 881 Dat.
1706 853 1789 891 apud
1808 853 2090 890 Uibemveterem,
2110 854 2175 883 idi-

1168 905 1225 934 bus
1241 904 1381 941 augusti,
1400 913 1486 933 auno
1501 909 1623 943 quarto.
1645 916 1657 930 n

1210 969 1223 983 α
1244 957 1280 986 In
1299 957 1437 986 eundem
1453 957 1595 992 modum,
1609 956 1724 986 dilecto
1739 957 1802 987 filio
1819 957 1909 986 fratri
1922 959 2082 996 Munioni,
2096 960 2173 989 olim

1168 1012 1319 1049 magistro
1334 1010 1455 1039 ordinis
1478 1010 1723 1049 predicatorum.
1745 1011 1875 1040 Dudum
1893 1012 1986 1040 certis
2007 1021 2174 1050 emergen-

1170 1063 1289 1093 tibus...
1320 1063 1355 1092 In
1386 1063 1503 1092 virtute
1528 1063 1726 1098 obedientie,
1751 1063 1811 1092 sub
1835 1064 2176 1094 excommunicationis

1168 1126 1266 1155 pena,
1285 1125 1398 1155 quam,
1419 1117 1445 1145 si
1462 1125 1551 1145 secus
1572 1116 1699 1152 seceris,
1718 1120 1744 1145 te
1761 1117 1926 1146 incurrere
1942 1117 2090 1147 volumus
2109 1118 2177 1156 ipso

1168 1171 1267 1206 facto,
1287 1170 1342 1199 tibi
1361 1170 1502 1199 districte
1520 1169 1724 1208 precipiendo
1749 1170 1940 1199 mandamus
1964 1171 2115 1208 quatinus
2139 1172 2177 1201 de

1169 1223 1273 1253 officio
1293 1223 1470 1260 magisterii
1498 1223 1677 1261 supradicto
1702 1227 1728 1252 te
1754 1223 1938 1252 nullatenus
1960 1224 2174 1259 intromittas,

1170 1285 1228 1306 nec
1245 1276 1433 1313 magistrum
1456 1280 1483 1305 te
1500 1276 1646 1305 nomines
1663 1284 1719 1305 seu
1736 1276 1976 1315 quomodolibet
1989 1285 2044 1315 pro
2059 1278 2175 1315 magis-

1171 1333 1216 1358 tro
1236 1334 1263 1358 te
1285 1337 1386 1366 geras.
1412 1329 1450 1357 Et
1474 1328 1550 1366 quia
1575 1328 1612 1357 de
1639 1328 1801 1366 premissis
1825 1328 2025 1359 intendimus
2050 1329 2178 1368 plenius

1169 1383 1334 1420 inquirere
1358 1381 1542 1416 veritatem,
1563 1386 1596 1410 ut
1620 1381 1782 1410 mediante
1799 1382 1924 1420 justitia
1946 1383 2098 1420 castigare
2120 1392 2176 1413 no·

1170 1440 1276 1465 centes
1292 1440 1321 1464 et
1337 1435 1526 1464 innocentes
1547 1434 1710 1464 absolvere
1722 1434 1896 1469 valeamus,
1916 1436 1974 1464 sub
1994 1436 2103 1465 eadem
2123 1437 2177 1466 tibi

1170 1488 1368 1518 districtione
1385 1487 1577 1526 precipimus
1597 1491 1627 1516 ut
1645 1487 1679 1516 in
1700 1492 1808 1517 octava
1831 1488 1904 1517 festi
1922 1488 2178 1518 Resurrectionis

1170 1542 1331 1572 dominice
1367 1541 1510 1580 proxime
1544 1541 1670 1570 venturi
1704 1540 1913 1579 personaliter
1945 1541 2117 1580 apostolico
2151 1548 2178 1572 te

1170 1595 1353 1634 conspectui
1369 1598 1578 1632 representeS,
1597 1594 1736 1623 facturus
1753 1599 1782 1623 et
1796 1599 1979 1632 recepturus
1996 1595 2079 1633 quod
2096 1596 2178 1625 circa

1172 1653 1200 1678 te
1216 1648 1401 1677 duxerimus
1421 1646 1650 1677 ordinandum.
1668 1647 1737 1675 Dat.
1757 1651 1791 1677 ut
1809 1656 1914 1686 supra.
1933 1659 1947 1674 »

1213 1713 1226 1727 «
1244 1701 1281 1730 ln
1292 1709 1320 1730 e.
1333 1709 1376 1730 m.
1389 1699 1512 1729 dilectis
1526 1699 1633 1728 filiis..
1647 1699 1744 1737 priori
1758 1699 1942 1737 provintiali
1954 1699 2004 1729 vel
2015 1701 2083 1740 ejus
2095 1701 2179 1731 vices

1171 1754 1294 1793 gerenti
1313 1759 1342 1784 et
1358 1753 1471 1783 ceteris
1493 1753 1644 1782 fratribus
1667 1753 1790 1782 ordinis
1810 1753 2043 1792 predicatorum
2058 1754 2090 1783 in
2109 1763 2178 1793 pro-

1171 1808 1275 1837 vintia
1295 1807 1444 1846 Yspanie.

1212 1862 1250 1890 In
1273 1870 1300 1890 e.
1322 1869 1365 1890 m.
1388 1883 1408 1890 ..
1430 1860 1527 1898 priori
1543 1858 1725 1898 provintiali
1740 1883 1746 1896 ,
1764 1864 1836 1896 etc.,
1853 1868 1909 1898 pro
1925 1860 2085 1899 provintia
2099 1861 2178 1891 Pro-

1172 1915 1282 1944 vintie.

1211 1969 1249 1998 In
1269 1977 1296 1997 e.
1316 1976 1359 1996 m.
1379 1990 1399 1997 ..
1416 1966 1516 2005 priori
1532 1966 1726 2005 provintiali,
1744 1971 1815 2003 etc.,
1834 1975 1890 2005 pro
1908 1966 2068 2005 provintia
2084 1967 2178 1996 Lom-

1170 2021 1290 2051 bardie.

1210 2075 1249 2104 In
1259 2084 1286 2104 e.
1298 2083 1341 2103 m.
1354 2072 1481 2111 ...priori
1494 2073 1605 2111 provin
1612 2071 1690 2108 nali,
1702 2076 1772 2108 etc.,
1784 2081 1839 2110 pro
1848 2072 2008 2110 provintia
2019 2072 2176 2105 Romana.

1211 2129 1248 2157 In
1261 2137 1288 2158 e.
1302 2137 1344 2156 m.
1358 2149 1379 2156 ..
1394 2126 1492 2165 priori
1503 2125 1699 2164 provintiali,
1711 2129 1783 2160 etc.,
1796 2134 1851 2164 pro
1861 2126 2019 2164 provintia
2029 2125 2175 2155 Francie.

1212 2182 1247 2210 Iu
1278 2190 1305 2210 e.
1334 2189 1377 2209 m.
1408 2202 1428 2209 ..
1457 2179 1553 2217 priori
1585 2177 1790 2217 provintiali,
1823 2183 1881 2208 etc.
1895 2202 1902 2215 ‚
1932 2186 1989 2217 pro
2017 2178 2179 2217 provintia

1170 2233 1361 2264 Theutonie.

1211 2287 1248 2316 In
1263 2295 1289 2316 e.
1303 2295 1348 2315 m.
1366 2308 1386 2315 ..
1401 2285 1498 2324 priori
1511 2283 1707 2323 provintiali,
1722 2288 1792 2319 etc.,
1806 2293 1861 2323 pro
1874 2284 2031 2324 provintia
2045 2283 2175 2322 Anglie.

1212 2340 1248 2369 In
1262 2349 1289 2369 e.
1308 2348 1350 2368 m.
1371 2361 1391 2368 ..
1406 2338 1504 2376 priori
1520 2337 1716 2376 provintiali¹
1734 2341 1806 2374 etc.,
1824 2346 1880 2376 pro
1895 2337 2056 2376 provintia
2071 2338 2176 2367 Datie.

1210 2393 1247 2422 In
1261 2401 1287 2421 e.
1302 2401 1346 2421 m.
1359 2414 1379 2421 ..
1394 2391 1490 2429 priori
1502 2390 1695 2430 provintiali,
1707 2394 1780 2427 etc.,
1793 2399 1848 2429 pro
1859 2390 2018 2429 provintia
2030 2389 2177 2420 Polonie.

1212 2446 1248 2475 In
1259 2454 1286 2474 e.
1298 2453 1340 2473 m.
1352 2466 1372 2473 ..
1383 2443 1481 2482 priori
1491 2442 1688 2482 provintiali,
1701 2447 1771 2480 etc.,
1783 2451 1839 2481 pro
1850 2442 2009 2482 provintia
2020 2443 2177 2481 ngarie.

1212 2498 1249 2528 In
1279 2507 1306 2527 e.
1339 2506 1382 2526 m.
1410 2518 1430 2526 ..
1461 2496 1561 2535 priori
1590 2495 1793 2535 provintiali,
1829 2499 1886 2526 etc.
1901 2519 1908 2533 ,
1938 2503 1993 2534 pro
2022 2495 2179 2534 provintia

1172 2552 1294 2582 Grecie.
1315 2562 1328 2578 »
1348 2551 1408 2589 (En
1424 2550 1554 2588 mai-93.)

1243 2749 1360 2778 ‘3750

1211 2813 1250 2839 De
1266 2812 1367 2838 eodem
1386 2811 1511 2845 negotio.
1529 2810 1610 2844 (Rea.
1628 2810 1671 2844 46,
1688 2818 1714 2837 c.
1731 2810 1775 2844 45,
1792 2811 1811 2837 f.
1832 2809 1879 2836 17⁶2
1896 2812 1948 2842 vo.)

1750 2747 1878 2782 Orvieto‚
1897 2748 1928 2775 {3
1945 2749 2012 2775 aont
2030 2748 2106 2776 2291.

1215 2945 1235 2953 ..
1261 2922 1358 2960 priori
1377 2918 1560 2959 provintiali
1580 2920 1716 2957 fratrum
1735 2919 1855 2948 ordinis
1875 2918 2100 2956 predicatorum
2123 2927 2175 2947 ro-

1175 2984 1261 3005 mane
1287 2974 1456 3013 provintie,
1474 2973 1591 3010 yerenti
1613 2972 1691 3002 vices
1714 2972 1858 3009 magistri
1880 2971 2013 3008 ejusdem
2036 2972 2154 3000 ordinis
2168 2995 2175 3008 ‚

1987 3036 2035 3062 ¹13
