2393 3496
877 355 1089 386 REGISTRE
1112 345 1327 385 CAMERAL.
2095 354 2152 384 999

61 426 209 460 nimentis
228 425 338 456 vestris
358 433 540 463 comparere
555 425 691 461 curetis,
709 425 838 464 quibus,
853 426 980 454 auctore
999 423 1062 453 Do-

60 484 163 518 mino,
181 480 332 510 faciemus
354 478 481 517 plenam
505 483 535 508 et
560 478 696 508 celerem
721 478 879 517 justitiam
905 478 1061 507 exhiberi.

62 538 130 568 Dat.
150 534 231 574 apud
246 533 509 564 Urbemveterem
521 556 529 569 ‚
549 542 567 562 x
583 531 737 561 kalendas
750 532 913 571 januarii,
936 531 1064 570 pontifi-

62 594 146 621 catus
161 587 258 618 nostri
274 595 359 616 anno
378 586 482 616 tertio.
504 598 517 612 1>

131 754 246 784 *23¹4

97 816 244 843 Galienum
264 815 422 841 auditorem
443 818 471 840 et
490 813 618 848 judicem
642 814 863 848 appellationum
885 817 942 840 tam
968 814 1064 840 crimi-

589 752 721 786 Orvieto⁷
741 753 769 778 11
784 753 898 786 janvier
915 752 991 779 1291.

65 865 166 897 nalium
186 872 270 898 quam
292 864 419 890 civilium
436 871 527 897 usque
543 863 576 889 ad
594 863 717 889 valorem
734 863 897 898 quindecim
916 863 1063 889 unciarum

64 914 123 942 auri
136 914 163 940 in
179 913 292 940 civitate
308 912 512 938 Beneventana
527 912 687 939 constituit.
705 912 775 945 (Fol.
793 913 824 939 54
842 912 892 946 vu.)

101 1013 209 1046 Dilecto
224 1014 287 1052 filio
304 1014 437 1049 Galiano,
454 1015 567 1052 judici,
586 1015 646 1043 civi
664 1014 854 1043 Urbevecano.

103 1079 116 1095 tx
141 1067 228 1097 Inter
252 1071 355 1097 cetera
379 1076 477 1105 qne...
507 1085 545 1089 —
575 1067 645 1096 Dat.
671 1067 754 1105 apud
782 1067 1064 1103 Urbemveterem,

62 1131 96 1152 ιιι
112 1120 183 1151 idus
197 1120 350 1160 januarii,
368 1120 572 1158 pontificatus
592 1119 693 1149 nostri
709 1128 794 1149 anno
812 1120 914 1149 tertio.
939 1131 950 1145 n

129 1292 243 1322 ’2315

94 1354 136 1382 De
150 1354 250 1381 eodem
266 1355 390 1389 negotio.
409 1353 480 1387 (Fol.
498 1354 530 1381 55
551 1355 598 1385 1⁸⁰.)

591 1292 718 1323 Orvicto,
740 1292 768 1317 lt
783 1291 896 1325 janvier
915 1292 992 1318 1301.

101 1459 216 1488 Dilectis
234 1458 308 1495 filiis
325 1458 436 1495 populo
457 1457 589 1486 civitatis
610 1457 812 1486 Beneventano
834 1458 988 1494 ipsiusque
1004 1458 1065 1486 dis-

65 1512 177 1545 ericam,
195 1511 310 1540 ecclesie
327 1519 454 1539 romane
468 1510 618 1547 fidelibus
640 1509 693 1539 Eis
708 1510 839 1539 mandat
856 1514 889 1539 ut
905 1509 1066 1548 praedicto

62 1563 158 1603 judici
181 1568 309 1593 centum
336 1563 588 1601 quinquaginta,
612 1563 736 1592 notario
758 1571 833 1592 vero
853 1563 909 1601 qui
933 1572 1005 1592 cum
1032 1571 1067 1592 eo

66 1616 157 1646 fuerit
171 1616 302 1654 triginta
320 1616 454 1646 florenos
470 1615 542 1645 anri
560 1616 728 1645 annuatim
746 1615 938 1654 persolvant.

106 1680 120 1697 «
137 1669 222 1698 Inter
237 1673 340 1698 cetera
355 1677 454 1707 qne...
474 1685 511 1690 —
528 1669 599 1698 Dat.
620 1673 655 1698 ut
672 1677 777 1707 supra.
798 1681 810 1695 »

651 1842 777 1872 Orvielo,
796 1842 810 1868 5
828 1851 903 1868 mars
921 1842 998 1869 1201.

136 1843 249 1871 *231ss

101 1903 142 1931 De
159 1904 264 1931 finibus
279 1907 439 1930 castrorum
462 1903 541 1937 Jani,
559 1904 709 1930 Monticuli
730 1911 757 1930 et
780 1904 958 1930 Castaniolae
975 1904 1072 1931 deter-

67 1952 215 1980 minandis.
230 1952 300 1987 (Fol.
319 1953 351 1980 55
370 1953 414 1986 νο.)

106 2056 210 2085 Dilecto
230 2055 294 2092 filio
310 2057 458 2093 mayz'scro
476 2055 626 2093 Raynerfo
643 2055 677 2084 cle
693 2056 769 2083 Pisis
781 2079 787 2090 ‚
806 2056 928 2084 notario
947 2061 1049 2084 nostro
1064 2079 1069 2090 ,

68 2105 193 2139 ducatus
218 2109 372 2146 Spolelcmi
400 2109 579 2146 Sabz‘m'eque
605 2109 726 2138 rectori.
757 2108 793 2137 Ei
819 2108 950 2138 mandat
978 2113 1011 2138 ut
1038 2109 1072 2138 in

68 2165 164 2191 castra
183 2161 279 2198 Jani,
300 2161 467 2192 Monticnli
490 2167 519 2191 et
540 2161 759 2197 Castaniolae‚
781 2162 968 2201 Spoletanae
986 2163 1070 2193 dioe-

69 2214 155 2252 cesis,
168 2223 302 2254 quorum
319 2215 477 2245 territoria
491 2215 659 2245 Tudertini
674 2215 736 2245 sibi
753 2216 916 2254 subjacere
933 2216 1070 2246 moliun-

69 2271 137 2306 tur,
153 2269 362 2307 personaliter
377 2278 410 2298 se
430 2269 610 2306 conferens,
629 2278 739 2299 eorum
759 2270 840 2299 fines
861 2270 1071 2307 determinet;

70 2320 250 2352 Tudertinis
262 2331 335 2352 vero
349 2323 521 2361 praecipiat
534 2332 574 2352 ne
589 2322 667 2361 quid
681 2326 791 2353 contra
805 2323 964 2362 praedicta
979 2323 1073 2353 terri-

73 2374 148 2405 toria
165 2379 296 2406 tentent.

111 2438 124 2454 α
140 2427 252 2458 Gravis
267 2428 306 2458 ad
325 2437 418 2458 nos...
435 2445 474 2451 —
491 2429 561 2458 Dat.
580 2438 614 2458 111
631 2437 732 2459 nonas
748 2430 868 2459 martii.
889 2441 901 2455 n

139 2602 218 2631 ’231
227 2603 385 2631 2-5318

104 2663 216 2691 Mandat
234 2669 264 2692 ut
285 2665 485 2693 Bononienses
504 2666 676 2693 Imolensem
696 2667 838 2694 civitatem
862 2672 889 2694 et
910 2668 1071 2695 districtum

71 2713 205 2741 ecclesiae
221 2722 354 2741 romanae
370 2715 532 2743 restituant.
548 2716 618 2750 (Fol.
637 2717 669 2744 55
685 2717 731 2751 r0.)

653 2604 780 2635 Orvieto,
798 2606 812 2631 7
827 2613 903 2631 mars
924 2605 1000 2632 1291.

115 2815 278 2846 Venerabili
301 2818 394 2853 fratri
413 2818 436 2846 [.
449 2840 456 2854 ,
476 2819 608 2855 episcopo
629 2819 770 2855 Ανειίηο,
794 2822 904 2848 rectori·
918 2821 1073 2857 provincie

72 2867 253 2899 Romaniole.
275 2880 288 2895 (ι
309 2869 395 2899 Dum
414 2869 536 2908 pridem
553 2879 588 2899 ex
607 2870 789 2900 detentione
808 2871 915 2901 dilecti
938 2871 996 2901 filii
1014 2881 1072 2902 uo-

73 2919 145 2950 hilis
162 2921 221 2951 viri
237 2921 391 2961 Stephani
407 2923 445 2953 de
460 2913 649 2961 Columpna,
670 2928 745 2953 tunc
761 2925 890 2954 rectoris
912 2925 1075 2963 provincie

75 2971 270 3011 Romaniole‚
290 2978 388 3005 status
405 2976 506 3015 ipsius
523 2976 685 3015 provincie
700 2976 878 3015 fluctuaret,
898 3001 917 3007 ..
939 2979 1074 3016 potestas

75 3028 105 3055 et
125 3034 259 3058 comune
287 3028 509 3059 Bononienses
535 3029 697 3059 civitatem
725 3033 755 3059 et
780 3029 958 3060 districtum
987 3031 1074 3061 Imo-

1146 420 1251 451 lenses
1273 421 1310 451 ad
1334 430 1447 451 manus
1468 430 1577 451 eorum
1597 430 1651 460 pro
1667 430 1818 456 romana,
1837 425 1870 450 ut
1885 421 2084 455 asserebant,
2104 430 2152 450 ec-

1146 475 1240 504 clesia
1266 480 1467 514 receperunt,
1493 484 1572 514 quos
1592 475 1712 510 adhuc,
1737 475 1817 504 sicut
1845 474 1984 510 dicitur,
2011 473 2154 503 detinere

1146 533 1344 566 presumunt.
1368 528 1448 558 Cum
1470 530 1575 567 itaque
1597 529 1708 558 civitas
1731 532 1759 557 et
1782 528 1944 557 districtus
1963 527 2097 566 predicti
2114 527 2154 556 ad

1148 590 1204 611 nos
1230 586 1260 611 et
1284 582 1419 611 eandem
1443 582 1610 611 ecclesian]
1633 582 1813 620 pertineant
1834 581 1928 619 pleno
1946 581 2038 619 jure,
2061 592 2073 607 n
2099 581 2155 609 tibi

1147 635 1337 665 mandamns
1359 640 1394 664 nt
1414 635 1672 665 Bononiensibus
1691 634 1866 674 praecipias
1886 638 1921 664 ut
1939 634 2023 663 infra
2043 634 2154 663 termi-

1148 697 1225 717 num
1244 698 1261 717 a
1279 693 1306 717 te
1322 690 1366 718 eis
1382 688 1623 727 praefig-endum
1644 688 1702 716 tihi
1718 688 1851 717 nomine
1870 691 1976 718 nostro
1994 688 2154 729 civitatem

1147 746 1175 771 et
1191 742 1376 771 destrictum
1394 742 1574 770 restituant.

1189 808 1201 822 a
1222 796 1306 825 Dum
1323 795 1447 833 pridem
1463 805 1537 824 ex...
1555 811 1593 816 -—
1610 795 1680 824 Dal.
1702 794 1785 833 apud
1804 794 2081 831 Urbemveterem,
2099 803 2154 824 no-

1148 850 1198 878 nis
1214 849 1332 884 martii,
1351 849 1554 887 pontificatus
1572 848 1670 878 nostri
1687 857 1772 878 anno
1789 852 1911 886 quarto.
1934 860 1947 874 »

1190 915 1203 929 <t
1228 903 1329 933 Idem.
1352 903 1387 931 In
1411 912 1437 932 e.
1460 912 1503 932 1n.
1529 903 1611 931 Dum
1637 901 1758 940 pridem
1780 911 1855 931 ex...
1877 902 2080 930 Fraternitati
2105 906 2156 930 tue

1148 965 1203 994 per
1219 955 1388 994 apostolica
1407 956 1520 994 scripta
1538 955 1729 984 mandamus
1747 954 1911 993 quatinus,
1931 954 1956 983 si
1974 958 2109 992 potestas
2129 958 2157 983 et

1148 1018 1319 1039 commune
1333 1008 1553 1038 Benonienses
1563 1008 1734 1046 predicti...
1749 1007 1806 1037 tibi
1822 1007 1984 1036 civitatem
1996 1010 2025 1036 et
2036 1006 2158 1035 distric-

1150 1067 1215 1091 tum
1238 1062 1435 1091 restituerint
1451 1061 1666 1100 supradictos,
1686 1060 1815 1090 dilectos
1832 1059 1914 1090 filios
1933 1059 2056 1090 nobiles
2073 1059 2157 1089 viros

1148 1116 1376 1146 Alidosium·et
1394 1116 1499 1145 Lilum
1517 1115 1554 1144 de
1570 1114 1600 1144 la
1617 1115 1721 1144 Massa
1733 1138 1740 1151 ,
1763 1114 1875 1143 fratres
1887 1138 1894 1150 ‚
1911 1115 1997 1143 cives
2013 1112 2156 1143 Imolen-

1149 1178 1215 1206 ses,
1236 1174 1265 1199 et
1282 1169 1429 1198 concives
1445 1177 1555 1198 eorum
1573 1168 1705 1198 ecclesie
1722 1167 1841 1206 prefate
1858 1166 1967 1196 fideles
1981 1190 1988 1203 ,
2008 1175 2086 1205 quos
2102 1174 2158 1204 po-

1151 1227 1242 1251 testas
1259 1227 1289 1251 et
1304 1230 1475 1251 commune
1495 1221 1629 1260 predicti
1645 1221 1683 1250 de
1702 1220 1830 1250 civitate
1846 1229 1882 1250 ac
1897 1220 2044 1249 districtu
2061 1218 2158 1257 preli-

1148 1275 1230 1305 batis
1252 1275 1383 1314 ejecisse
1405 1275 1577 1310 dicuntur,
1600 1273 1773 1304 dummodo
1794 1273 1889 1303 statui
1909 1272 2039 1311 pacifico
2059 1271 2159 1310 ipsius

1149 1329 1285 1359 civitatis
1304 1328 1453 1367 expedire
1471 1328 1607 1360 videris,
1628 1328 1761 1357 reducas
1784 1326 1823 1356 ad
1843 1334 1931 1362 eam,
1951 1325 2094 1363 ipsisque
2111 1324 2158 1353 fa-

1148 1382 1213 1411 cias
1234 1390 1345 1411 eorum
1366 1380 1582 1420 possessiones
1603 1385 1633 1410 ct
1652 1380 1735 1410 bona
1756 1379 1879 1409 restitui
1898 1387 1933 1409 ac
1956 1378 1993 1407 de
2012 1377 2159 1416 dampnis

1150 1436 1194 1464 eis
1215 1434 1313 1464 illatis
1335 1438 1427 1473 prout
1444 1435 1569 1473 justum
1592 1434 1689 1463 fucrit
1713 1433 1963 1462 satisfactionem
1983 1439 2159 1469 congruam

1151 1488 1308 1518 exhiberi.
1328 1489 1397 1517 Dat.
1416 1492 1570 1526 utsupra.
1591 1498 1603 1514 ι)

1224 1675 1338 1703 ’ἵ319

1189 1738 1306 1764 Rectori
1323 1737 1435 1763 Mass-de
1454 1736 1605 1762 Tralmriae
1631 1738 1659 1762 ct
1683 1736 1747 1770 ejus
1769 1735 1935 1761 officialibus
1956 1733 2088 1760 concedit
2114 1736 2158 1764 ut,

1722 1673 1848 1706 Orviet0,
1867 1672 1898 1699 18
1915 1679 1991 1698 mars
2009 1672 2086 1698 1291.

1153 1788 1238 1814 etiam
1256 1794 1321 1813 cum
1338 1787 1365 1812 in
1382 1789 1476 1812 castro
1494 1785 1564 1811 Pillii
1582 1785 1759 1817 residebunt,
1771 1784 2002 1819 jurisdictionem
2020 1784 2048 1809 in
2064 1782 2159 1809 Massa

1152 1837 1287 1863 Trabaria
1302 1838 1464 1862 exerceant.
1483 1835 1553 1868 (Fol.
1573 1835 1604 1861 55
1621 1836 1667 1864 1·0.)

1197 1941 1305 1969 Dilecto
1326 1939 1390 1976 filio
1411 1940 1542 1968 Rancero
1558 1939 1591 1967 (le
1607 1938 1748 1973 notet-tis,
1767 1938 1877 1966 rectori
1895 1937 1987 1965 Mass&
2006 1935 2159 1965 Trabarie.

1157 2006 1171 2019 «
1198 1993 1278 2023 Cum
1305 2001 1360 2031 pro
1385 1992 1570 2022 executione
1592 1990 1829 2030 jurisdictionis
1856 1989 1911 2019 tibi
1935 1989 2105 2019 commisse
2127 1989 2160 2017 in

1157 2047 1260 2076 Masse
1282 2046 1434 2075 Trabarie
1456 2045 1616 2084 partibus,
1636 2053 1731 2083 quam
1755 2043 1836 2073 inibi
1856 2043 2062 2082 plerumque,
2082 2042 2164 2071 sicut

1155 2100 1289 2136 asseris,
1309 2102 1434 2138 propter
1452 2098 1633 2137 aliquorum
1653 2097 1810 2126 malitiam
1830 2101 1860 2126 et
1877 2097 2051 2134 potentiam
2070 2104 2162 2125 exer—

1155 2163 1226 2183 cere
1236 2162 1299 2183 non
1312 2152 1408 2188 vales,
1422 2152 1461 2181 ad
1475 2155 1613 2182 castrum
1627 2150 1727 2187 Pillii,
1738 2150 1906 2180 Urbinatis
1918 2150 2063 2185 diocesis,
2079 2149 2163 2188 quod

1155 2215 1211 2245 pro
1236 2211 1289 2236 tua
1311 2205 1559 2244 officialiumque
1586 2210 1712 2235 tuorum
1736 2204 1932 2234 habitatione
1956 2203 2085 2242 quando
2111 2212 2164 2232 ex-

1157 2260 1265 2299 pedire
1283 2259 1442 2298 putaveris
1463 2259 1519 2288 tihi
1538 2258 1764 2287 mandavimus
1785 2258 1959 2295 assignari⁷
1978 2262 2006 2286 te
2022 2260 2164 2295 oporteat

1157 2313 1329 2349 declinare,
1347 2317 1379 2342 ut
1396 2316 1459 2341 tam
1478 2316 1508 2341 tu
1526 2321 1623 2350 quam
1640 2311 1793 2341 officiales
1809 2311 1870 2350 ipsi
1886 2311 1920 2340 in
1937 2310 2046 2341 eodem
2063 2314 2164 2340 castro

1156 2367 1246 2397 Pillii
1266 2365 1476 2405 personaliter
1499 2366 1669 2395 existentes
1689 2365 1949 2403 jurisdictionem
1975 2364 2109 2394 eandem
2130 2363 2163 2392 in

1156 2428 1308 2459 personas
1328 2423 1358 2448 et
1378 2418 1445 2448 loca
1460 2418 1628 2448 commisse
1645 2418 1702 2447 tibi
1720 2417 1883 2456 provincie
1904 2426 2050 2447 exercere
2066 2416 2166 2446 libere

1156 2473 1287 2503 valeatis
1307 2472 1492 2502 anctoritate
1507 2471 1704 2510 presentium
1723 2471 1777 2500 tibi
1795 2474 1825 2500 et
1840 2470 1961 2500 eisdem
1975 2469 2165 2500 officialibus

1156 2527 1284 2565 plenam
1304 2525 1508 2555 concedimus
1527 2524 1729 2560 facultatem,
1748 2532 1811 2554 non
1831 2523 1975 2554 obstante
1994 2523 2077 2562 quod
2096 2531 2166 2552 cas-

1157 2584 1240 2609 trum
1263 2579 1369 2617 ipsum
1392 2582 1479 2608 extra
1496 2577 1577 2607 fines
1598 2577 1759 2616 provincie
1779 2576 1837 2606 tibi
1854 2576 1981 2607 deci-ete
2000 2576 2163 2606 consistat.

1157 2634 1226 2662 Dat.
1251 2632 1335 2670 apud
1359 2631 1636 2667 Urbemveterem,
1654 2640 1694 2659 xv
1713 2630 1868 2660 kalendas
1888 2630 2017 2669 aprilis,
2034 2629 2165 2668 pontifi-

1156 2690 1243 2715 catus
1260 2685 1359 2715 nostri
1376 2693 1461 2714 anno
1476 2688 1599 2723 quarto.
1623 2696 1636 2710 >³

1230 2864 1345 2893 2320

1195 2926 1235 2953 De
1251 2926 1352 2952 eodem
1369 2925 1493 2959 negotio.
1511 2924 1581 2958 (Fol.
1602 2925 1634 2952 56
1653 2927 1702 2955 νῦ.)

1727 2862 1853 2893 Orrieto,
1874 2862 1904 2888 lS
1923 2869 1998 2887 mars
2018 2862 2094 2888 1291.

1200 3029 1307 3058 Dilecto
1328 3028 1392 3064 filio
1415 3027 1510 3056 nobili
1532 3028 1596 3055 ve'ro
1619 3027 1744 3063 Ayapito
1769 3026 1802 3054 de
1825 3025 2012 3062 Cotumpna,
2034 3025 2165 3054 Marchie
