2393 3496
644 399 782 429 TABLE
803 394 1138 435 ALPHABETIQUE
1160 398 1238 428 DES
1260 399 1378 429 NOMS
1401 399 1604 429 PROPRES.
2098 401 2173 432 1249

82 465 227 495 Piscaria
255 463 422 503 (Nicolaus
449 463 519 502 de),
545 464 684 494 vicarius
711 465 760 502 Ρ.,
785 466 912 495 comitis
940 465 1090 495 Theatini

121 518 211 548 7280.

81 571 246 602 Piscariae
262 571 385 601 flumen
402 569 470 607 659,
490 569 576 599 2248.

81 624 243 655 Piscariae
258 624 319 664 (ec.
344 623 375 654 S.
397 623 558 654 Johannis
580 622 618 653 de
640 623 858 662 Castellione),
881 624 1090 655 Grossetanae

122 678 154 709 d.
171 677 260 708 5902.

81 730 189 760 Piscia
204 729 392 769 (Advenans
408 729 471 768 de),
489 730 636 759 Lucanae
653 729 685 759 d.
700 729 789 759 4680.

81 783 189 813 Piscia
205 783 320 822 (Junta
334 782 396 821 de),
414 782 563 812 Lucanae
578 782 609 812 d.
629 782 718 812 4680.

83 835 216 866 Piscina
230 835 335 875 (hosp.
353 835 386 865 S.
405 836 556 866 Andreae
572 835 624 875 de)
640 836 678 865 de
694 836 783 866 Urbe
800 836 887 871 1997,
904 836 989 866 1998.

83 887 252 918 Piscinula
268 887 402 928 (capella
420 888 452 918 S.
471 888 637 918 Laurentii
653 888 704 927 de)
722 888 760 917 de
777 889 863 919 Urbe
885 888 970 919 1395.

83 940 172 971 Pisis
201 941 359 980 (Clericus
388 941 450 980 de),
476 941 649 971 canonicus
675 941 844 971 Remensis
873 941 950 971 4498
963 966 970 978 ,
1001 942 1088 977 5426,

123 993 214 1031 5432,
232 993 321 1031 5939,
339 993 523 1031 5989-5991,
541 993 629 1031 6290,
647 993 736 1029 6304,
754 994 843 1024 6320.

81 1046 168 1076 Pisis
182 1045 351 1086 (Galienus
362 1046 425 1086 de),
435 1047 610 1077 canonicus
627 1055 671 1076 ec.
689 1046 727 1076 de
741 1046 773 1076 S.
787 1046 969 1077 Audomaro
984 1047 1088 1084 6,673.

81 1099 168 1129 Pisis
182 1099 287 1139 (Jolus
304 1100 354 1137 (16)
371 1100 459 1130 2243.

11 1142 17 1149 .
81 1152 166 1182 Pisis
183 1152 319 1192 (Ozolus
328 1153 380 1192 de)
396 1153 483 1182 6820.

81 1205 168 1235 Pisis
188 1198 389 1245 (Raynerius
410 1206 476 1243 de),
495 1206 639 1235 notarius
660 1214 759 1244 papae
783 1205 872 1242 1135,
891 1205 979 1242 1322,
997 1207 1087 1243 4715,

123 1257 212 1296 6041,
231 1259 319 1296 6727,
337 1259 426 1294 6728,
445 1258 534 1296 7316,
551 1258 641 1296 7329,
658 1258 748 1294 7330,
762 1257 851 1295 7332,
869 1258 965 1295 7380;
982 1276 1021 1282 -
1038 1269 1089 1289 ca-

123 1312 262 1342 nonicus
292 1312 496 1342 Belvacensis
530 1312 622 1350 1135,
651 1312 742 1348 1322;
774 1329 808 1333 -
833 1316 934 1342 rector
958 1313 1089 1343 ducatus

122 1364 286 1404 Spoletani
301 1365 390 1402 6727,
409 1365 499 1402 6728,
517 1364 607 1402 7316,
626 1364 714 1399 7329,
733 1364 822 1401 7330,
836 1365 923 1402 7332,
943 1366 1035 1402 7380;
1050 1382 1090 1390 -

122 1422 226 1448 rector
241 1418 393 1448 Sabiniae
411 1418 501 1455 7316,
518 1418 608 1455 7330,
626 1418 714 1448 7332.

83 1471 255 1510 Pisquerio
273 1471 480 1508 (Guillelmus
496 1471 559 1510 de),
576 1471 797 1501 Ruthenensis
813 1472 843 1501 d.
864 1472 951 1503 5433.

83 1523 226 1554 Pissiaco
243 1524 375 1562 (archid.
394 1525 444 1564 de)
460 1525 494 1554 iu
512 1534 557 1555 ec.
576 1525 768 1555 Carnotensi
784 1525 872 1556 7383.

83 1576 297 1607 Pistorienses
313 1577 399 1607 cives
416 1578 511 1614 4499,
531 1578 624 1615 7251,
641 1578 734 1614 7256;
751 1595 789 1599 —
807 1584 996 1609 mercatores
1016 1580 1065 1609 151
1081 1605 1086 1618 ,

123 1628 270 1667 601-603,
299 1630 386 1667 1710,
409 1630 497 1667 4029,
524 1631 612 1665 5821,
643 1630 732 1667 6926,
760 1631 848 1667 7015,
872 1631 966 1668 7094,
991 1633 1086 1670 7102,

123 1682 213 1719 7112,
230 1683 319 1720 7158,
337 1683 427 1719 7177,
446 1683 537 1720 7179,
557 1684 648 1721 7201,
665 1684 759 1718 7218,
777 1684 869 1721 7226,
889 1685 981 1722 7228,
999 1685 1087 1722 7233,

122 1734 212 1772 7235,
229 1736 319 1773 7241,
335 1737 425 1773 7251,
443 1736 531 1774 7253,
550 1736 638 1773 7326,
656 1736 744 1773 7379,
764 1736 852 1766 7384.

82 1787 291 1819 Pistoriensis
314 1789 428 1819 civitas
454 1790 528 1826 151;
550 1807 588 1810 -
609 1789 765 1820 dioecesis
787 1790 860 1827 773,
879 1790 970 1828 2334,
996 1791 1086 1829 2335,

122 1840 211 1877 2896,
233 1842 323 1879 4441,
342 1842 431 1879 5526,
447 1842 523 1872 7449
536 1855 545 1879 ς
557 1858 598 1864 -
610 1842 744 1872 ecclesia
764 1843 857 1880 62503
869 1860 908 1865 —
923 1844 1088 1883 episcopus

122 1895 191 1935 765,
209 1895 396 1932 2136—2138,
417 1895 511 1932 7338;
531 1908 567 1917 --
582 1896 842 1935 archipresbyter
857 1897 926 1933 477,
944 1897 1031 1934 16333
1050 1915 1087 1920 —-

122 1955 168 1978 ec.
179 1946 211 1976 S.
221 1946 384 1977 Johauuis
400 1947 624 1985 Evangelistae
641 1947 715 1977 5931
732 1959 785 1984 ;-
795 1948 908 1977 domus
922 1948 954 1978 S.
968 1949 1087 1979 Mariae

124 1999 333 2038 Magdalenae
361 1999 458 2035 6330,
478 2017 517 2022 —
541 2000 654 2030 domus
683 1999 715 2030 S.
738 2001 859 2030 Mariae
885 2000 925 2030 ad
949 2001 1086 2030 Podium

104 2052 220 2090 '4156;
244 2070 283 2075 —
301 2053 414 2082 domus
442 2053 480 2082 fr.
506 2053 588 2082 min.
619 2053 710 2089 1715,
733 2054 830 2090 54723
855 2070 891 2076 —
909 2053 1023 2084 domus
1048 2054 1085 2085 [r.

121 2106 230 2145 praed.
249 2106 338 2136 6015.

81 2159 220 2189 Pistorio
237 2159 440 2198 (Ambrosius
459 2159 521 2198 de),
541 2160 697 2198 professor
709 2160 792 2198 juris
807 2160 910 2189 civilis
927 2160 1012 2190 7118.

79 2212 220 2242 Pistorio
233 2211 459 2251 (Ammanuati
477 2212 539 2252 (16).
557 2212 604 2243 Cf.
624 2213 847 2242 Ammannati.

80 2265 216 2295 Pistorio
239 2265 518 2304 (Bartholomaeus
540 2266 733 2295 Franchoris
757 2265 825 2304 (16),
848 2265 973 2296 tabellio
996 2266 1083 2295 7102.

79 2318 219 2349 Pistorio
244 2318 436 2357 (Clarentes,
457 2318 615 2356 Clarenti,
639 2318 820 2348 Clarentini
851 2318 914 2357 de).
938 2318 984 2348 Cf.
1011 2319 1085 2348 Cla-

119 2376 243 2409 rentes,
259 2371 413 2407 Clarenti‚
431 2371 545 2401 Claren
553 2372 623 2408 tini,
637 2371 852 2406 Clarentinus‚
867 2371 1034 2401 Clarentus
1048 2373 1085 2401 (16

121 2425 268 2455 Pistorio.

80 2478 218 2508 Pistorio
235 2477 429 2518 (phylippus
446 2478 579 2508 Soffredi
596 2478 648 2518 de)
664 2479 751 2508 7117.

78 2531 215 2562 Pistorio
229 2530 359 2570 (Sclatta
375 2531 414 2561 de
429 2531 639 2561 Cancellariis
656 2532 704 2566 de)
726 2532 813 2560 7116.

34 2598 38 2602 ’
78 2583 231 2622 Pitgham
245 2583 306 2623 (ec.
325 2583 390 2622 de),
409 2584 606 2614 Morinensis
625 2585 654 2613 d.
673 2584 760 2613 3126.

79 2636 235 2667 Pitiliano
249 2637 424 2676 (comitissa
439 2637 491 2676 (16)
508 2638 596 2666 7261.

79 2689 234 2720 Pitiliano
247 2690 306 2729 (ec.
325 2690 363 2720 fr.
381 2690 462 2720 min.
481 2690 545 2729 de),
562 2690 740 2720 Suanensis
755 2690 784 2719 d.
804 2689 890 2719 5949.

79 2743 162 2773 Pizii
179 2747 318 2773 castrum
335 2743 422 2773 7103.

79 2795 187 2826 Pizius
201 2796 240 2826 de
257 2795 456 2832 Belentanis,
473 2795 511 2825 de
530 2795 713 2832 Bilnitanis,
728 2796 902 2825 canonicus
913 2803 956 2825 ec.
972 2795 1004 2825 S.
1018 2795 1084 2824 Ma-

120 2849 185 2878 riae
200 2848 239 2878 de
256 2848 370 2887 Carpo,
388 2849 584 2878 Mutinensis
600 2849 630 2878 d.
648 2848 737 2886 5174,
757 2848 844 2877 5779.

78 2901 246 2932 Placentia
261 2902 329 2931 528.

77 2953 242 2985 Placentia
259 2954 317 2994 (ec.
336 2954 373 2984 B.
397 2955 518 2984 Mariae
534 2954 601 2992 de),
620 2954 817 2983 Pictavensis
835 2954 866 2983 d.
885 2952 976 2990 2983,
994 2952 1082 2984 4936.

52 3008 56 3011 ”
80 3005 243 3036 Placentia
257 3006 427 3045 (Giflridus
445 3006 508 3045 de).
525 3006 572 3035 Cf.
594 3005 749 3035 Giffridus
764 3005 802 3034 de
821 3004 993 3034 Placentia.

79 3057 242 3089 Placentia
257 3058 411 3097 (Rufinus
427 3058 479 3094 de)
497 3058 585 3087 4246.

220 3123 293 3151 Rso.
314 3123 440 3151 Niconis
460 3123 514 3152 IV.

1173 464 1359 495 Placentina
1381 465 1533 496 dioecesis
1554 465 1738 503 1146-1148,
1758 466 1844 503 1179,
1863 466 1951 503 5985,
1968 467 2055 503 5986,
2074 468 2172 505 6862,

1211 535 1249 540 —
1264 518 1377 548 domus
1393 519 1432 548 fr.
1450 519 1528 548 min.
1550 519 1635 554 1658,
1653 519 1740 548 2289.

1171 570 1353 601 Placentini
1371 576 1560 616 mercatores
1576 571 1663 602 3682.

1172 623 1379 654 Placentinus
1395 624 1558 663 episcopus
1575 625 1643 661 828,
1667 625 1752 661 1146,
1772 626 1856 664 1147,
1874 626 1960 656 6862.

1172 676 1283 714 Plagia
1301 679 1356 715 (ec.
1379 677 1410 707 S.
1430 677 1601 707 Salvatoris
1617 678 1679 716 de),
1700 678 1846 708 Lucanae
1861 678 1891 708 d.
1912 679 2000 709 4705.

1173 729 1348 768 Plaillyaco
1361 730 1478 769 (Guido
1496 730 1548 768 de)
1565 730 1653 760 6105.

1173 782 1317 812 Planello
1331 782 1559 822 (Raymundns
1574 783 1625 822 (16)
1645 784 1729 814 1993.

1173 836 1340 866 Planhauo
1354 836 1581 875 (Raymuudus
1594 837 1656 875 de),
1667 838 1860 868 camerarius
1871 838 2008 877 episcopi
2019 839 2172 869 Portuen-

1213 888 1254 917 sis
1274 888 1344 917 1641
1360 900 1367 924 ;
1381 905 1416 909 -
1431 889 1603 918 canonicus
1619 889 1814 926 Agathensis
1834 889 1918 927 1332,
1935 890 2026 928 5791,
2043 891 2130 920 5792.

1172 941 1340 970 Planhano
1357 941 1415 980 (ec.
1434 942 1466 971 S.
1484 942 1571 971 Petri
1590 942 1653 981 de),
1673 942 1868 972 Tholosanae
1884 943 1914 972 d.
1933 943 2021 974 5143.

1173 994 1283 1023 Planis
1303 994 1435 1033 (Bellis).
1454 995 1501 1024 Cf.
1522 995 1736 1034 Bellisplanis.

1173 1047 1282 1077 Planis
1311 1048 1492 1086 (parrochia
1518 1048 1550 1079 S.
1582 1048 1720 1078 Valerici
1751 1049 1816 1088 in),
1846 1049 2112 1088 Rothomagensis
2140 1050 2170 1079 d.

1212 1100 1396 1130 2510-2512.

1171 1153 1272 1183 Plano
1289 1156 1344 1190 (ec.
1362 1153 1395 1184 S.
1415 1153 1587 1183 Salvatoris
1603 1154 1654 1192 de)
1670 1154 1756 1183 6094.

1172 1206 1272 1235 Ρ1360
1288 1206 1347 1244 (ec.
1366 1207 1398 1235 S.
1417 1206 1538 1235 Mariae
1557 1206 1619 1245 de),
1635 1207 1802 1236 Firmanae
1818 1207 1848 1237 d.
1867 1207 1954 1237 5890.

1174 1258 1273 1289 Plano
1290 1259 1383 1298 (cella
1399 1259 1431 1288 S.
1451 1259 1615 1289 Michaelis
1632 1260 1691 1298 in).
1710 1260 1920 1290 Massiliensis
1936 1261 1966 1290 d.
1985 1261 2053 1290 526.

1173 1312 1272 1341 Plano
1289 1311 1348 1350 (ec.
1369 1312 1405 1341 B.
1434 1313 1553 1341 Mariae
1574 1312 1640 1351 de),
1662 1313 1906 1343 Terraconensis
1922 1313 1953 1343 d.
1971 1313 2064 1351 3430,
2081 1315 2170 1344 4850.

1172 1365 1273 1395 Plano
1290 1366 1347 1403 (66.
1366 1366 1398 1395 S.
1417 1366 1536 1395 Mariae
1557 1365 1608 1404 de)
1625 1366 1761 1395 civitatis
1778 1367 1893 1396 Esinae
1914 1366 2001 1396 2350.

1172 1417 1272 1447 Plano
1287 1427 1382 1457 prope
1398 1423 1536 1447 castrum
1553 1418 1739 1448 Fractarum
1755 1419 1813 1457 (ec.
1829 1419 1861 1450 S.
1876 1419 1994 1449 Mariae
2007 1420 2070 1459 de),
2082 1419 2173 1450 Gaie-

1213 1476 1303 1500 tanae
1319 1471 1349 1500 d.
1371 1471 1456 1500 1110.

1173 1524 1272 1553 Plano
1290 1525 1421 1553 Alsbatis
1435 1524 1581 1563 (campus
1597 1525 1692 1562 de)in
1710 1524 1894 1555 Falconario
1911 1525 1998 1555 2966.

1173 1577 1270 1607 Plano
1293 1577 1440 1615 (jai-pinis
1462 1577 1565 1616 (hosp.
1590 1578 1621 1607 S.
1647 1577 1808 1607 ζ10636615
1832 1577 2084 1607 Jerosolimitani
2105 1578 2170 1617 de),

1211 1630 1386 1660 Perusinae
1402 1630 1432 1659 d.
1449 1630 1516 1659 964.

1173 1683 1273 1712 Plano
1291 1683 1437 1712 Scarlani
1456 1687 1512 1719 (ec.
1530 1683 1562 1712 S.
1583 1683 1707 1713 Nicolai
1727 1683 1779 1722 de)
1796 1683 2008 1713 Viterbieusis
2023 1683 2110 1714 5638.

1172 1736 1358 1766 Platamone
1373 1736 1530 1775 (Alserius
1543 1736 1594 1775 de)
1609 1736 1676 1766 326.

1173 1789 1308 1819 Plataria
1332 1789 1502 1828 (prioratus
1526 1789 1578 1828 (le)
1604 1789 1828 1827 Lugdunensis
1852 1789 1930 1826 5503
1947 1806 1983 1811 -
2004 1789 2172 1828 (prioratus

1211 1843 1248 1872 Β.
1268 1843 1387 1872 Mariae
1405 1842 1467 1879 de),
1482 1842 1708 1880 Lugdunensis
1721 1841 1752 1871 (1.
1769 1841 1858 1871 4647.

1171 1896 1279 1925 Platea
1295 1895 1353 1934 (ec.
1372 1895 1404 1925 S.
1423 1895 1582 1925 dohannis
1600 1895 1649 1933 de)
1665 1895 1842 1925 Tudertiua
1858 1895 1946 1932 3872,
1964 1895 2050 1924 4704.

1171 1950 1279 1980 Platea
1294 1949 1352 1988 (ec.
1373 1949 1404 1979 S.
1423 1949 1583 1979 Johannis
1600 1949 1649 1984 de)
1667 1948 1868 1978 Urbevetana
1883 1948 1970 1978 3055.

1170 2002 1317 2032 Plateria.
1339 2001 1386 2032 Cf.
1405 2001 1553 2030 Plataria.

1171 2056 1276 2086 Plebis
1290 2054 1473 2094 (Castrum).
1491 2054 1539 2084 Cf.
1556 2055 1665 2084 Castro
1682 2054 1798 2083 Plebis.

1171 2109 1321 2147 Plesse5o
1338 2108 1468 2146 (Blanca
1485 2107 1547 2147 (16),
1567 2107 1758 2136 Parisiensis
1774 2107 1804 2136 d.
1825 2107 1892 2136 886.

1170 2162 1319 2200 Plesseyo
1336 2161 1505 2190 (ἔπι-16106111
1517 2160 1574 2199 (66.
1594 2160 1656 2198 (16),
1676 2160 1857 2198 Bajocensis
1874 2160 1904 2189 d.
1923 2160 2010 2190 2940.

1171 2214 1254 2243 Pletz
1270 2213 1446 2252 (Arnaldus
1462 2213 1524 2251 de),
1541 2213 1713 2242 canonicus
1730 2211 1998 2250 Havelbergensis
2011 2212 2098 2243 3775.

1170 2267 1309 2296 Plexano
1325 2266 1383 2305 (66.
1401 2265 1433 2295 S.
1452 2266 1535 2294 Petri
1552 2265 1614 2304 de),
1634 2265 1824 2295 Biterrensis
1842 2265 1872 2294 d.
1892 2265 1980 2295 3067.

1170 2319 1472 2358 Pleyinundestowe
1487 2318 1546 2356 (ec.
1566 2319 1626 2354 de),
1645 2317 1894 2347 Licheseldensis
1914 2318 1944 2347 d.
1963 2318 2050 2347 4657.

1170 2371 1374 2401 Plouasensis
1391 2371 1554 2409 episcopus
1571 2370 1658 2399 2860.

1170 2425 1284 2454 Pluvia
1299 2424 1527 2463 (Ray-mundus
1543 2424 1591 2460 (16)
1608 2423 1695 2453 6053.

1169 2477 1354 2515 Pocapaliae
1370 2477 1546 2515 (Jacobust,
1564 2476 1778 2506 cubicularius
1793 2485 1892 2515 papae
1907 2476 1996 2514 7653,
2014 2476 2089 2506 7654
2104 2489 2111 2515 ;
2132 2495 2170 2499 —

1209 2530 1400 2559 castellanus
1416 2529 1506 2565 Kiae,
1525 2530 1662 2559 Ortanae
1680 2529 1710 2558 d.
1729 2529 1818 2567 7001,
1836 2530 1924 2559 7002.

1171 2583 1258 2613 Pedii
1276 2587 1426 2619 castrum,
1448 2583 1622 2612 Esculauae
1639 2582 1671 2612 d.
1690 2582 1776 2612 7099.
1817 2582 1820 2584 ’

1169 2636 1260 2666 Ρο1111
1278 2636 1308 2665 S.
1330 2635 1478 2664 Erculani
1495 2640 1633 2664 castrum
1649 2635 1737 2672 7329,
1755 2635 1842 2666 7330.

1172 2690 1259 2719 Podii
1280 2689 1311 2719 S.
1330 2688 1471 2718 Marcelli
1492 2689 1566 2718 villa
1585 2688 1653 2718 713.

1171 2743 1262 2772 Podii
1280 2742 1529 2772 Summaevillae
1545 2746 1700 2779 castrum,
1717 2742 1801 2771 infra
1817 2742 2001 2772 comitatum
2018 2741 2168 2771 Sabiniae

1208 2795 1296 2825 7321.

1168 2849 1267 2878 Podio
1287 2847 1457 2886 (Berardus
1472 2847 1535 2886 de),
1553 2848 1725 2877 canonicus
1741 2848 1894 2877 Reatinus
1913 2847 2000 2876 6215.

1168 2901 1267 2930 Podio
1282 2900 1341 2939 (ec.
1362 2900 1394 2930 S.
1418 2900 1534 2929 Mariae
1550 2900 1602 2938 de)
1618 2900 1655 2929 de
1670 2900 1849 2936 Barbastro,
1866 2899 2014 2929 Oscensis
2030 2898 2060 2928 d.
2077 2898 2164 2928 2840.

1170 2953 1270 2983 Podio
1287 2954 1375 2982 Acon
1394 2953 1452 2990 (ec.
1471 2952 1503 2982 S.
1520 2952 1678 2981 Johannis
1695 2952 1744 2991 de)
1763 2952 1850 2981 5776.

1170 3006 1268 3035 Podio
1287 3005 1433 3035 Bastonis
1447 3005 1572 3043 (Petrus
1583 3005 1646 3043 de),
1659 3006 1830 3035 canonicus
1846 3013 1891 3034 ec.
1910 3004 2063 3034 Reatinae
2076 3002 2152 3032 5730

1169 3058 1268 3088 Podio
1288 3058 1394 3088 Bonici
1413 3057 1647 3096 (Bonaccursus
1666 3058 1715 3096 de)
1735 3056 1819 3086 1641.

1979 3121 2026 3147 157
