2393 3496
231 326 305 356 1014

231 392 488 426 izosiriEduarm,
501 390 620 427 Anylie,
638 394 663 418 et
680 389 783 417 dilecte
800 388 831 415 in
849 386 968 415 Christo
981 385 1043 421 filie
1059 384 1153 412 nobili
1168 391 1239 411 mu-

229 444 300 474 lieri
322 446 440 479 Blunce,
465 445 546 472 clare
566 442 710 470 memorie
731 439 881 476 Philippi,
904 438 1097 467 Francorum
1120 444 1237 472 reyum,

230 500 322 528 natis.
336 510 348 523 (ι
361 496 541 535 Apostolice
551 494 634 523 sedis
642 492 825 530 benignitas
835 491 1065 528 circumspecta
1073 489 1155 518 circa
1164 497 1238 526 qna-

228 552 332 582 litates
345 550 545 587 negotiorum
559 552 588 576 et
601 547 713 576 merita
731 553 938 583 personarum
956 543 1057 572 aciem
1072 542 1238 579 diligentis

229 602 493 635 considerationis
528 600 704 629 extendens
736 602 766 627 et
805 597 974 635 sollempni
1007 594 1238 625 deliberatione

228 657 420 696 prospitiens
432 654 508 692 quid
522 653 640 688 deceat,
654 651 732 690 quid
745 650 900 688 expediat,
915 648 1071 679 nonnulla
1083 656 1145 686 que
1159 646 1238 676 alias

229 709 339 739 illicita
363 711 571 737 noscerentur
586 706 680 735 certis
698 704 843 743 personis
858 702 1005 733 concedit
1020 701 1184 731 interdum
1201 700 1239 729 de

229 771 284 791 sue
316 759 517 800 plenitudine
551 758 729 797 potestatis,
762 756 927 796 presertim
960 764 1033 785 cum
1067 753 1239 783 necessitas

229 815 327 851 exigit
340 818 368 843 et
380 822 474 843 eausa
488 811 688 841 rationabilis
701 810 731 839 id
744 810 892 848 exposcit.
909 807 1093 847 Expositum
1108 806 1238 845 quidem

229 868 332 898 extitit
351 875 457 896 coram
483 865 575 895 nobis
599 864 682 903 qnod
712 873 747 894 ex
775 862 910 892 diversis
938 867 968 891 et
993 859 1240 890 rationabilibus

228 921 332 952 causis
357 919 470 958 cupitis
492 918 633 947 invicem
655 915 936 946 matrimonialiter
951 913 1111 953 copulari,
1132 912 1185 941 sed
1206 911 1237 940 id

229 975 321 1005 tertio
334 972 624 1010 consanguinitatis
639 970 739 1008 gradu
753 978 816 1008 quo
834 969 922 998 vobis
937 967 1080 997 attiiietis
1096 965 1238 995 invicem

228 1029 431 1068 prohibente,
450 1031 591 1056 vestrum
610 1034 672 1055 nou
691 1028 790 1062 potest
809 1024 840 1052 in
858 1022 917 1051 hac
933 1025 1020 1059 parte
1036 1020 1155 1057 absque
1172 1018 1237 1047 dis-

228 1082 414 1121 pensatione
430 1080 514 1109 diete
535 1078 620 1108 sedis
643 1076 840 1107 desiderium
857 1073 1036 1112 adimpleri.
1056 1072 1122 1102 Nos
1141 1071 1239 1108 igitur

228 1140 347 1165 attenta
365 1133 618 1164 consideratione
635 1133 805 1170 pensantes
819 1127 915 1168 quod,
928 1127 953 1156 si
970 1125 1154 1164 hujusmodi
1173 1133 1239 1154 ma-

229 1188 376 1219 trimonii
409 1187 621 1224 subsequatur
649 1186 796 1217 enectus,
830 1181 1015 1211 carissimus
1043 1179 1078 1209 in
1111 1178 1239 1208 Christo

228 1242 316 1272 filius
335 1245 441 1270 noster
462 1239 646 1273 Eduardus,
667 1246 719 1267 rex
741 1235 861 1273 Anglie
877 1233 1027 1269 illustriS,
1049 1235 1134 1270 pater
1153 1235 1237 1266 tuus,

227 1295 276 1324 fili
292 1294 448 1329 Eduarde,
466 1292 628 1329 negOtiuni
641 1290 738 1319 Terre
752 1290 880 1323 Sancte,
893 1286 976 1325 quod
994 1294 1049 1324 pro
1061 1284 1239 1314 reverentia

228 1347 439 1386 redemptoris
463 1351 493 1375 et
508 1344 709 1383 promotione
726 1342 799 1371 fidei
817 1341 851 1370 iu
868 1338 1168 1369 exterminationem
1186 1337 1238 1366 in-

228 1400 373 1430 fidelium
392 1398 573 1432 nationum,
592 1400 753 1433 tamqnam
773 1393 920 1432 princeps
936 1390 1237 1424 christianissimus,

229 1457 292 1483 tam
321 1455 464 1491 potenter
491 1459 587 1489 quain
608 1448 746 1477 virilite:
773 1444 1030 1485 prosequendum
1054 1442 1237 1481 assumpsit,

230 1512 316 1537 tanto
346 1504 524 1544 promptius
554 1507 704 1540 tantoque
735 1499 847 1530 utilius
878 1501 1087 1537 prosequetur
1118 1500 1239 1535 quanto

228 1559 333 1597 magis
347 1556 616 1588 transfretationis
630 1564 686 1584 sue
701 1558 840 1592 tempore
852 1560 988 1589 regnum
1001 1550 1120 1588 Anglie
1135 1550 1240 1579 dimit-

230 1619 294 1644 tere
318 1613 432 1652 poteiit
454 1613 487 1640 in
511 1611 628 1649 quiete,
655 1608 805 1647 quodque
821 1606 957 1636 barones
972 1603 1065 1642 regni
1087 1603 1237 1637 Francie,

228 1668 412 1698 animorum
430 1665 491 1694 sibi
506 1663 702 1701 ideniptitate
718 1659 942 1699 conjuiicti,ad
954 1657 1034 1687 illud
1048 1665 1240 1696 prosequere

229 1721 306 1751 dum
323 1724 517 1757 consurgent
532 1717 658 1747 vii-ilius
674 1720 703 1745 et
717 1715 893 1745 ferventius
909 1721 974 1742 una
989 1720 1097 1741 secum
1118 1711 1238 1750 [inten-

229 1774 378 1813 dent](‘?),
390 1774 499 1811 sicque
516 1781 570 1811 per
587 1771 645 1800 bec
658 1769 719 1808 ipsi
730 1769 827 1798 Terre
836 1767 951 1797 Sancte
967 1765 1067 1795 multa
1080 1770 1110 1794 et
1124 1773 1242 1802 magna

229 1833 380 1868 poterunt
389 1826 544 1856 utilitates
555 1829 585 1854 et
595 1823 728 1854 comoda
739 1820 918 1861 provenire.
932 1819 1102 1857 Sperantes
1114 1826 1241 1857 quoque

230 1882 326 1922 quod,
353 1882 379 1910 si
400 1888 462 1919 qua
490 1879 574 1908 inter
600 1877 734 1907 Francie
761 1873 944 1912 Anglieque
972 1881 1071 1910 regua
1099 1870 1241 1900 rancoris

229 1934 369 1966 scintilla
384 1933 586 1968 remanserit,
605 1940 641 1960 ex
658 1929 761 1968 ipsius
778 1925 980 1957 matrimonii
1000 1925 1112 1964 poterit
1127 1932 1242 1954 consu-

227 1989 371 2019 matione
387 1986 500 2022 deleri,
517 1990 578 2015 tani
593 1982 898 2023 pi·opterpi·emissas
909 1988 1006 2018 quam
1022 1982 1147 2017 propter
1162 1977 1241 2006 alias

228 2041 436 2082 quamplures
451 2037 657 2069 rationabiles
670 2044 782 2067 causas
796 2034 930 2070 inducti,
944 2041 1023 2071 quas
1032 2031 1160 2061 silentio
1171 2040 1240 2069 pre-

229 2097 364 2126 terimus
378 2094 417 2124 ad
431 2101 573 2132 presens,
590 2100 692 2130 queve
703 2089 741 2118 ad
755 2088 784 2117 id
802 2092 945 2117 nostrum
959 2094 1021 2115 non
1040 2084 1174 2122 indigue
1186 2084 1240 2112 sed

228 2148 460 2180 rationabiliter
487 2151 616 2175 movent
637 2143 786 2174 animum
815 2145 846 2170 et
873 2139 1050 2174 inducunt,
1074 2137 1239 2168 vobiscum

227 2209 274 2238 ut,
291 2201 522 2240 impedimento
541 2196 768 2236 sanguinitatis
785 2193 971 2233 hujusmodi
995 2201 1058 2221 uon
1077 2191 1236 2224 obstante,

228 2255 474 2286 matrimonium
500 2253 640 2282 invicem
666 2250 809 2287 legitime
838 2246 1028 2277 contrahere
1051 2254 1087 2274 ac
1107 2245 1140 2273 in
1166 2252 1241 2274 cou-

231 2316 328 2341 tracto
350 2316 515 2338 remanere
543 2305 629 2335 licite
652 2303 784 2333 valeatis
807 2301 993 2330 auctoritate
1011 2297 1180 2337 apostolica
1202 2296 1240 2325 de

229 2363 352 2403 spetiali
367 2362 468 2400 gratia
483 2360 718 2398 dispensamus.
731 2355 824 2386 Nulli
839 2362 914 2392 ergo
924 2353 1057 2383 omniuo
1070 2350 1239 2380 hominum

227 2418 323 2448 liceat
342 2416 424 2444 lianc
444 2414 593 2452 paginam
608 2415 714 2440 nostre
729 2406 981 2447 dispensationis
995 2405 1173 2442 insi-ingere
1189 2402 1238 2432 vel

228 2473 257 2502 ei
269 2480 348 2501 ausu
364 2468 532 2499 temerario
545 2465 715 2496 couti-aire.
728 2463 761 2492 Si
775 2462 846 2501 quis
858 2466 965 2490 autem
979 2459 1037 2488 hoc
1052 2461 1240 2494 attemptare

227 2524 468 2566 presumpserit,
487 2517 744 2557 indignationem
761 2513 993 2553 omnipotentis
1009 2511 1068 2542 Dei
1085 2516 1115 2540 et
1130 2511 1238 2539 beato-

227 2588 299 2609 rum
326 2576 412 2607 Petri
434 2578 463 2605 et
486 2573 577 2603 Pauli
595 2569 810 2610 apostolorniii
836 2569 905 2607 ejus
926 2575 958 2595 se
977 2565 1102 2595 noverit
1126 2563 1237 2592 incur-

228 2640 353 2662 surum.
378 2630 448 2659 Dat.
465 2628 549 2665 apud
568 2624 851 2658 Urbemveterem,
870 2630 890 2650 ii
913 2618 1067 2649 kalendas
1089 2616 1236 2654 augusti,

227 2685 433 2726 pontificatus
450 2680 550 2711 nostri
565 2687 651 2708 anno
667 2681 791 2715 quarto.
814 2687 826 2701 υ

298 2890 412 2920 ’ἴῧῖἵ
798 2881 926 2914 Orvieio,
946 2881 982 2907 1²¹·
1001 2879 1068 2905 aoi'it
1087 2877 1164 2905 1291.

263 2962 355 2988 Priori
372 2957 539 2995 provinciali
555 2955 664 2982 ordinis
681 2953 908 2988 praedicatorum
931 2951 958 2976 in
979 2947 1126 2984 provincia
1148 2945 1236 2971 Fran-

225 3012 286 3040 ciae
302 3015 330 3037 et
349 3017 384 3036 xi.
405 3007 540 3034 fruti-'ibus
561 3014 576 3031 a
600 3004 693 3039 priore
714 3001 854 3036 eligendis
879 2999 1119 3034 praedicationem
1139 2995 1235 3021 crucis

980 317 1216 349 REGISTBES
1239 316 1293 345 DE
1315 315 1499 345 NICOLAS
1523 315 1577 344 IV.

1322 381 1348 406 in
1374 380 1538 406 subsidium
1563 379 1667 405 Terrae
1693 378 1814 404 Sanctae
1839 377 1866 403 iu
1893 376 2010 402 Francia
2035 375 2196 402 committit.
2227 375 2322 407 (Anci-1.

1322 428 1405 459 Nn.,
1420 428 1448 461 J,
1464 427 1531 457 452.
1549 427 1604 460 34.)

1362 530 1470 558 Dilecto
1488 530 1553 566 filio
1575 553 1593 558 ..
1614 530 1715 567 priori
1730 529 1915 566 provinciali
1932 531 2068 565 fratrum
2091 529 2212 558 ordinis
2223 529 2324 566 predi·
2372 566 2373 570 Ἰ

1322 587 1460 611 calorum
1479 583 1511 611 in
1525 583 1684 620 provincia
1702 582 1838 611 Francie.

1364 648 1377 661 «
1393 634 1490 664 Terre
1507 634 1621 664 Sancte
1639 633 1892 664 miserabilem...
1909 649 1946 656 -—
1965 634 2035 663 Dat.
2054 633 2137 672 apud
2153 633 2325 665 Urbemve-
2372 643 2373 666 1

1324 693 1433 725 terem,
1448 687 1596 717 kalendis
1605 688 1742 726 augusti,
1754 687 1955 726 pontificatus
1968 687 2066 717 nostri
2081 695 2167 717 anno
2178 692 2298 726 quarto.
2309 699 2322 716 n

1391 861 1507 889 '23⁷8

1360 922 1451 949 Priori
1467 923 1594 957 generali
1610 923 1728 949 fratrum
1747 922 1949 948 heremitarum
1962 921 2071 948 ordinis
2085 921 2116 948 S.
2134 921 2288 956 Augustini
2299 926 2327 951 et

1322 972 1439 1006 triginta
1451 971 1588 998 fratribus
1600 971 1730 1006 ejusdem
1744 971 1853 998 ordinis
1863 971 1898 997 ab
1911 971 1974 1005 ipso
1991 970 2084 1005 priore
2094 970 2234 1005 eligendis
2245 979 2327 1006 prae-

1894 860 2022 892 Orvieto,
2042 860 2078 885 l·¹·
2095 860 2163 886 aout
2179 859 2256 887 1291.

1321 1020 1458 1046 dicandae
1484 1030 1495 1044 u
1520 1021 1616 1047 crucis
1639 1021 1799 1046 misterium
1823 1031 1836 1043 υ
1862 1021 1890 1046 in
1913 1020 2079 1046 civitatibus
2102 1025 2130 1046 et
2148 1019 2327 1049 dioecesibus
2376 1029 2377 1034 ¹

1321 1069 1393 1095 citra
1414 1077 1490 1095 mare
1511 1069 1537 1096 in
1560 1070 1668 1103 quilius
1689 1069 1792 1096 fieti-es
1815 1069 1946 1103 ejusdem
1970 1069 2079 1095 ordinis
2100 1072 2325 1105 commorantur,

1323 1127 1334 1142 ι
1353 1122 1448 1152 preter
1465 1118 1572 1150 Sicilie,
1592 1117 1706 1152 Ungui-e
1723 1126 1756 1144 ac
1773 1117 1890 1144 Boemie
1905 1126 1994 1152 regna
2009 1121 2038 1144 et
2058 1121 2153 1152 partes
2171 1117 2296 1152 Polonie,
2311 1128 2325 1145 ι

1321 1166 1483 1193 committit.
1499 1166 1599 1200 (Ar-cii.
1616 1165 1698 1197 Nux,
1717 1166 1746 1197 L,
1765 1166 1825 1199 277,
1844 1166 1893 1199 53;
1911 1166 1948 1192 cs.
1964 1166 2126 1198 ci-dessus,
2144 1172 2174 1193 n⁰
2189 1166 2280 1200 6805.)

1362 1269 1470 1298 Dilecto
1488 1269 1552 1306 filio
1573 1291 1594 1297 ..
1612 1269 1713 1307 priori
1730 1269 1867 1306 yenerali
1884 1270 2021 1305 fratrum
2039 1269 2262 1298 heremitarum
2278 1277 2327 1298 or-

1319 1321 1404 1350 dinis
1419 1321 1450 1352 S.
1468 1323 1636 1359 Auyustini
1653 1323 1698 1350 vei
1713 1321 1777 1358 ejus
1793 1323 1869 1351 vices
1884 1323 2010 1359 gerenti.

1363 1386 1376 1401 u
1395 1375 1490 1404 Tei-re
1505 1374 1620 1404 Sancte
1636 1374 1893 1405 miserabilem...
1911 1392 1950 1397 —-
1967 1375 2036 1404 Dat.
2054 1374 2136 1413 apud
2153 1374 2326 1405 Urbemve-

1322 1432 1432 1465 terem,
1447 1428 1594 1458 kalendis
1606 1429 1744 1466 augusti,
1759 1438 1819 1467 pon
1827 1429 1963 1459 tifieatus
1974 1428 2071 1458 nostri
2083 1437 2168 1459 anno
2176 1433 2297 1467 quarto.
2310 1439 2325 1457 ιι

1395 1600 1510 1629 ’ἴ3ἴ9
1921 1599 2049 1634 Orvieto,
2065 1599 2080 1627 3
2095 1600 2164 1627 aout
2179 1599 2259 1627 1291.

1359 1663 1385 1689 A
1403 1671 1469 1697 rege
1487 1662 1622 1689 Franciae
1638 1666 1754 1689 centum
1772 1663 1849 1689 milia
1864 1662 2001 1689 librarum
2018 1663 2219 1689 turonensium
2235 1661 2329 1697 nigro-

1325 1720 1387 1738 rum
1403 1712 1458 1738 sibi
1474 1712 1570 1738 debita
1586 1712 1698 1746 repetit.
1717 1711 1818 1744 (Anca.
1836 1710 1918 1743 ΝΑΤ.,
1934 1711 1962 1742 J.
1979 1711 2042 1745 715,
2059 1711 2115 1744 ⁶20.)

1365 1814 1529 1843 Carissimo
1542 1815 1574 1843 in
1589 1814 1706 1843 Christo
1719 1814 1784 1850 silio
1797 1815 1950 1851 Philippo,
1964 1815 2029 1852 reqi
2041 1814 2233 1843 Francorum
2242 1813 2328 1843 illus-

1325 1869 1378 1896 tri.
1393 1879 1406 1894 α
1422 1866 1511 1897 Sicut
1527 1871 1591 1904 tua,
1607 1866 1650 1896 fili
1666 1867 1841 1903 carissime,
1857 1867 2045 1897 excellentia
2060 1867 2142 1897 bene
2158 1867 2256 1904 novit,
2268 1866 2328 1898 du-

1324 1920 1401 1950 dum
1417 1919 1518 1950 felicis
1530 1920 1757 1950 recordationis
1769 1920 1928 1950 Martinus
1944 1929 2022 1960 papa
2038 1921 2118 1958 1111,
2131 1920 2328 1960 predecessor

1325 1978 1443 2009 noster,
1459 1973 1581 2002 malitia
1599 1974 1749 2012 temporis
1763 1974 1910 2011 faciente,
1927 1974 2024 2004 variis
2035 1978 2065 2004 et
2077 1974 2214 2004 diversis
2227 1972 2329 2004 causis

1324 2027 1503 2066 perplexus,
1534 2036 1590 2065 pro
1622 2027 1808 2057 defensione
1829 2027 1953 2066 jurium
1982 2036 2114 2058 romane
2137 2026 2270 2058 ecclesie
2294 2033 2330 2057 ac

1324 2080 1416 2119 regni
1437 2080 1567 2117 Sicilie,
1585 2080 1624 2110 ad
1640 2082 1731 2119 cujus
1745 2081 1987 2120 occupationem
2004 2080 2166 2120 quondam
2186 2081 2236 2117 P„
2254 2079 2329 2111 olim

1324 2143 1375 2163 rex
1392 2136 1591 2171 Aragonum,
1606 2133 1792 2171 predonicas
1806 2143 1922 2168 manus
1940 2134 2136 2170 extenderat,
2155 2133 2188 2163 in
2206 2131 2329 2171 magnis

1324 2187 1533 2225 pecuniarum
1549 2186 1686 2216 summis
1702 2195 1861 2216 cameram
1877 2187 1962 2216 sedis
1979 2187 2150 2226 apostolice
2165 2186 2327 2225 obligavit.

1324 2239 1468 2278 Cumque
1482 2239 1683 2277 postmodum
1698 2248 1755 2269 iios
1768 2239 1888 2269 dudum
1905 2240 2063 2270 decimam
2075 2239 2221 2270 omnium
2236 2237 2330 2270 ecclo-

1323 2293 1523 2322 siasticoruni
1542 2297 1754 2331 proxentuum
1774 2293 1807 2322 in
1828 2301 1926 2331 reguo
1944 2293 2079 2323 Francie
2096 2301 2132 2323 ac
2148 2293 2242 2323 certis
2258 2301 2329 2332 par-

1325 2346 1407 2375 tibus
1432 2346 1665 2384 circumpositis
1689 2354 1787 2383 regno
1810 2346 1870 2384 ipsi
1896 2346 1970 2383 tibi,
1999 2346 2054 2385 qui
2076 2347 2346 2386 prosecutionem,
2386 2352 2388 2379 ζ

1324 2399 1444 2437 negotii
1464 2400 1553 2437 regui
1576 2401 1784 2437 Aragoiium,
1806 2408 1871 2430 nou
1890 2401 1959 2430 sine
1982 2409 2097 2439 magno
2117 2407 2327 2440 expensarum

1321 2461 1428 2489 onere,
1447 2453 1621 2491 prudenter
1633 2458 1663 2482 et
1680 2453 1815 2482 viriliter
1828 2454 2042 2493 assumpsisti,
2060 2463 2160 2493 usqne
2174 2454 2214 2484 ad
2232 2453 2327 2484 trien-

1323 2508 1413 2536 nium
1430 2506 1616 2536 duxerimus
1637 2507 1893 2543 concedendam,
1912 2510 1955 2537 ita
1976 2512 2081 2538 tamen
2097 2507 2181 2547 quod
2200 2515 2327 2538 romane

1321 2560 1453 2590 ecclesie
1478 2568 1533 2598 pro
1560 2560 1626 2589 suis
1653 2561 1895 2590 necessitatibus
1911 2566 1941 2590 et
1968 2561 2121 2591 oneribus
2145 2560 2183 2590 de
2211 2560 2327 2600 prefata

1321 2614 1445 2643 decima
1469 2614 1604 2643 ducenta
1626 2613 1715 2642 inilia
1735 2613 1892 2643 librarum
1916 2613 2139 2644 turonensium
2161 2613 2325 2652 nigrorum

1320 2667 1353 2696 in
1372 2667 1495 2695 duobus
1516 2667 1662 2695 terminis
1681 2671 1807 2705 propter
1831 2667 1889 2696 boc
1913 2667 2072 2706 deputatis
2089 2671 2172 2697 certo
2190 2671 2326 2705 tempore

1320 2720 1441 2750 solvere
1456 2719 1604 2756 tenearis,
1622 2723 1713 2758 prout
1726 2720 1759 2748 in
1776 2719 1887 2749 littei-is
1898 2720 2079 2759 apostolicis
2092 2729 2187 2759 super
2199 2726 2323 2750 conces*

1320 2774 1409 2803 sione
1425 2773 1548 2802 decime
1566 2778 1737 2803 memorate
1751 2773 1904 2803 consectis
1919 2773 2047 2812 plenius
2061 2773 2254 2809 continetur,
2269 2778 2324 2802 nos

1320 2827 1453 2856 sei-venti
1471 2825 1629 2856 desiderio
1644 2826 1827 2856 affectantes
1843 2831 1905 2855 uta
1919 2827 2099 2857 debitorum
2117 2826 2242 2856 sarcina
2255 2831 2324 2855 con-

1320 2884 1489 2909 tractorum
1508 2888 1561 2917 per
1577 2879 1830 2918 predecessorem
1847 2879 1984 2909 eundem
2002 2880 2084 2910 dicta
2101 2887 2228 2910 camera
2245 2877 2323 2908 libe·

1319 2937 1422 2969 retur,
1439 2932 1663 2962 celsitudinem
1683 2933 1802 2970 regiam
1823 2934 1992 2962 affectuose
2011 2932 2206 2972 requirimus
2225 2935 2254 2962 et
2270 2938 2321 2961 ro-

1317 2995 1431 3024 gamus
1457 2994 1511 3024 per
1534 2985 1705 3024 apostolica
1731 2985 1787 3015 tibi
1811 2986 1926 3025 scripta
1953 2986 2143 3016 mandantes
2172 2984 2320 3024 quatinus
