2393 3496
926 295 1179 341 QUATRIEME
1201 295 1358 336 ANNnn.
2125 310 2179 338 771

142 387 155 402 «
179 373 271 404 Circa
286 381 395 403 curam
412 372 662 410 quarumlibet...
678 389 718 394 —
736 372 807 401 Dat.
823 371 906 410 apud
924 370 1101 401 Urbemve-

102 433 211 463 terem,
228 435 248 455 v
262 425 420 455 kalendas
435 425 574 462 augusti,
589 434 674 455 anno
689 429 812 464 quarto.
835 436 850 451 »

140 480 178 510 In
200 488 227 508 e.
247 487 290 508 m.
313 502 333 507 ..
351 477 485 508 Oscensi
504 481 533 508 et
550 501 570 507 ..
588 478 794 508 Tirasonensi
816 477 970 516 episcopis
995 480 1025 505 et
1043 476 1102 505 Be-

101 532 246 570 rengario
271 531 309 561 de
335 530 509 567 Fluviano,
538 531 691 561 canonico
718 531 890 567 Ilerdensi‚
915 529 1044 558 mandat
1068 533 1104 559 ut

100 584 276 626 praedictos
295 584 429 620 fructus,
446 583 588 613 redditus
607 588 636 614 et
652 587 822 623 proventus
840 582 942 613 eidem
960 582 1104 620 episcopo

100 648 156 678 per
171 637 347 667 triennium
365 636 490 674 integre
505 637 685 666 ministrari
704 637 830 666 faciant.

169 796 287 825 5228

134 857 267 884 Declarat
282 856 472 892 praebendam
491 855 708 882 Bonaventurae
722 855 824 882 Jacobi
841 856 1058 882 Bonaventurae
1075 856 1104 881 in

101 905 300 934 Cama-acensi
316 905 438 932 ecclesia
449 905 579 931 collatam
591 913 646 931 non
658 904 862 931 sacerdotalem
874 912 950 930 esse.
963 903 1046 937 (Rae.
1060 904 1102 935 46,

654 793 781 828 Orvieto‚
800 794 831 820 15
843 794 938 827 juillet
955 793 1032 820 1291.

100 955 239 989 c.375,1·.
257 955 290 981 74
308 957 353 982 ro.)

138 1057 349 1087 Bonaventure
368 1056 468 1085 Jacobi
487 1056 697 1084 Bonaventure
718 1055 752 1083 de
774 1054 858 1090 Urbe,
879 1055 1104 1091 consanyuineo

99 1109 197 1147 felicis
207 1109 430 1138 recordationis
442 1108 571 1137 Honora·
579 1116 654 1145 pape
664 1106 753 1143 Illlti,
772 1107 986 1144 predecessoris
995 1107 1103 1143 nostri,

100 1163 244 1192 canonico
263 1161 484 1191 Cameracensi.
503 1172 518 1187 «
536 1160 650 1189 Petitio
667 1164 718 1188 tna
735 1159 826 1189 nobis
844 1159 986 1188 exhibita
1001 1159 1105 1188 couti-

100 1214 196 1245 nebat
210 1214 294 1254 quod
311 1214 386 1244 olim
401 1215 453 1252 pie
470 1214 626 1243 memorie
645 1212 808 1242 Honorius
823 1220 902 1250 papa
917 1211 1021 1248 IIlIus,
1035 1219 1104 1250 pre-

101 1267 246 1298 decessor
267 1271 385 1303 noster,
407 1267 518 1298 volens
541 1266 598 1296 tibi
621 1265 790 1304 apostolice
813 1265 1034 1294 munificentie
1054 1265 1103 1303 ja-

101 1329 201 1350 nuam
215 1320 352 1359 aperire,
363 1320 589 1350 canonicatum
603 1324 633 1349 et
644 1318 836 1357 prebendam
854 1318 986 1348 ecclesie
997 1317 1106 1348 Came-

101 1373 254 1410 racensis,
265 1382 320 1412 per
331 1373 453 1403 obitum
467 1373 549 1403 bone
563 1373 718 1402 memorie
727 1371 884 1407 Ancheri,
896 1371 981 1401 tituli
990 1371 1106 1401 Sancte

55 1431 57 1434 '
102 1426 255 1457 Praxedis
275 1427 451 1465 presbyteri
472 1426 656 1461 cardinalis,
678 1425 780 1463 ipsius
797 1425 928 1455 ecclesie
946 1425 1105 1464 canonici,

101 1480 184 1518 apud
200 1479 307 1509 sedem
325 1479 531 1518 apostolicam
549 1478 741 1515 decedentis,
760 1475 835 1507 111116
854 1481 1013 1515 vacantes,
1033 1487 1105 1508 cum

101 1533 251 1564 omnihus
261 1533 389 1572 juribus
401 1538 430 1563 et
442 1532 644 1572 pertinentiis
656 1532 734 1568 suis,
748 1531 803 1561 tibi
819 1533 1006 1561 auctoritate
1021 1540 1108 1570 apos-

101 1585 195 1617 tolica
207 1586 342 1617 contulit
360 1590 391 1616 et
405 1586 544 1625 providit
558 1586 597 1615 de
611 1585 688 1623 illis,
702 1594 737 1614 ac
753 1585 903 1614 dilectum
922 1584 1026 1614 filium
1043 1593 1104 1614 ma-

100 1640 236 1679 gistrum
258 1640 461 1670 Bernardum
485 1640 522 1669 de
540 1639 748 1674 Carcassona,
769 1639 961 1668 canonicum
983 1639 1106 1668 Narbo-

100 1701 252 1730 nensem,
269 1693 470 1732 capellanum
493 1697 654 1727 nostrum,
673 1692 711 1722 de
734 1692 812 1730 ipsis
831 1696 882 1722 tuo
901 1693 1033 1722 nomine
1051 1702 1106 1731 per

101 1755 196 1776 sunm
209 1746 344 1776 anulum
358 1746 592 1785 presentialiter
607 1745 783 1780 investivit,
794 1745 968 1775 decernens
981 1749 1106 1775 extunc

100 1799 228 1830 irritum
247 1804 275 1829 et
291 1799 390 1830 inane
409 1800 435 1829 si
455 1808 544 1830 secus
566 1807 660 1837 super
675 1799 739 1828 hiis
756 1799 955 1837 contingeret
970 1804 1104 1838 attemp-

101 1853 200 1884 tari...
223 1853 344 1883 Verum
367 1853 453 1892 qnia,
478 1853 560 1882 sicut
581 1852 744 1888 asseritur,
768 1852 802 1881 in
828 1853 948 1891 prefata
973 1853 1106 1883 66616513

101 1904 140 1935 de
160 1905 293 1944 antiqua
317 1910 347 1936 et
369 1906 539 1944 approbata
562 1910 593 1935 et
614 1906 770 1935 hactenns
789 1906 919 1944 pacifice
941 1906 1106 1936 observata

100 1958 331 1989 consuetudine
347 1959 510 1988 obtinetur
529 1959 615 1997 qnod
632 1960 796 1997 episcopus
812 1959 868 1997 qui
888 1964 933 1988 est
953 1968 1008 1998 pro
1026 1964 1104 1988 tem-

99 2019 174 2051 pore
187 2015 218 2041 et
228 2011 404 2051 capitulum
418 2012 647 2042 Cameracense
660 2012 838 2050 prebendas
854 2013 996 2051 ejusdem
1009 2013 1105 2043 eccle-

90 2066 145 2095 -sie
168 2064 371 2102 alternatim,
390 2065 539 2095 videlicet
560 2065 645 2094 idem
672 2065 836 2104 episcopus
860 2066 955 2104 duas,
984 2067 1104 2096 dictum

98 2126 173 2148 vero
194 2118 368 2157 capitulum
390 2119 516 2148 tertiam
535 2118 714 2155 conferunt,
734 2127 807 2148 cum
826 2128 879 2149 eas
897 2128 1008 2149 vacare
1029 2129 1104 2150 con-

99 2171 205 2209 tingit,
228 2175 258 2200 et
282 2169 340 2200 illa
366 2180 427 2210 que
450 2180 504 2209 per
526 2170 702 2210 capitulum
723 2171 829 2210 ipsum
852 2173 1015 2202 confertur
1038 2177 1105 2212 post

98 2223 300 2254 collationem
318 2224 505 2263 hujusmodi
523 2224 728 2254 sacerdotalis
748 2224 884 2254 habetur
902 2226 1045 2264 qnandiu
1065 2226 1109 2255 ab.

97 2275 155 2307 1110
174 2277 229 2316 qui
251 2286 322 2306 eam
345 2286 362 2306 a
386 2277 528 2315 predicto
553 2278 692 2316 capitulo
717 2279 829 2317 recipit
854 2279 1020 2315 retinetur,
1043 2288 1104 2317 que

96 2333 204 2359 tamen
227 2329 440 2369 postmodum,
462 2339 535 2360 curn
560 2340 616 2369 per
637 2331 736 2369 ipsius
754 2331 918 2361 decessum
936 2331 984 2361 vel
1009 2333 1103 2362 etiam

98 2382 275 2413 cessionem
291 2392 407 2413 vacans
423 2383 462 2413 ad
484 2384 686 2414 collationem
708 2385 847 2423 episcopi
864 2386 1030 2415 memorati
1050 2372 1104 2415 dess

98 2434 250 2473 volvitur,
264 2436 363 2466 libera
382 2441 566 2475 reputatnr;
585 2442 628 2475 tn,
649 2439 704 2476 qui
722 2447 755 2467 es
770 2438 805 2467 111
822 2438 1001 2468 minoribus
1019 2439 1104 2468 ordi-

99 2489 194 2519 nibus
213 2489 417 2525 constitutus‚
439 2490 593 2520 dubitans
620 2499 661 2521 ne
684 2500 740 2530 pro
765 2499 801 2521 60
823 2491 906 2530 quod
930 2497 1105 2521 memorata

99 2542 259 2581 prebenda
273 2542 331 2572 tibi
346 2552 402 2581 per
417 2543 634 2582 supradictum
652 2544 906 2583 predecessorem
920 2543 1033 2574 collata
1048 2549 1105 2574 ter-

100 2595 144 2625 tia
157 2595 272 2632 fuerat,
289 2599 319 2626 et
336 2601 506 2634 spectasset
520 2597 560 2626 ad
578 2597 781 2628 collationem
800 2598 942 2636 ejusdem
962 2598 1102 2636 capituli,

100 2647 126 2678 si
141 2648 224 2687 apud
239 2649 393 2687 prefatam
411 2649 575 2679 ecclesiam
593 2650 782 2685 vacavisset,
800 2659 836 2680 ac
851 2660 906 2688 per
921 2651 981 2681 hoc
999 2660 1104 2680 sacer-

99 2700 179 2732 dotii
190 2709 271 2731 onus
286 2701 487 2731 incumberet
503 2701 553 2731 illi
571 2702 621 2731 cui
638 2707 720 2732 esset
734 2703 772 2733 de
788 2704 947 2742 prebenda
964 2703 1032 2742 ipsa
1049 2713 1105 2742 per

98 2753 276 2793 capitulum
300 2753 516 2793 supradictum
539 2754 716 2793 provisum,
736 2757 911 2786 secundum
935 2761 1104 2787 consuetu-

98 2806 208 2837 dinem
219 2807 422 2846 prelibatam‚
438 2806 600 2846 aliquibus
616 2808 723 2838 sorsan
740 2810 954 2839 asserentibus
970 2810 1104 2839 eandem

98 2860 295 2899 prebendam
320 2860 546 2890 sacerdotalem
569 2861 716 2897 existere,
742 2861 796 2891 tali
821 2863 986 2892 occasione
1011 2872 1104 2901 super

98 2913 168 2952 ipsa
184 2913 347 2952 prebenda
361 2913 543 2943 molestiam
561 2913 703 2952 aliquam
726 2915 864 2953 patiaris,
885 2916 976 2945 1101115
995 2915 1104 2945 11111111-

100 2965 175 2996 liter
193 2965 377 3005 supplicasti
398 2969 433 2996 ut
452 2966 619 3005 providere
636 2967 669 2995 in
693 2967 752 2997 hac
769 2972 857 3006 parte
874 2969 930 2998 tibi
952 2968 990 2998 de
1011 2977 1104 3007 opor-

1184 373 1262 399 tuno
1277 371 1420 401 remedio
1435 380 1630 402 curaremus.
1649 372 1714 402 Nos
1734 372 1844 410 igitur,
1865 373 1927 402 tuis
1946 373 2185 412 supplicationi-

1183 422 1242 452 bus
1258 423 1416 461 inclinati,
1437 425 1621 454 auctoritate
1638 424 1696 454 tibi
1718 425 1913 463 presentium
1930 425 2135 464 indulgemus
2152 432 2187 457 ut

1184 475 1318 504 eandem
1333 476 1524 514 prebendam
1538 481 1690 515 tanquam
1702 476 1836 507 liberam
1849 481 1878 507 et
1892 478 2078 508 sacerdotali
2091 487 2185 509 onere

1184 528 1317 557 omnino
1333 533 1505 565 carentem,
1519 538 1592 559 cnm
1602 529 1729 567 juribus
1742 533 1771 558 et
1783 530 1986 568 pertinentiis
1999 531 2075 566 suis,
2087 532 2185 569 possis

1184 580 1269 610 licite
1293 581 1446 617 retinere,
1465 590 1524 611 nec
1545 582 1667 612 ratione
1688 582 1789 621 ipsius
1809 583 1968 620 prebende
1990 584 2125 613 tenearis
2147 584 2187 613 ad

1185 634 1396 663 sacerdotium
1419 636 1599 672 promoveri
1624 644 1728 673 neque
1749 635 1787 665 ad
1808 636 1839 665 id
1861 645 1879 665 a
1900 644 2061 675 quoquam
2081 637 2187 666 valeas

1185 687 1329 716 coartari.
1355 686 1447 716 Nulli
1465 696 1550 724 ergo,
1571 692 1641 724 616.,
1662 693 1768 718 nostre
1787 689 2014 726 concessionis,
2032 693 2090 719 etc.
2113 689 2184 720 Dat.

1184 739 1269 778 apud
1286 739 1559 776 Urbemveterem,
1577 741 1684 771 idibus
1697 741 1782 780 Julii,
1801 750 1887 771 anno
1903 747 2025 780 quarto.
2045 754 2057 768 ιι

1256 897 1372 926 5ἵ29

1222 958 1368 985 Bet-nardo
1390 959 1424 985 de
1444 959 1628 985 Villamarino
1652 959 1699 986 dat
1719 959 1831 986 fructus
1853 968 1926 994 quos
1946 960 1991 986 ille
2013 969 2046 986 ex
2066 961 2187 988 ecclesia

1186 1007 1339 1034 Valentina
1354 1011 1414 1033 tum
1431 1011 1547 1034 vacante
1565 1007 1700 1042 percepit.
1721 1007 1802 1039 (Rau.
1819 1008 1862 1037 46.
1878 1016 1903 1035 c.
1920 1008 1980 1041 376,
1997 1009 2016 1036 f.
2033 1009 2065 1035 74
2083 1011 2134 1042 vo.)

1739 897 1865 928 Orvieto‚
1882 898 1916 924 ‘2⁶2
1928 899 2022 932 juillet
2038 899 2114 926 1291.

1228 1110 1380 1138 Ber-nardo
1401 1110 1435 1138 de
1458 1110 1674 1143 Villamarino,
1693 1109 1908 1138 archidiacono
1930 1110 2094 1139 Valentino.
2113 1122 2125 1137 α
2149 1111 2187 1139 111

1187 1166 1294 1192 nostra
1310 1162 1498 1200 proposuisti
1515 1162 1674 1201 presentia
1691 1162 1881 1191 constitutus
1896 1163 1980 1200 quod
1993 1162 2081 1198 olim,
2093 1162 2188 1192 eccle-

1187 1217 1234 1244 sia
1250 1215 1421 1244 Valentina
1444 1223 1498 1253 per
1516 1215 1638 1244 obitum
1660 1215 1739 1244 bone
1761 1216 1913 1245 memorie
1927 1216 2082 1254 ι135116111,
2103 1218 2187 1254 epis-

1187 1268 1257 1306 copi
1276 1267 1459 1303 Valentini,
1483 1268 1618 1306 pastoris
1641 1268 1798 1305 regimine
1825 1268 1986 1303 destituta,
2013 1268 2189 1306 capitulum

1188 1321 1330 1360 ejusdem
1347 1321 1479 1350 ecclesie
1496 1325 1524 1350 te
1538 1321 1571 1350 in
1589 1320 1799 1350 Valentinum
1815 1321 1996 1360 episcopum
2012 1321 2187 1359 elegerunt,

1188 1379 1218 1404 et
1234 1374 1420 1412 hujusmodi
1434 1373 1623 1403 electionem
1642 1378 1726 1403 tuam
1745 1396 1764 1402 ..
1780 1374 1955 1412 prepositus
1971 1378 2001 1403 et
2015 1374 2188 1413 capitulum

1189 1427 1320 1457 ecclesie
1337 1427 1602 1464 Terraconensis,
1623 1427 1683 1456 loci
1707 1426 1951 1465 metropolitice‚
1973 1432 2046 1457 tunc
2068 1432 2189 1465 pastore

1191 1481 1342 1517 vacantis,
1361 1480 1546 1510 auctoritate
1568 1479 1798 1518 metropolitica
1816 1480 2060 1517 confirmarunt,
2079 1485 2186 1518 tuque,

1189 1539 1258 1573 post
1276 1533 1465 1563 electionem
1484 1536 1515 1562 et
1534 1533 1811 1562 confirmationem
1829 1533 2030 1571 hujusmodi,
2045 1533 2189 1571 ejusdem

1189 1587 1320 1617 ecclesie
1342 1586 1655 1616 administrationem
1680 1586 1822 1624 gessisti,
1844 1586 1883 1615 de
1905 1586 2094 1623 redditibus,
2116 1595 2187 1624 pro-

1189 1641 1335 1670 ventibus
1354 1644 1384 1669 et
1402 1639 1474 1669 aliis
1492 1639 1584 1669 bonis
1600 1639 1699 1677 ipsius
1718 1639 1850 1669 ecclesie
1867 1639 1965 1669 libere
1980 1639 2187 1677 disponendo

1189 1693 1396 1722 Postmodum
1421 1697 1543 1729 autem,
1561 1691 1670 1721 volens
1694 1694 1746 1722 tue
1769 1692 1934 1730 providere
1957 1692 2072 1730 quieti,
2094 1701 2189 1722 omne

1185 1747 1238 1785 jus
1261 1745 1345 1784 quod
1371 1745 1425 1775 tibi
1449 1753 1485 1774 ex
1508 1744 1661 1774 electione
1687 1744 1873 1783 hujusmodi
1896 1749 1926 1773 et
1947 1744 2188 1774 confirmatione

1188 1800 1291 1829 fuerat
1311 1798 1505 1837 acquisitum
1531 1802 1640 1836 sponte
1661 1806 1698 1827 ac
1722 1797 1820 1827 libere
1846 1799 1880 1826 111
1904 1798 2019 1827 nostris
2041 1798 2189 1827 manibus

1187 1852 1376 1890 resignasti3
1397 1860 1528 1890 nosque,
1550 1851 1766 1888 resignatione
1790 1854 1923 1889 recepta,
1943 1850 2086 1880 nolentes
2105 1851 2188 1889 quod

1188 1905 1299 1936 eadem
1316 1905 1447 1935 ecclesia
1462 1904 1516 1934 diu
1534 1904 1694 1933 viduitatis
1709 1904 1921 1933 incommodis
1939 1903 2124 1942 subjaceret,
2138 1912 2189 1933 ve-

1187 1958 1365 1988 nerabilem
1384 1958 1513 1987 fratrem
1534 1962 1678 1986 nostrum
1695 1957 1747 1993 R„
1765 1957 1945 1995 episcopum
1966 1956 2187 1992 Valentinum,

1187 2012 1376 2051 prefecimus
1403 2011 1507 2040 cidem
1535 2010 1664 2040 ecclesie
1690 2010 1723 2038 in
1754 2009 1935 2047 episcopum
1963 2014 1992 2038 et
2018 2013 2184 2047 pastorem.

1187 2066 1292 2101 Quare
1316 2065 1407 2094 nobis
1432 2063 1598 2093 humiliter
1625 2062 1807 2101 supplicasti
1830 2067 1874 2098 ut,
1894 2071 1966 2091 cum
1988 2061 2187 2100 postmodum

1186 2119 1270 2148 intra
1290 2123 1317 2147 te
1334 2122 1364 2147 et
1381 2120 1594 2146 memoratum
1613 2116 1794 2154 episcopum
1817 2124 1910 2153 super
1931 2114 2098 2150 fructibus,
2116 2113 2186 2143 red-

1186 2171 1306 2201 ditibus
1319 2175 1348 2200 et
1363 2169 1569 2208 proventibus
1583 2168 1811 2207 episcopalibus
1828 2167 1971 2206 ejusdem
1986 2166 2116 2196 ecclesie
2132 2167 2188 2205 qui

1187 2224 1301 2254 exinde
1320 2233 1337 2253 a
1359 2228 1497 2261 tempore
1513 2222 1618 2252 obitus
1640 2221 1752 2260 prefati
1767 2220 1905 2258 Jasperti
1925 2228 2023 2258 usque
2039 2219 2079 2248 ad
2101 2219 2187 2248 diem

1186 2287 1248 2316 qua
1277 2276 1448 2314 resignasti
1479 2275 1581 2304 taliter
1607 2278 1823 2313 provenerunt
1848 2273 1984 2310 quedam
2009 2271 2187 2300 amicabilis

1186 2329 1372 2369 compositio
1388 2328 1598 2358 intervenisse
1617 2331 1776 2361 noscatur,
1795 2325 1961 2364 providere
1976 2325 2009 2354 iu
2028 2324 2086 2353 1136
2101 2327 2188 2362 parte

1188 2384 1254 2420 tibi,
1279 2392 1319 2412 ne
1338 2382 1502 2412 occasione
1524 2380 1737 2419 predictorum
1760 2379 1935 2414 fructuum,
1954 2377 2137 2407 reddituum
2159 2381 2189 2406 et

1186 2440 1398 2475 proventuum
1424 2435 1501 2464 61113
1526 2434 1662 2463 sormam
1690 2430 1926 2470 compositionis
1953 2430 2097 2468 ejusdem
2127 2428 2186 2458 ali-

1187 2496 1284 2526 quam
1308 2486 1483 2517 molestiam
1502 2486 1659 2515 sustinere
1679 2485 1796 2520 valeas,
1814 2483 1852 2513 de
1874 2487 2028 2521 oportuno
2047 2481 2188 2511 remedio

1187 2550 1383 2571 curaremus.
1396 2540 1461 2570 Nos
1475 2540 1584 2577 igitur,
1599 2539 1659 2568 tuis
1673 2536 1959 2576 supplicationibus
1974 2533 2187 2564 lavorabiliter

1187 2598 1382 2629 annuentes,
1405 2593 1542 2629 fructus,
1570 2591 1713 2621 redditus
1738 2594 1767 2619 et
1793 2592 1963 2628 proventus
1989 2587 2143 2626 predictos
2169 2595 2187 2615 3

1186 2647 1360 2686 prescripto
1381 2651 1520 2684 tempore
1538 2644 1648 2678 donec,
1668 2648 1701 2673 nt
1718 2642 1899 2681 predicitur,
1916 2641 1981 2680 juri
1997 2639 2136 2678 predicto
2151 2638 2184 2667 in

1186 2701 1337 2730 manibus
1354 2699 1470 2729 nostris
1485 2697 1608 2727 cessisti
1627 2701 1799 2735 perceptos,
1819 2699 1849 2724 et
1863 2695 1917 2733 qui
1939 2692 2057 2731 percipi
2075 2695 2183 2730 potue-

1187 2759 1261 2784 runt
1282 2763 1337 2783 seu
1359 2753 1552 2788 debuerunt,
1577 2750 1633 2780 tibi
1655 2749 1839 2779 auctoritate
1864 2746 2032 2786 apostolica
2051 2744 2184 2774 remitti-

1186 2817 1259 2837 mus
1273 2812 1302 2836 et
1317 2807 1474 2836 donamus
1487 2805 1525 2834 de
1537 2804 1639 2842 gratia
1655 2802 1796 2841 speciali,
1809 2810 1882 2831 cum
1897 2800 1936 2829 ad
1952 2799 1984 2828 id
2001 2798 2131 2837 predicti
2142 2797 2181 2826 R.

1187 2860 1324 2899 episcopi
1349 2867 1497 2888 assensus
1519 2857 1661 2893 accedat,
1687 2854 1912 2893 compositione
1938 2851 2076 2890 predicta
2104 2849 2185 2878 sicut

1187 2913 1317 2952 provide
1336 2912 1417 2942 facta
1443 2915 1504 2947 est,
1528 2911 1615 2940 utin
1640 2908 1754 2938 litteris
1778 2906 1852 2936 inde
1879 2904 2028 2935 consectis
2056 2902 2184 2941 plenius

1186 2965 1305 2995 dicitur
1319 2965 1486 2999 contineri,
1499 2964 1534 2992 in
1549 2971 1605 2992 suo
1624 2962 1734 2991 robore
1748 2960 1907 2989 duratura.
1922 2955 2010 2987 Nulli
2025 2963 2110 2992 ergo,
2125 2958 2182 2983 etc.
