2393 3496
224 325 281 354 878
969 312 1203 345 REGISTRES
1226 312 1279 341 DE
1302 310 1485 340 NICOLAS
1509 310 1564 339 tv.

226 396 369 425 town-vo,
389 388 559 427 Aquiu..tis
583 385 753 417 dioecesis,
772 384 805 412 in
827 386 961 421 quatuor
976 381 1084 410 beatae
1105 378 1225 408 Mariae

224 443 447 474 festivitatibus
475 446 502 469 et
529 450 581 477 per
606 442 673 467 orto
698 437 765 465 ‹tlics
791 439 968 472 sequentes.
1002 434 1060 461 Dat
1086 433 1223 466 Romae,

224 497 306 536 apud
336 498 482 525 Saurtaun
514 493 646 521 Mariani
678 491 848 527 Majorem,
875 486 1022 516 kalendis
1051 483 1223 517 februarii,

224 558 308 580 auno
323 554 442 587 quarto.
460 546 562 583 (ΙΙιῐιΙ.)

267 602 301 630 lu
326 612 352 630 c.
379 610 433 634 nr,
456 606 510 636 pro
535 597 665 625 ecclesia
689 594 795 623 Sancti
824 593 921 622 Blasii
944 592 981 621 de
1006 591 1225 626 Pontecurvo‚

226 653 392 692 :trininatis
409 651 571 685 dioecesis,
592 649 622 677 iu
639 648 806 677 testivitate
823 648 853 675 S.
875 645 990 679 Blasii,
1010 653 1063 682 per
1077 647 1145 672 octo
1158 641 1226 671 dies

224 712 389 744 sequentes
413 709 441 732 ct
470 704 500 731 iu
527 701 747 731 anniversario
771 700 822 729 die
845 697 1057 728 dedicationis
1082 695 1225 735 ejusdem

224 759 383 789 ecclesiae.

264 824 277 838 ιι
297 811 366 839 Vite
383 809 533 848 perennis
549 808 685 845 gloria...
704 824 741 827 —
761 807 830 836 Dat.
851 811 885 834 ut
903 813 1008 842 supra.
1028 815 1041 830 ι)
1061 802 1166 841 (ibid.)

531 886 886 918 Saintv-Maric-Majoure,
906 885 934 911 13
948 884 1060 918 janvicr
1079 882 1154 908 1392.

266 953 300 981 In
325 961 350 981 e.
376 960 435 981 m..
460 959 514 989 pro
538 949 669 979 ecclesia
692 950 824 978 Sanctae
851 947 962 977 Crucis
990 946 1163 979 Verulana,
1191 943 1225 972 iu

222 1005 363 1043 ejusden]
381 1009 507 1033 sauctae
523 1004 637 1033 cruris,
654 1001 889 1031 l‘urificationis
906 1001 1014 1029 beatae
1031 998 1149 1027 Mariae
1167 997 1225 1025 ses-

224 1058 396 1087 tivitatibus
412 1061 439 1085 et
460 1066 511 1095 per
526 1062 593 1085 orto
615 1056 681 1084 dies
698 1058 876 1092 sequentes,
898 1054 967 1081 Dat.
988 1052 1125 1084 Romae,
1144 1049 1227 1087 apud

223 1112 369 1141 Sanctam
389 1111 521 1139 Mariani
541 1110 703 1146 Majoreni,
719 1107 822 1136 idibus
835 1106 989 1143 januarii,
1005 1112 1090 1133 anno
1102 1107 1225 1142 quarto.

223 1165 326 1204 (ibid.)

804 1200 931 1230 Orvieto,
949 1198 981 1225 ‘24
995 1199 1059 1232 juin
1077 1197 1155 1224 1291.

264 1268 299 1296 111
312 1277 338 1296 e.
358 1276 412 1303 nr,
432 1274 487 1304 pro
503 1264 634 1295 ecclesia
650 1264 755 1292 Sancti
774 1262 932 1292 Johaiinis
951 1261 989 1290 de
1006 1261 1102 1290 Portu
1121 1259 1225 1297 Sugii,

222 1321 392 1350 Gaietanae
409 1318 575 1354 dioecesis,
591 1317 624 1346 in
642 1316 778 1353 siugulis
794 1316 903 1345 beatae
917 1314 1047 1349 Mariae,
1062 1314 1094 1342 S.
1106 1313 1227 1342 ‹Iohan-

222 1375 271 1403 nis
288 1379 316 1402 et
339 1377 520 1402 sanctarum
544 1370 733 1408 Margaritae
757 1374 786 1398 et
809 1368 925 1398 Luciae
949 1366 1174 1397 festivitatibus
1198 1369 1228 1395 et

222 1437 275 1467 per
292 1432 359 1456 octo
377 1426 442 1455 dies
458 1429 636 1462 sequentes

264 1491 276 1505 a
300 1478 392 1507 Claro
410 1485 620 1514 supernorum
637 1475 834 1505 consortio...
851 1490 890 1494 —
904 1474 974 1502 Dat.
989 1472 1072 1511 apud
1087 1471 1227 1502 Urbem-

222 1537 371 1567 veterem,
390 1540 445 1559 vut
462 1530 614 1559 kalendas
628 1528 714 1567 julii,
732 1536 818 1557 anuo
834 1531 957 1566 quarto.
974 1538 988 1553 »
1004 1525 1108 1565 (Ibid.)

522 1608 884 1642 Satnte-Marie-MaJeure,
901 1607 934 1634 ⁵23
948 1607 1061 1642 janvier
1079 1605 1156 1633 1292.

264 1676 297 1704 In
324 1684 351 1704 e.
378 1683 434 1705 m„
466 1682 520 1711 pro
546 1672 678 1702 ecclesia
704 1672 811 1701 Sancti
835 1671 921 1699 Justi
946 1669 984 1699 de
1010 1669 1226 1707 Marempma,

222 1727 458 1759 Xanctoncnsis
476 1726 638 1762 dioecesis,
652 1726 687 1754 in
701 1725 734 1754 S.
754 1724 839 1754 Justi
858 1727 889 1753 et
908 1723 940 1753 S.
961 1721 1086 1752 Nicolai
1104 1721 1228 1751 festivi-

221 1783 335 1813 tatibus
353 1786 381 1810 et
399 1790 452 1820 per
467 1785 535 1810 octo
551 1780 618 1809 dies
634 1782 814 1818 sequentes.

261 1849 274 1863 «ι
294 1837 364 1865 Vite
382 1834 532 1873 perennis
548 1833 687 1871 gloria...
703 1848 742 1855 —
760 1833 830 1862 Dat.
849 1832 963 1866 Rome,
981 1829 1065 1868 apud
1079 1828 1228 1858 Sanctam

220 1890 355 1919 Mariam
374 1889 545 1926 Majorem,
566 1896 585 1916 x
603 1886 756 1916 kalendas
772 1884 946 1920 februarii,
967 1891 1052 1913 anno
1070 1886 1191 1921 quarto.
1213 1893 1226 1908 n

218 1943 322 1982 (losa.)

290 2100 408 2129 6585
543 2097 903 2131 Sainte-tttarie-Majeui-e,
920 2097 934 2123 5
948 2097 1061 2130 janvier
1078 2094 1155 2122 1292.

255 2165 439 2199 Dispensatio
455 2171 542 2197 super
560 2161 718 2196 pluralitate
735 2160 950 2187 beneficiorum.
972 2158 1053 2191 (Rm.
1071 2158 1114 2190 46,
1127 2165 1152 2184 c.
1165 2157 1226 2188 731,

220 2216 237 2241 f.
259 2214 304 2239 14ss
322 2214 372 2244 νῦ.)

262 2311 426 2346 ..episcopo
442 2308 643 2336 Lincolniensi
654 2305 786 2334 mandat
800 2309 833 2333 ut
848 2312 921 2333 cum
939 2303 1090 2340 magistro
1106 2302 1228 2332 Thema

220 2364 257 2393 de
284 2365 438 2396 Suc-tone,
468 2361 692 2390 archidiacono
720 2359 757 2388 de
783 2358 1005 2395 Norhampton
1036 2357 1068 2385 in
1094 2355 1229 2386 ecclesia

221 2415 458 2451 Liuroluiensi,
491 2414 652 2451 dispenset
685 2416 739 2449 nt,
777 2416 900 2449 praeter
933 2410 1228 2439 archidiaconatum

219 2479 329 2505 snum,
351 2477 451 2498 unum
472 2468 557 2497 aliud
582 2466 773 2496 beneficium
797 2464 1049 2495 ecclesiasticum
1069 2463 1228 2501 suscipere

220 2523 324 2562 possit.

265 2588 277 2603 t(
310 2576 470 2604 Virtutum
499 2575 611 2603 merita
639 2573 794 2612 quibus...
823 2587 862 2594 —
889 2571 960 2600 Dat.
992 2571 1111 2607 Rome,
1143 2570 1226 2609 apud

218 2629 366 2660 Sanctam
382 2628 515 2657 Mariam
530 2628 693 2666 Majorem,
707 2624 963 2664 nonisJanuarii‚
975 2633 1061 2654 anuo
1073 2628 1198 2662 quarto.
1212 2635 1225 2650 »

288 2787 404 2816 6586
545 2783 906 2818 sainte-Marie-Majeure,
925 2783 939 2810 4
955 2783 1059 2810 sevi-ier
1076 2782 1154 2810 1292.

253 2850 357 2876 Contra
373 2846 589 2882 dilapidationes
607 2846 697 2880 Petri,
714 2846 826 2872 abbatis
850 2846 1016 2871 monasterii
1038 2844 1073 2870 de
1088 2844 1225 2871 Galliaco.

217 2899 300 2932 (lien.
317 2898 360 2928 46,
378 2905 403 2924 e.
421 2896 486 2929 732,
504 2897 522 2922 f.
544 2896 590 2922 146
609 2896 659 2929 νῦ.)

259 3016 278 3022 ..
296 2994 397 3022 abbati
414 2992 560 3022 secularis
577 2992 681 3021 Sancti
699 2991 788 3020 Pauli
803 2991 1004 3020 Narbonensis
1020 2995 1045 3019 et
1063 3011 1082 3018 ..
1099 2997 1225 3027 precen-

1312 377 1369 405 tori
1384 376 1563 404 Biterrensis
1574 373 1776 403 ecclesiarium.
1794 383 1807 398 α
1824 370 1974 409 Exposuit
1988 369 2078 399 nobis
2091 369 2186 398 frater
2201 370 2316 408 Ayrne-

1311 429 1394 458 ricus
1410 428 1448 457 de
1465 427 1560 461 Salis
1578 426 1754 456 monachus
1772 424 1955 455 monasterii
1970 423 2008 452 de
2025 422 2179 458 Galliaco,
2195 422 2315 453 ordinis

1310 482 1341 511 S.
1370 480 1547 516 Benedicti,
1572 479 1734 509 Albiensis
1757 478 1903 513 diocesis,
1929 476 2010 515 quod
2034 476 2156 510 Petrus
2185 475 2239 514 qui
2264 485 2316 515 pro

1310 534 1421 563 abbate
1433 532 1618 563 monasterii
1629 532 1756 570 predicti
1772 540 1804 560 se
1813 531 1906 568 gerit,
1920 531 2074 559 bonorum
2086 529 2184 567 ipsius
2194 537 2314 558 monas-

1311 587 1380 616 terii
1397 587 1587 625 dilapidator
1604 590 1633 615 et
1648 589 1853 622 consumptor
1867 583 2007 613 enormis
2024 582 2172 617 existens,
2187 585 2315 612 centnm

1311 639 1458 669 marchas
1472 639 1609 676 argenti,
1624 647 1702 677 quas
1719 639 1751 667 in
1771 638 1881 667 eodem
1897 636 2090 666 monasterio
2108 640 2245 673 tempore
2261 644 2316 666 sue

1310 692 1520 731 promotionis
1540 692 1682 726 invenit,
1706 700 1760 729 pro
1783 700 1838 720 sue
1860 690 1948 719 libito
1966 688 2140 719 voluntatis
2156 687 2314 726 expendit,

1310 755 1345 775 ac
1373 746 1487 782 viginti
1512 745 1626 774 calices
1650 748 1818 781 argenteos
1842 742 1890 772 vel
1917 743 2000 772 circa
2027 746 2057 771 et
2081 740 2316 780 quamplurima

1309 803 1499 829 ornamenta
1517 797 1731 827 ecclesiastica
1750 801 1780 827 et
1800 797 1897 826 libros
1917 795 2092 832 theologice
2110 793 2267 824 facultatis
2281 803 2316 826 ac

1307 854 1390 891 juris
1405 852 1552 882 canonici
1576 857 1605 881 et
1629 851 1751 886 civilis,
1773 859 1872 889 usque
1890 850 1928 879 ad
1948 849 2084 879 valorem
2106 852 2316 879 trecentarum

1311 906 1515 935 marcharum
1532 906 1669 942 argenti,
1686 910 1715 933 et
1728 903 1885 933 nonnulla
1901 903 1965 932 alia
1981 902 2062 932 bona
2078 902 2178 940 ipsius
2195 909 2316 932 monas-

1312 960 1380 989 terii
1397 958 1527 988 mobilia
1541 962 1569 987 et
1586 958 1689 987 eidem
1708 957 1899 987 monasterio
1916 955 2094 985 necessaria
2111 955 2219 984 minus
2233 955 2319 986 licite

1311 1012 1456 1042 vendidit
1481 1016 1509 1041 et
1532 1012 1628 1041 etiam
1651 1010 1817 1048 obligavit,
1843 1010 2046 1048 ipsorumque
2069 1009 2204 1047 pretium
2225 1006 2317 1038 dissi-

1312 1067 1396 1104 pavit
1412 1067 1586 1095 enormiter
1599 1070 1627 1094 et
1643 1064 1843 1103 consumpsit
1857 1074 1864 1100 3
1882 1064 2039 1101 prefatum
2051 1070 2177 1102 quoque
2193 1070 2319 1093 monas—

1313 1120 1440 1155 terium,
1463 1119 1535 1149 licet
1559 1119 1591 1147 iu
1616 1117 1794 1147 redditibus
1812 1125 1875 1146 non
1899 1116 2078 1151 habundet,
2103 1115 2320 1154 absquejusta

1311 1181 1417 1208 causa,
1436 1172 1499 1201 fere
1518 1172 1550 1200 in
1570 1171 1669 1200 :ribus
1686 1170 1819 1199 milibus
1837 1169 1992 1198 librarum
2015 1169 2238 1198 turonensium
2257 1172 2319 1198 tarn

1311 1233 1367 1263 pro
1390 1235 1422 1253 se
1438 1234 1535 1263 quam
1553 1233 1608 1263 pro
1628 1223 1746 1253 alienis
1763 1223 1880 1253 debitis
1896 1222 2064 1260 obligavit,
2084 1221 2226 1250 redditus
2243 1220 2320 1251 dicti

1311 1279 1497 1308 monasterii
1513 1277 1629 1308 valoris
1642 1277 1744 1307 annui
1756 1277 1966 1306 ducentarum
1980 1275 2183 1305 marcharum
2195 1279 2225 1304 et
2239 1274 2321 1305 ultra

1311 1333 1503 1372 quibusdam
1522 1332 1750 1361 mercatoribus
1768 1330 1990 1369 percipiendos
2007 1329 2046 1358 ab
2068 1329 2112 1358 eis
2128 1328 2168 1358 ad
2186 1327 2319 1366 longum
2347 1364 2350 1365 ⁷

1312 1392 1436 1425 tempus
1458 1385 1691 1415 nichilominus
1714 1383 1928 1414 concedendo.
1954 1382 2040 1412 ldem
2060 1382 2154 1412 etiam
2172 1380 2320 1420 pluribus

1311 1439 1683 1470 excommunicationum
1700 1437 1867 1467 sententiis
1883 1435 2072 1470 innodatus,
2090 1435 2204 1464 divina
2218 1434 2320 1465 officia

1310 1493 1472 1523 celebrare
1501 1501 1597 1531 seque
1621 1492 1697 1530 ipsis
1723 1491 1906 1520 immiscere
1933 1488 2145 1528 presumpsit.;
2172 1488 2320 1527 symonia

1311 1546 1444 1585 insuper
1467 1545 1558 1582 vitio,
1585 1544 1718 1583 perjurii
1744 1547 1774 1573 et
1798 1543 1871 1572 aliis
1897 1547 1943 1572 est
1968 1542 2103 1571 diversis
2127 1540 2321 1571 criminibus

1312 1599 1469 1635 irretitus,
1487 1602 1535 1634 et,
1553 1606 1593 1627 ne
1610 1606 1706 1635 super
1723 1597 1786 1626 hiis
1801 1606 1820 1626 a
1836 1596 2002 1626 monachis
2018 1595 2119 1633 ipsius
2135 1594 2322 1624 monasterii

1311 1657 1417 1691 posset
1432 1660 1528 1690 penes
1544 1651 1742 1689 superiorem
1761 1650 1896 1686 deferri,
1915 1648 2090 1679 nonnullos
2107 1657 2142 1677 ex
2159 1648 2249 1686 ipsis,
2267 1647 2322 1687 qui

1312 1711 1388 1736 sunt
1407 1706 1508 1745 major
1529 1714 1600 1744 pars
1624 1705 1718 1734 totius
1734 1708 1927 1740 conventus,
1946 1703 1984 1732 ad
2001 1702 2179 1741 jurandum
2195 1701 2323 1732 induxit

1313 1761 1397 1799 quod
1420 1769 1492 1790 eum
1518 1768 1581 1789 nou
1606 1761 1793 1788 accusarent
1816 1766 1874 1787 nec
1900 1760 2006 1786 essent
2029 1756 2063 1785 in
2084 1755 2191 1794 aliquo
2211 1759 2322 1785 contra

1312 1814 1431 1852 ipsum.
1459 1813 1577 1843 Contra
1600 1812 1740 1850 reliquos
1769 1815 1876 1840 autem
1902 1809 2076 1840 monachos
2097 1809 2172 1839 dicti
2194 1817 2321 1838 monas-

1312 1868 1396 1903 terii,
1427 1867 1482 1905 qui
1508 1866 1612 1895 eidem
1637 1865 1696 1895 tale
1721 1868 1910 1894 recusarunt
1931 1867 2070 1902 prestare
2086 1864 2321 1902 juramentum,

1313 1925 1417 1950 motus
1444 1920 1597 1955 indebite,
1626 1919 1724 1958 ipsos,
1752 1918 1851 1948 fultus
1876 1917 2014 1957 potentia
2041 1916 2188 1952 seculari,
2213 1924 2231 1946 a
2255 1915 2322 1946 suis

1312 1973 1505 2004 obedientiis
1525 1983 1580 2003 seu
1600 1972 1947 2006 administrationibus,
1966 1979 2044 2009 quas
2062 1979 2080 2000 a
2096 1970 2179 2000 dicto
2194 1978 2322 2000 monas-

1314 2028 1391 2057 terio
1410 2027 1575 2063 tenebant,
1593 2034 1762 2061 amovens,
1782 2025 1909 2055 eosdem
1929 2033 1983 2063 per
1999 2023 2152 2063 quosdam
2172 2023 2323 2053 satellites

1314 2086 1389 2111 tnnc
1416 2081 1585 2110 existentes
1616 2080 1648 2108 in
1679 2079 1763 2108 dicto
1794 2078 1987 2108 monasterio
2015 2076 2225 2116 personaliter
2253 2076 2323 2116 capi

1313 2134 1463 2172 precepit,
1481 2142 1548 2172 qui,
1568 2142 1621 2172 pre
1637 2134 1748 2162 timore
1765 2133 1868 2162 nimio
1881 2131 1927 2161 eis
1943 2140 1979 2161 ex
1997 2131 2056 2161 hoc
2072 2131 2269 2166 imminenti,
2283 2130 2322 2160 ad

1312 2187 1477 2217 ecclesiam
1495 2187 1573 2216 dicti
1596 2185 1782 2215 monasterii
1801 2185 1978 2222 fugientes,
2001 2193 2034 2214 se
2055 2184 2090 2213 in
2109 2184 2206 2214 choro
2222 2183 2323 2222 ipsius

1312 2241 1443 2270 ecclesie
1469 2243 1681 2278 receptarunt,
1713 2239 1768 2269 ubi
1791 2240 1893 2269 dictus
1916 2239 2012 2268 abbas
2035 2238 2131 2276 ipsos,
2155 2239 2209 2276 qui
2233 2242 2324 2268 erant

1312 2303 1427 2324 novem
1446 2294 1494 2323 vel
1517 2294 1643 2329 decem,
1666 2294 1785 2331 absque
1803 2293 1872 2322 cibo
1897 2297 1927 2322 et
1947 2296 2021 2330 potu
2044 2300 2098 2330 per
2124 2291 2230 2329 plures
2254 2290 2323 2320 dies

1311 2348 1453 2378 reclusos
1477 2353 1583 2377 tenere
1602 2346 1816 2385 presumpsit,
1836 2351 1865 2375 et
1889 2345 2018 2375 demum
2039 2344 2212 2374 monachos
2234 2352 2322 2382 sepe·
2361 2360 2382 2378 ,-

1311 2401 1423 2437 dictos,
1437 2401 1514 2430 dutn
1527 2400 1658 2438 quidam
1672 2408 1782 2429 eornm
1799 2399 1940 2428 vestibus
1951 2398 2058 2427 induti
2074 2396 2323 2427 sacerdotalibus

1311 2455 1430 2484 vellent
1447 2454 1618 2483 missarum
1641 2452 1799 2483 solemnia
1815 2451 1976 2481 celebrare
1988 2475 1995 2488 ,
2014 2460 2068 2490 per
2085 2450 2211 2480 eosdem
2228 2449 2322 2480 satel-

1310 2508 1382 2538 lites
1404 2508 1437 2536 iu
1462 2507 1596 2536 ecclesia
1621 2507 1689 2544 ipsa
1712 2507 1781 2544 capi
1807 2510 1837 2535 et
1858 2515 1911 2543 per
1930 2514 1999 2534 eam
2020 2504 2121 2540 trahi,
2137 2512 2173 2534 ac
2190 2504 2322 2534 demum

1310 2562 1425 2591 acriter
1442 2563 1621 2590 verberatos
1636 2561 1675 2590 ab
1691 2569 1727 2590 ea
1743 2559 1866 2589 extrahi
1882 2558 1957 2588 fecit
1969 2562 1999 2588 et
2015 2558 2083 2588 diro
2098 2557 2216 2588 carceri
2233 2565 2322 2587 man-

1310 2614 1429 2653 cipari,
1463 2614 1514 2643 ubi
1545 2614 1651 2643 adhuc
1681 2614 1816 2643 detineri
1848 2616 2045 2648 noscuntur,
2076 2611 2184 2650 paucis
2211 2619 2319 2640 eorum

1310 2668 1459 2706 exceptis,
1472 2668 1526 2706 qni
1541 2677 1594 2706 per
1609 2667 1672 2696 vim
1686 2671 1845 2697 etmetum
1861 2666 1917 2705 qui
1930 2665 2041 2695 cadere
2055 2667 2173 2704 poterat
2184 2664 2218 2693 iu
2230 2671 2321 2694 cons-

1311 2726 1412 2752 tantes
1427 2721 1526 2752 coacti
1546 2721 1675 2751 suerunt
1696 2720 1797 2750 eidem
1823 2720 1928 2749 abbati
1946 2722 2085 2758 prestare
2099 2718 2320 2757 juramentum

1309 2775 1391 2814 qnod
1410 2779 1520 2804 contra
1536 2784 1608 2803 eum
1631 2782 1694 2804 non
1719 2778 1825 2803 esseut
1849 2777 1879 2802 et
1899 2772 1937 2802 de
1954 2780 2017 2801 non
2038 2770 2196 2800 veniendo
2212 2774 2321 2801 contra

1306 2829 1528 2868 juramentum
1549 2828 1653 2866 ipsum
1675 2827 1750 2857 dare
1774 2826 2009 2864 fidejussoriam
2028 2824 2221 2854 cantionem.
2242 2823 2318 2853 Pre-

1311 2886 1394 2911 terea
1410 2881 1588 2919 sepedictus
1608 2881 1704 2910 abbas
1724 2879 1878 2919 quosdam
1897 2888 1933 2908 ex
1959 2877 2106 2917 predictis
2128 2875 2320 2906 satellitibus

1308 2935 1348 2965 ad
1366 2936 1541 2974 prioratum
1558 2934 1597 2964 de
1617 2933 1804 2969 Sestarolio,
1822 2932 1904 2962 dicte
1920 2931 2076 2967 diocesis,
2100 2930 2139 2960 ad
2158 2933 2318 2960 monaste-

1308 2989 1393 3019 rium
1405 2989 1509 3027 ipsum
1520 2988 1703 3018 immediate
1713 2990 1919 3026 spectantem,
1935 2984 2124 3021 transmisit,
2133 2983 2201 3022 qui,
2215 2982 2319 3022 priore
