<?xml version="1.0" encoding="UTF-8"?>
<!DOCTYPE html PUBLIC "-//W3C//DTD XHTML 1.0 Transitional//EN"
    "http://www.w3.org/TR/xhtml1/DTD/xhtml1-transitional.dtd">
<html xmlns="http://www.w3.org/1999/xhtml" xml:lang="en" lang="en">
 <head>
  <title>
</title>
<meta http-equiv="Content-Type" content="text/html;charset=utf-8" />
  <meta name='ocr-system' content='tesseract 3.04.00' />
  <meta name='ocr-capabilities' content='ocr_page ocr_carea ocr_par ocr_line ocrx_word'/>
</head>
<body>
  <div class='ocr_page' id='page_1' title='image "./lesregistresdeni02romeuoft_0242.png"; bbox 0 0 2393 3496; ppageno 0'>
   <div class='ocr_carea' id='block_1_1' title="bbox 257 315 1597 354">
    <p class='ocr_par' dir='ltr' id='par_1_1' title="bbox 257 315 1597 354">
     <span class='ocr_line' id='line_1_1' title="bbox 257 315 1597 354; baseline -0.007 0"><span class='ocrx_word' id='word_1_1' title='bbox 257 326 313 354; x_wconf 79' lang='lat'>916</span> <span class='ocrx_word' id='word_1_2' title='bbox 1000 316 1236 348; x_wconf 77' lang='lat' dir='ltr'>REGISTRES</span> <span class='ocrx_word' id='word_1_3' title='bbox 1258 317 1312 346; x_wconf 79' lang='lat' dir='ltr'>DE</span> <span class='ocrx_word' id='word_1_4' title='bbox 1335 315 1519 345; x_wconf 84' lang='lat' dir='ltr'><strong>NICOLAS</strong></span> <span class='ocrx_word' id='word_1_5' title='bbox 1542 315 1597 345; x_wconf 94' lang='lat' dir='ltr'>IV.</span> 
     </span>
    </p>
   </div>
   <div class='ocr_carea' id='block_1_2' title="bbox 250 384 1262 1804">
    <p class='ocr_par' dir='ltr' id='par_1_2' title="bbox 250 384 1262 1804">
     <span class='ocr_line' id='line_1_2' title="bbox 259 384 1262 430; baseline -0.01 -9"><span class='ocrx_word' id='word_1_6' title='bbox 259 396 287 421; x_wconf 71' lang='lat' dir='ltr'>et</span> <span class='ocrx_word' id='word_1_7' title='bbox 307 393 548 430; x_wconf 79' lang='lat' dir='ltr'>prosequeretur</span> <span class='ocrx_word' id='word_1_8' title='bbox 562 386 741 426; x_wconf 84' lang='lat' dir='ltr'>expressius</span> <span class='ocrx_word' id='word_1_9' title='bbox 755 394 849 423; x_wconf 88' lang='lat' dir='ltr'>super</span> <span class='ocrx_word' id='word_1_10' title='bbox 864 385 919 414; x_wconf 90' lang='lat' dir='ltr'>eis.</span> <span class='ocrx_word' id='word_1_11' title='bbox 937 384 1093 413; x_wconf 82' lang='lat' dir='ltr'>Miramur</span> <span class='ocrx_word' id='word_1_12' title='bbox 1108 387 1213 413; x_wconf 91' lang='lat' dir='ltr'>autem</span> <span class='ocrx_word' id='word_1_13' title='bbox 1232 386 1262 411; x_wconf 89' lang='lat' dir='ltr'>et</span> 
     </span>
     <span class='ocr_line' id='line_1_3' title="bbox 256 435 1259 481; baseline -0.01 -8"><span class='ocrx_word' id='word_1_14' title='bbox 256 444 353 481; x_wconf 82' lang='lat' dir='ltr'>digne</span> <span class='ocrx_word' id='word_1_15' title='bbox 371 442 454 481; x_wconf 87' lang='lat' dir='ltr'>quod</span> <span class='ocrx_word' id='word_1_16' title='bbox 466 464 474 478; x_wconf 91' lang='lat'><em>‚</em></span> <span class='ocrx_word' id='word_1_17' title='bbox 491 450 563 471; x_wconf 91' lang='lat' dir='ltr'>cum</span> <span class='ocrx_word' id='word_1_18' title='bbox 586 440 643 469; x_wconf 86' lang='lat' dir='ltr'>hec</span> <span class='ocrx_word' id='word_1_19' title='bbox 668 446 730 468; x_wconf 91' lang='lat' dir='ltr'>non</span> <span class='ocrx_word' id='word_1_20' title='bbox 750 437 816 466; x_wconf 88' lang='lat' dir='ltr'>sint</span> <span class='ocrx_word' id='word_1_21' title='bbox 833 435 988 466; x_wconf 88' lang='lat' dir='ltr'>oblivioni</span> <span class='ocrx_word' id='word_1_22' title='bbox 1006 435 1157 465; x_wconf 88' lang='lat' dir='ltr'>tradenda</span> <span class='ocrx_word' id='word_1_23' title='bbox 1169 459 1176 471; x_wconf 89' lang='lat'>,</span> <span class='ocrx_word' id='word_1_24' title='bbox 1196 442 1259 464; x_wconf 91' lang='lat' dir='ltr'>non</span> 
     </span>
     <span class='ocr_line' id='line_1_4' title="bbox 257 488 1260 535; baseline -0.011 -9"><span class='ocrx_word' id='word_1_25' title='bbox 257 496 442 535; x_wconf 85' lang='lat' dir='ltr'>exponenda</span> <span class='ocrx_word' id='word_1_26' title='bbox 456 492 613 532; x_wconf 84' lang='lat' dir='ltr'>neglectui</span> <span class='ocrx_word' id='word_1_27' title='bbox 628 499 688 530; x_wconf 85' lang='lat' dir='ltr'>que</span> <span class='ocrx_word' id='word_1_28' title='bbox 701 498 866 519; x_wconf 81' lang='lat' dir='ltr'>romanam</span> <span class='ocrx_word' id='word_1_29' title='bbox 885 488 1063 523; x_wconf 80' lang='lat' dir='ltr'>ecclesiam,</span> <span class='ocrx_word' id='word_1_30' title='bbox 1082 488 1260 517; x_wconf 88' lang='lat' dir='ltr'>libertatem</span> 
     </span>
     <span class='ocr_line' id='line_1_5' title="bbox 257 540 1259 580; baseline -0.011 0"><span class='ocrx_word' id='word_1_31' title='bbox 257 549 502 580; x_wconf 79' lang='lat' dir='ltr'>ecclesiasticam</span> <span class='ocrx_word' id='word_1_32' title='bbox 536 555 570 574; x_wconf 88' lang='lat' dir='ltr'>ac</span> <span class='ocrx_word' id='word_1_33' title='bbox 602 549 689 573; x_wconf 86' lang='lat' dir='ltr'>tuam</span> <span class='ocrx_word' id='word_1_34' title='bbox 718 543 751 572; x_wconf 90' lang='lat' dir='ltr'>in</span> <span class='ocrx_word' id='word_1_35' title='bbox 785 543 830 571; x_wconf 92' lang='lat' dir='ltr'>eis</span> <span class='ocrx_word' id='word_1_36' title='bbox 857 542 1012 579; x_wconf 82' lang='lat' dir='ltr'>regnique</span> <span class='ocrx_word' id='word_1_37' title='bbox 1038 541 1084 570; x_wconf 90' lang='lat' dir='ltr'>tui</span> <span class='ocrx_word' id='word_1_38' title='bbox 1111 540 1259 577; x_wconf 87' lang='lat' dir='ltr'>salutem,</span> 
     </span>
     <span class='ocr_line' id='line_1_6' title="bbox 257 593 1259 637; baseline -0.01 -5"><span class='ocrx_word' id='word_1_39' title='bbox 257 604 373 632; x_wconf 84' lang='lat' dir='ltr'>samam</span> <span class='ocrx_word' id='word_1_40' title='bbox 393 605 423 630; x_wconf 91' lang='lat' dir='ltr'>et</span> <span class='ocrx_word' id='word_1_41' title='bbox 439 599 574 637; x_wconf 79' lang='lat' dir='ltr'>gloriam</span> <span class='ocrx_word' id='word_1_42' title='bbox 597 601 658 626; x_wconf 87' lang='lat' dir='ltr'>tam</span> <span class='ocrx_word' id='word_1_43' title='bbox 681 595 865 625; x_wconf 75' lang='lat' dir='ltr'>notabiliter</span> <span class='ocrx_word' id='word_1_44' title='bbox 883 595 991 633; x_wconf 88' lang='lat' dir='ltr'>sicque</span> <span class='ocrx_word' id='word_1_45' title='bbox 1008 593 1162 633; x_wconf 80' lang='lat' dir='ltr'><strong>profunde</strong></span> <span class='ocrx_word' id='word_1_46' title='bbox 1182 602 1259 624; x_wconf 90' lang='lat' dir='ltr'>con-</span> 
     </span>
     <span class='ocr_line' id='line_1_7' title="bbox 258 647 1260 692; baseline -0.009 -8"><span class='ocrx_word' id='word_1_47' title='bbox 258 657 395 692; x_wconf 80' lang='lat' dir='ltr'>tingunt,</span> <span class='ocrx_word' id='word_1_48' title='bbox 424 660 481 681; x_wconf 89' lang='lat' dir='ltr'>nec</span> <span class='ocrx_word' id='word_1_49' title='bbox 506 659 560 689; x_wconf 89' lang='lat' dir='ltr'>per</span> <span class='ocrx_word' id='word_1_50' title='bbox 585 649 723 678; x_wconf 84' lang='lat' dir='ltr'>eundem</span> <span class='ocrx_word' id='word_1_51' title='bbox 746 648 927 687; x_wconf 83' lang='lat' dir='ltr'>episcopum</span> <span class='ocrx_word' id='word_1_52' title='bbox 952 647 991 677; x_wconf 87' lang='lat' dir='ltr'>ad</span> <span class='ocrx_word' id='word_1_53' title='bbox 1019 652 1159 677; x_wconf 88' lang='lat' dir='ltr'>nostram</span> <span class='ocrx_word' id='word_1_54' title='bbox 1188 656 1205 676; x_wconf 83' lang='lat' dir='ltr'>a</span> <span class='ocrx_word' id='word_1_55' title='bbox 1232 650 1260 676; x_wconf 86' lang='lat' dir='ltr'>te</span> 
     </span>
     <span class='ocr_line' id='line_1_8' title="bbox 255 699 1261 747; baseline -0.008 -10"><span class='ocrx_word' id='word_1_56' title='bbox 255 705 455 747; x_wconf 86' lang='lat' dir='ltr'>postmodum</span> <span class='ocrx_word' id='word_1_57' title='bbox 472 702 668 742; x_wconf 72' lang='lat' dir='ltr'>presentiam</span> <span class='ocrx_word' id='word_1_58' title='bbox 685 701 884 736; x_wconf 86' lang='lat' dir='ltr'>redeuntem,</span> <span class='ocrx_word' id='word_1_59' title='bbox 902 709 1006 739; x_wconf 91' lang='lat' dir='ltr'>neque</span> <span class='ocrx_word' id='word_1_60' title='bbox 1024 709 1079 738; x_wconf 90' lang='lat' dir='ltr'>per</span> <span class='ocrx_word' id='word_1_61' title='bbox 1094 699 1194 729; x_wconf 87' lang='lat' dir='ltr'>alium</span> <span class='ocrx_word' id='word_1_62' title='bbox 1206 722 1214 737; x_wconf 92' lang='lat'><em>‚</em></span> <span class='ocrx_word' id='word_1_63' title='bbox 1231 703 1261 730; x_wconf 88' lang='lat' dir='ltr'>et</span> 
     </span>
     <span class='ocr_line' id='line_1_9' title="bbox 255 752 1258 792; baseline -0.008 -2"><span class='ocrx_word' id='word_1_64' title='bbox 255 769 313 790; x_wconf 89' lang='lat' dir='ltr'>nec</span> <span class='ocrx_word' id='word_1_65' title='bbox 330 758 424 788; x_wconf 82' lang='lat' dir='ltr'>verbo</span> <span class='ocrx_word' id='word_1_66' title='bbox 442 765 498 786; x_wconf 86' lang='lat' dir='ltr'>nec</span> <span class='ocrx_word' id='word_1_67' title='bbox 521 754 635 784; x_wconf 82' lang='lat' dir='ltr'>litteris</span> <span class='ocrx_word' id='word_1_68' title='bbox 651 753 891 792; x_wconf 73' lang='lat' dir='ltr'>circumspectio</span> <span class='ocrx_word' id='word_1_69' title='bbox 909 754 997 791; x_wconf 83' lang='lat' dir='ltr'>regia</span> <span class='ocrx_word' id='word_1_70' title='bbox 1013 752 1100 783; x_wconf 83' lang='lat' dir='ltr'>dedit</span> <span class='ocrx_word' id='word_1_71' title='bbox 1116 761 1258 791; x_wconf 88' lang='lat' dir='ltr'>unquam</span> 
     </span>
     <span class='ocr_line' id='line_1_10' title="bbox 255 806 1259 846; baseline -0.005 -5"><span class='ocrx_word' id='word_1_72' title='bbox 255 812 346 843; x_wconf 79' lang='lat' dir='ltr'>nobis</span> <span class='ocrx_word' id='word_1_73' title='bbox 363 815 483 840; x_wconf 86' lang='lat' dir='ltr'>certum</span> <span class='ocrx_word' id='word_1_74' title='bbox 500 809 534 838; x_wconf 90' lang='lat' dir='ltr'>in</span> <span class='ocrx_word' id='word_1_75' title='bbox 552 809 611 838; x_wconf 86' lang='lat' dir='ltr'>hac</span> <span class='ocrx_word' id='word_1_76' title='bbox 627 811 714 846; x_wconf 82' lang='lat' dir='ltr'>parte</span> <span class='ocrx_word' id='word_1_77' title='bbox 729 816 928 846; x_wconf 85' lang='lat' dir='ltr'>responsum,</span> <span class='ocrx_word' id='word_1_78' title='bbox 947 807 1019 837; x_wconf 88' lang='lat' dir='ltr'>licet</span> <span class='ocrx_word' id='word_1_79' title='bbox 1035 815 1136 846; x_wconf 85' lang='lat' dir='ltr'>nuper</span> <span class='ocrx_word' id='word_1_80' title='bbox 1153 806 1259 836; x_wconf 90' lang='lat' dir='ltr'>dilecti</span> 
     </span>
     <span class='ocr_line' id='line_1_11' title="bbox 255 860 1260 897; baseline -0.006 -2"><span class='ocrx_word' id='word_1_81' title='bbox 255 866 312 896; x_wconf 90' lang='lat' dir='ltr'>filii</span> <span class='ocrx_word' id='word_1_82' title='bbox 332 863 454 894; x_wconf 84' lang='lat' dir='ltr'>nobiles</span> <span class='ocrx_word' id='word_1_83' title='bbox 470 863 531 892; x_wconf 83' lang='lat' dir='ltr'>viri</span> <span class='ocrx_word' id='word_1_84' title='bbox 550 861 716 891; x_wconf 86' lang='lat' dir='ltr'>Johannes</span> <span class='ocrx_word' id='word_1_85' title='bbox 734 861 772 890; x_wconf 87' lang='lat' dir='ltr'>de</span> <span class='ocrx_word' id='word_1_86' title='bbox 791 861 906 890; x_wconf 82' lang='lat' dir='ltr'>Sancto</span> <span class='ocrx_word' id='word_1_87' title='bbox 929 860 1079 891; x_wconf 59' lang='lat' dir='ltr'>,Iohanne</span> <span class='ocrx_word' id='word_1_88' title='bbox 1101 868 1137 889; x_wconf 91' lang='lat' dir='ltr'>ac</span> <span class='ocrx_word' id='word_1_89' title='bbox 1156 860 1260 897; x_wconf 77' lang='lat' dir='ltr'>Roge-</span> 
     </span>
     <span class='ocr_line' id='line_1_12' title="bbox 255 912 1259 951; baseline -0.007 -4"><span class='ocrx_word' id='word_1_90' title='bbox 255 926 308 947; x_wconf 91' lang='lat' dir='ltr'>rus</span> <span class='ocrx_word' id='word_1_91' title='bbox 325 916 427 945; x_wconf 89' lang='lat' dir='ltr'>dictus</span> <span class='ocrx_word' id='word_1_92' title='bbox 447 915 637 951; x_wconf 84' lang='lat' dir='ltr'>Lestrange,</span> <span class='ocrx_word' id='word_1_93' title='bbox 656 912 844 943; x_wconf 80' lang='lat' dir='ltr'>excellentie</span> <span class='ocrx_word' id='word_1_94' title='bbox 861 917 912 942; x_wconf 87' lang='lat' dir='ltr'>tue</span> <span class='ocrx_word' id='word_1_95' title='bbox 927 913 1051 948; x_wconf 83' lang='lat' dir='ltr'>nuntii,</span> <span class='ocrx_word' id='word_1_96' title='bbox 1070 912 1211 941; x_wconf 75' lang='lat' dir='ltr'>dixerint</span> <span class='ocrx_word' id='word_1_97' title='bbox 1231 916 1259 941; x_wconf 89' lang='lat' dir='ltr'>te</span> 
     </span>
     <span class='ocr_line' id='line_1_13' title="bbox 253 965 1257 1007; baseline -0.007 -7"><span class='ocrx_word' id='word_1_98' title='bbox 253 979 325 1001; x_wconf 90' lang='lat' dir='ltr'>cum</span> <span class='ocrx_word' id='word_1_99' title='bbox 343 969 443 1007; x_wconf 89' lang='lat' dir='ltr'>ipsius</span> <span class='ocrx_word' id='word_1_100' title='bbox 460 967 506 997; x_wconf 91' lang='lat' dir='ltr'>tui</span> <span class='ocrx_word' id='word_1_101' title='bbox 522 967 613 1005; x_wconf 86' lang='lat' dir='ltr'>regni</span> <span class='ocrx_word' id='word_1_102' title='bbox 631 965 761 1005; x_wconf 91' lang='lat' dir='ltr'>prelatis</span> <span class='ocrx_word' id='word_1_103' title='bbox 781 970 809 995; x_wconf 90' lang='lat' dir='ltr'>et</span> <span class='ocrx_word' id='word_1_104' title='bbox 825 965 909 995; x_wconf 80' lang='lat' dir='ltr'>clero</span> <span class='ocrx_word' id='word_1_105' title='bbox 929 965 961 994; x_wconf 91' lang='lat' dir='ltr'>in</span> <span class='ocrx_word' id='word_1_106' title='bbox 978 974 1053 1004; x_wconf 91' lang='lat' dir='ltr'>pace</span> <span class='ocrx_word' id='word_1_107' title='bbox 1071 965 1257 1002; x_wconf 80' lang='lat' dir='ltr'>consistere,</span> 
     </span>
     <span class='ocr_line' id='line_1_14' title="bbox 253 1017 1258 1062; baseline -0.006 -10"><span class='ocrx_word' id='word_1_108' title='bbox 253 1022 401 1062; x_wconf 87' lang='lat' dir='ltr'>qnodque</span> <span class='ocrx_word' id='word_1_109' title='bbox 417 1021 444 1050; x_wconf 91' lang='lat' dir='ltr'>si</span> <span class='ocrx_word' id='word_1_110' title='bbox 461 1020 533 1059; x_wconf 91' lang='lat' dir='ltr'>quis</span> <span class='ocrx_word' id='word_1_111' title='bbox 555 1019 594 1049; x_wconf 90' lang='lat' dir='ltr'>de</span> <span class='ocrx_word' id='word_1_112' title='bbox 616 1022 644 1048; x_wconf 88' lang='lat' dir='ltr'>te</span> <span class='ocrx_word' id='word_1_113' title='bbox 661 1018 710 1048; x_wconf 87' lang='lat' dir='ltr'>vel</span> <span class='ocrx_word' id='word_1_114' title='bbox 732 1018 793 1048; x_wconf 91' lang='lat' dir='ltr'>tuis</span> <span class='ocrx_word' id='word_1_115' title='bbox 813 1017 976 1056; x_wconf 88' lang='lat' dir='ltr'>querelam</span> <span class='ocrx_word' id='word_1_116' title='bbox 998 1018 1168 1056; x_wconf 77' lang='lat' dir='ltr'>deponeret</span> <span class='ocrx_word' id='word_1_117' title='bbox 1186 1018 1258 1056; x_wconf 89' lang='lat' dir='ltr'>jus-</span> 
     </span>
     <span class='ocr_line' id='line_1_15' title="bbox 255 1071 1261 1109; baseline -0.007 -3"><span class='ocrx_word' id='word_1_118' title='bbox 255 1077 357 1106; x_wconf 88' lang='lat' dir='ltr'>titiam</span> <span class='ocrx_word' id='word_1_119' title='bbox 375 1074 552 1104; x_wconf 81' lang='lat' dir='ltr'>exhiberes,</span> <span class='ocrx_word' id='word_1_120' title='bbox 571 1073 675 1108; x_wconf 84' lang='lat' dir='ltr'>Quare</span> <span class='ocrx_word' id='word_1_121' title='bbox 695 1072 900 1101; x_wconf 84' lang='lat' dir='ltr'>serenitatem</span> <span class='ocrx_word' id='word_1_122' title='bbox 922 1071 1042 1109; x_wconf 80' lang='lat' dir='ltr'>regiam</span> <span class='ocrx_word' id='word_1_123' title='bbox 1063 1080 1212 1109; x_wconf 84' lang='lat' dir='ltr'>rogamus</span> <span class='ocrx_word' id='word_1_124' title='bbox 1230 1074 1261 1100; x_wconf 90' lang='lat' dir='ltr'>et</span> 
     </span>
     <span class='ocr_line' id='line_1_16' title="bbox 253 1123 1257 1164; baseline -0.006 -5"><span class='ocrx_word' id='word_1_125' title='bbox 253 1130 457 1160; x_wconf 87' lang='lat' dir='ltr'>obsecramus</span> <span class='ocrx_word' id='word_1_126' title='bbox 467 1127 500 1156; x_wconf 93' lang='lat' dir='ltr'>in</span> <span class='ocrx_word' id='word_1_127' title='bbox 510 1126 637 1156; x_wconf 88' lang='lat' dir='ltr'>Christo</span> <span class='ocrx_word' id='word_1_128' title='bbox 645 1125 808 1164; x_wconf 83' lang='lat' dir='ltr'>quatinus,</span> <span class='ocrx_word' id='word_1_129' title='bbox 821 1124 906 1154; x_wconf 80' lang='lat' dir='ltr'>velut</span> <span class='ocrx_word' id='word_1_130' title='bbox 915 1125 1059 1163; x_wconf 85' lang='lat' dir='ltr'>princeps</span> <span class='ocrx_word' id='word_1_131' title='bbox 1070 1123 1257 1159; x_wconf 90' lang='lat' dir='ltr'>catholicus,</span> 
     </span>
     <span class='ocr_line' id='line_1_17' title="bbox 254 1177 1258 1212; baseline -0.006 0"><span class='ocrx_word' id='word_1_132' title='bbox 254 1183 375 1212; x_wconf 86' lang='lat' dir='ltr'>habens</span> <span class='ocrx_word' id='word_1_133' title='bbox 394 1180 434 1210; x_wconf 87' lang='lat' dir='ltr'>ad</span> <span class='ocrx_word' id='word_1_134' title='bbox 458 1181 562 1209; x_wconf 84' lang='lat' dir='ltr'>Deum</span> <span class='ocrx_word' id='word_1_135' title='bbox 584 1183 614 1208; x_wconf 91' lang='lat' dir='ltr'>et</span> <span class='ocrx_word' id='word_1_136' title='bbox 635 1178 675 1208; x_wconf 90' lang='lat' dir='ltr'>ad</span> <span class='ocrx_word' id='word_1_137' title='bbox 700 1178 833 1208; x_wconf 88' lang='lat' dir='ltr'>eandem</span> <span class='ocrx_word' id='word_1_138' title='bbox 855 1177 1020 1208; x_wconf 84' lang='lat' dir='ltr'>ecclesiam</span> <span class='ocrx_word' id='word_1_139' title='bbox 1046 1178 1258 1207; x_wconf 88' lang='lat' dir='ltr'>reverentiam</span> 
     </span>
     <span class='ocr_line' id='line_1_18' title="bbox 253 1231 1257 1270; baseline -0.005 -5"><span class='ocrx_word' id='word_1_140' title='bbox 253 1235 397 1270; x_wconf 88' lang='lat' dir='ltr'>filialem,</span> <span class='ocrx_word' id='word_1_141' title='bbox 410 1238 551 1263; x_wconf 89' lang='lat' dir='ltr'>mentem</span> <span class='ocrx_word' id='word_1_142' title='bbox 565 1232 685 1270; x_wconf 83' lang='lat' dir='ltr'>regiam</span> <span class='ocrx_word' id='word_1_143' title='bbox 698 1241 771 1261; x_wconf 91' lang='lat' dir='ltr'>vere</span> <span class='ocrx_word' id='word_1_144' title='bbox 783 1231 906 1270; x_wconf 81' lang='lat' dir='ltr'>judicio</span> <span class='ocrx_word' id='word_1_145' title='bbox 920 1231 1054 1261; x_wconf 89' lang='lat' dir='ltr'>rationis</span> <span class='ocrx_word' id='word_1_146' title='bbox 1066 1231 1257 1268; x_wconf 81' lang='lat' dir='ltr'>informans,</span> 
     </span>
     <span class='ocr_line' id='line_1_19' title="bbox 252 1284 1259 1326; baseline -0.006 -7"><span class='ocrx_word' id='word_1_147' title='bbox 252 1289 426 1326; x_wconf 77' lang='lat' dir='ltr'>diligenter</span> <span class='ocrx_word' id='word_1_148' title='bbox 445 1286 588 1316; x_wconf 85' lang='lat' dir='ltr'>attendas</span> <span class='ocrx_word' id='word_1_149' title='bbox 609 1290 639 1315; x_wconf 91' lang='lat' dir='ltr'>et</span> <span class='ocrx_word' id='word_1_150' title='bbox 655 1284 818 1323; x_wconf 84' lang='lat' dir='ltr'>intelligas</span> <span class='ocrx_word' id='word_1_151' title='bbox 836 1285 930 1314; x_wconf 87' lang='lat' dir='ltr'>verba</span> <span class='ocrx_word' id='word_1_152' title='bbox 949 1285 1047 1323; x_wconf 88' lang='lat' dir='ltr'>patris</span> <span class='ocrx_word' id='word_1_153' title='bbox 1068 1284 1202 1314; x_wconf 86' lang='lat' dir='ltr'>zelantis</span> <span class='ocrx_word' id='word_1_154' title='bbox 1219 1285 1259 1314; x_wconf 78' lang='lat' dir='ltr'>ab</span> 
     </span>
     <span class='ocr_line' id='line_1_20' title="bbox 252 1337 1257 1377; baseline -0.004 -6"><span class='ocrx_word' id='word_1_155' title='bbox 252 1340 394 1376; x_wconf 87' lang='lat' dir='ltr'>intimis,</span> <span class='ocrx_word' id='word_1_156' title='bbox 415 1344 466 1369; x_wconf 88' lang='lat' dir='ltr'>tue</span> <span class='ocrx_word' id='word_1_157' title='bbox 482 1338 594 1369; x_wconf 88' lang='lat' dir='ltr'>salutis</span> <span class='ocrx_word' id='word_1_158' title='bbox 610 1337 768 1377; x_wconf 86' lang='lat' dir='ltr'>profectus</span> <span class='ocrx_word' id='word_1_159' title='bbox 785 1338 897 1368; x_wconf 87' lang='lat' dir='ltr'>uberes</span> <span class='ocrx_word' id='word_1_160' title='bbox 913 1342 943 1367; x_wconf 89' lang='lat' dir='ltr'>et</span> <span class='ocrx_word' id='word_1_161' title='bbox 960 1338 1092 1368; x_wconf 88' lang='lat' dir='ltr'>honoris</span> <span class='ocrx_word' id='word_1_162' title='bbox 1113 1338 1159 1368; x_wconf 88' lang='lat' dir='ltr'>tui</span> <span class='ocrx_word' id='word_1_163' title='bbox 1179 1346 1257 1375; x_wconf 86' lang='lat' dir='ltr'>aug-</span> 
     </span>
     <span class='ocr_line' id='line_1_21' title="bbox 252 1390 1257 1430; baseline -0.004 -6"><span class='ocrx_word' id='word_1_164' title='bbox 252 1399 359 1425; x_wconf 88' lang='lat' dir='ltr'>menta</span> <span class='ocrx_word' id='word_1_165' title='bbox 372 1393 477 1423; x_wconf 83' lang='lat' dir='ltr'>felicia</span> <span class='ocrx_word' id='word_1_166' title='bbox 488 1392 568 1422; x_wconf 81' lang='lat' dir='ltr'>votis</span> <span class='ocrx_word' id='word_1_167' title='bbox 584 1391 784 1421; x_wconf 82' lang='lat' dir='ltr'>ferventibus</span> <span class='ocrx_word' id='word_1_168' title='bbox 797 1391 955 1430; x_wconf 90' lang='lat' dir='ltr'>cupientis</span> <span class='ocrx_word' id='word_1_169' title='bbox 969 1402 975 1428; x_wconf 90' lang='lat'>;</span> <span class='ocrx_word' id='word_1_170' title='bbox 993 1395 1024 1421; x_wconf 92' lang='lat' dir='ltr'>et</span> <span class='ocrx_word' id='word_1_171' title='bbox 1039 1390 1132 1430; x_wconf 89' lang='lat' dir='ltr'>plene</span> <span class='ocrx_word' id='word_1_172' title='bbox 1151 1390 1257 1421; x_wconf 87' lang='lat' dir='ltr'>consi-</span> 
     </span>
     <span class='ocr_line' id='line_1_22' title="bbox 250 1445 1259 1486; baseline -0.003 -9"><span class='ocrx_word' id='word_1_173' title='bbox 250 1449 366 1478; x_wconf 76' lang='lat' dir='ltr'>derans</span> <span class='ocrx_word' id='word_1_174' title='bbox 383 1447 459 1486; x_wconf 84' lang='lat' dir='ltr'>quid</span> <span class='ocrx_word' id='word_1_175' title='bbox 478 1446 532 1476; x_wconf 88' lang='lat' dir='ltr'>tibi</span> <span class='ocrx_word' id='word_1_176' title='bbox 549 1446 659 1475; x_wconf 88' lang='lat' dir='ltr'>divina</span> <span class='ocrx_word' id='word_1_177' title='bbox 678 1445 820 1484; x_wconf 86' lang='lat' dir='ltr'>potentia</span> <span class='ocrx_word' id='word_1_178' title='bbox 836 1445 1019 1484; x_wconf 82' lang='lat' dir='ltr'>pollicetur,</span> <span class='ocrx_word' id='word_1_179' title='bbox 1040 1445 1119 1483; x_wconf 89' lang='lat' dir='ltr'>quid</span> <span class='ocrx_word' id='word_1_180' title='bbox 1136 1449 1259 1484; x_wconf 76' lang='lat' dir='ltr'>ternpo-</span> 
     </span>
     <span class='ocr_line' id='line_1_23' title="bbox 251 1497 1260 1537; baseline -0.003 -7"><span class='ocrx_word' id='word_1_181' title='bbox 251 1501 328 1531; x_wconf 89' lang='lat' dir='ltr'>ralis</span> <span class='ocrx_word' id='word_1_182' title='bbox 355 1504 384 1530; x_wconf 90' lang='lat' dir='ltr'>et</span> <span class='ocrx_word' id='word_1_183' title='bbox 418 1504 528 1529; x_wconf 80' lang='lat' dir='ltr'>eterna</span> <span class='ocrx_word' id='word_1_184' title='bbox 557 1499 723 1528; x_wconf 79' lang='lat' dir='ltr'>retributio</span> <span class='ocrx_word' id='word_1_185' title='bbox 753 1498 963 1537; x_wconf 88' lang='lat' dir='ltr'>repromittit,</span> <span class='ocrx_word' id='word_1_186' title='bbox 994 1498 1072 1537; x_wconf 87' lang='lat' dir='ltr'>quid</span> <span class='ocrx_word' id='word_1_187' title='bbox 1104 1498 1150 1527; x_wconf 90' lang='lat' dir='ltr'>tui</span> <span class='ocrx_word' id='word_1_188' title='bbox 1182 1497 1260 1528; x_wconf 87' lang='lat' dir='ltr'>clari</span> 
     </span>
     <span class='ocr_line' id='line_1_24' title="bbox 252 1551 1259 1591; baseline -0.003 -7"><span class='ocrx_word' id='word_1_189' title='bbox 252 1554 394 1584; x_wconf 87' lang='lat' dir='ltr'>nominis</span> <span class='ocrx_word' id='word_1_190' title='bbox 410 1553 494 1583; x_wconf 81' lang='lat' dir='ltr'>fame</span> <span class='ocrx_word' id='word_1_191' title='bbox 511 1552 692 1591; x_wconf 88' lang='lat' dir='ltr'>proveniat,</span> <span class='ocrx_word' id='word_1_192' title='bbox 710 1552 828 1591; x_wconf 88' lang='lat' dir='ltr'>quidve</span> <span class='ocrx_word' id='word_1_193' title='bbox 845 1556 897 1582; x_wconf 88' lang='lat' dir='ltr'>tua</span> <span class='ocrx_word' id='word_1_194' title='bbox 914 1555 1015 1582; x_wconf 86' lang='lat' dir='ltr'>mater</span> <span class='ocrx_word' id='word_1_195' title='bbox 1030 1551 1162 1591; x_wconf 77' lang='lat' dir='ltr'>ecclesia</span> <span class='ocrx_word' id='word_1_196' title='bbox 1178 1552 1213 1580; x_wconf 90' lang='lat' dir='ltr'>in</span> <span class='ocrx_word' id='word_1_197' title='bbox 1231 1556 1259 1581; x_wconf 92' lang='lat' dir='ltr'>te</span> 
     </span>
     <span class='ocr_line' id='line_1_25' title="bbox 252 1605 1259 1645; baseline -0.003 -8"><span class='ocrx_word' id='word_1_198' title='bbox 252 1609 289 1637; x_wconf 90' lang='lat' dir='ltr'>de</span> <span class='ocrx_word' id='word_1_199' title='bbox 306 1616 361 1636; x_wconf 90' lang='lat' dir='ltr'>sue</span> <span class='ocrx_word' id='word_1_200' title='bbox 379 1607 444 1645; x_wconf 88' lang='lat' dir='ltr'>spei</span> <span class='ocrx_word' id='word_1_201' title='bbox 460 1605 665 1644; x_wconf 86' lang='lat' dir='ltr'>conceptione</span> <span class='ocrx_word' id='word_1_202' title='bbox 676 1605 841 1644; x_wconf 85' lang='lat' dir='ltr'>percipiat,</span> <span class='ocrx_word' id='word_1_203' title='bbox 861 1605 897 1643; x_wconf 90' lang='lat' dir='ltr'>si,</span> <span class='ocrx_word' id='word_1_204' title='bbox 911 1605 995 1644; x_wconf 87' lang='lat' dir='ltr'>quod</span> <span class='ocrx_word' id='word_1_205' title='bbox 1011 1605 1111 1635; x_wconf 90' lang='lat' dir='ltr'>absit!</span> <span class='ocrx_word' id='word_1_206' title='bbox 1130 1605 1259 1634; x_wconf 86' lang='lat' dir='ltr'>libertas</span> 
     </span>
     <span class='ocr_line' id='line_1_26' title="bbox 251 1658 1258 1697; baseline -0.003 -7"><span class='ocrx_word' id='word_1_207' title='bbox 251 1660 463 1691; x_wconf 83' lang='lat' dir='ltr'>ecclesiastica</span> <span class='ocrx_word' id='word_1_208' title='bbox 479 1659 729 1689; x_wconf 79' lang='lat' dir='ltr'>ecclesiasticeve</span> <span class='ocrx_word' id='word_1_209' title='bbox 748 1667 881 1697; x_wconf 86' lang='lat' dir='ltr'>persone</span> <span class='ocrx_word' id='word_1_210' title='bbox 905 1659 949 1688; x_wconf 91' lang='lat' dir='ltr'>sic</span> <span class='ocrx_word' id='word_1_211' title='bbox 975 1659 1199 1697; x_wconf 81' lang='lat' dir='ltr'>dispendiose,</span> <span class='ocrx_word' id='word_1_212' title='bbox 1224 1658 1258 1687; x_wconf 87' lang='lat' dir='ltr'>in</span> 
     </span>
     <span class='ocr_line' id='line_1_27' title="bbox 252 1712 1259 1751; baseline -0.001 -9"><span class='ocrx_word' id='word_1_213' title='bbox 252 1714 396 1743; x_wconf 80' lang='lat' dir='ltr'>divinam</span> <span class='ocrx_word' id='word_1_214' title='bbox 413 1713 588 1749; x_wconf 80' lang='lat' dir='ltr'>offensam,</span> <span class='ocrx_word' id='word_1_215' title='bbox 608 1712 748 1751; x_wconf 84' lang='lat' dir='ltr'>predicte</span> <span class='ocrx_word' id='word_1_216' title='bbox 769 1716 985 1751; x_wconf 85' lang='lat' dir='ltr'>contemptum</span> <span class='ocrx_word' id='word_1_217' title='bbox 1007 1712 1138 1742; x_wconf 84' lang='lat' dir='ltr'>ecclesie</span> <span class='ocrx_word' id='word_1_218' title='bbox 1153 1721 1189 1742; x_wconf 88' lang='lat' dir='ltr'>ac</span> <span class='ocrx_word' id='word_1_219' title='bbox 1209 1717 1259 1742; x_wconf 87' lang='lat' dir='ltr'>tue</span> 
     </span>
     <span class='ocr_line' id='line_1_28' title="bbox 252 1765 1257 1804; baseline -0.002 -8"><span class='ocrx_word' id='word_1_220' title='bbox 252 1767 363 1797; x_wconf 86' lang='lat' dir='ltr'>salutis</span> <span class='ocrx_word' id='word_1_221' title='bbox 374 1771 404 1797; x_wconf 89' lang='lat' dir='ltr'>et</span> <span class='ocrx_word' id='word_1_222' title='bbox 419 1766 501 1796; x_wconf 83' lang='lat' dir='ltr'>same</span> <span class='ocrx_word' id='word_1_223' title='bbox 514 1766 721 1804; x_wconf 88' lang='lat' dir='ltr'>dispendium</span> <span class='ocrx_word' id='word_1_224' title='bbox 738 1770 768 1795; x_wconf 87' lang='lat' dir='ltr'>et</span> <span class='ocrx_word' id='word_1_225' title='bbox 784 1766 958 1796; x_wconf 86' lang='lat' dir='ltr'>earundem</span> <span class='ocrx_word' id='word_1_226' title='bbox 975 1765 1130 1795; x_wconf 82' lang='lat' dir='ltr'>libertatis</span> <span class='ocrx_word' id='word_1_227' title='bbox 1146 1769 1176 1795; x_wconf 93' lang='lat' dir='ltr'>et</span> <span class='ocrx_word' id='word_1_228' title='bbox 1192 1775 1257 1804; x_wconf 91' lang='lat' dir='ltr'>per·</span> 
     </span>
    </p>
   </div>
   <div class='ocr_carea' id='block_1_3' title="bbox 1341 375 2351 1272">
    <p class='ocr_par' dir='ltr' id='par_1_3' title="bbox 1341 375 2351 1272">
     <span class='ocr_line' id='line_1_29' title="bbox 1342 375 2343 420; baseline 0.002 -10"><span class='ocrx_word' id='word_1_229' title='bbox 1342 389 1494 411; x_wconf 88' lang='lat' dir='ltr'>sonarum</span> <span class='ocrx_word' id='word_1_230' title='bbox 1516 390 1613 419; x_wconf 85' lang='lat' dir='ltr'>grave</span> <span class='ocrx_word' id='word_1_231' title='bbox 1636 380 1862 420; x_wconf 80' lang='lat' dir='ltr'>prejudicium,</span> <span class='ocrx_word' id='word_1_232' title='bbox 1886 380 1920 410; x_wconf 93' lang='lat' dir='ltr'>in</span> <span class='ocrx_word' id='word_1_233' title='bbox 1945 388 2045 418; x_wconf 84' lang='lat' dir='ltr'>regno</span> <span class='ocrx_word' id='word_1_234' title='bbox 2068 379 2136 418; x_wconf 88' lang='lat' dir='ltr'>ipso</span> <span class='ocrx_word' id='word_1_235' title='bbox 2161 375 2343 419; x_wconf 82' lang='lat' dir='ltr'>tractentur,</span> 
     </span>
     <span class='ocr_line' id='line_1_30' title="bbox 1342 433 2347 472; baseline 0.003 -9"><span class='ocrx_word' id='word_1_236' title='bbox 1342 434 1476 463; x_wconf 89' lang='lat' dir='ltr'>discrete</span> <span class='ocrx_word' id='word_1_237' title='bbox 1489 442 1667 472; x_wconf 83' lang='lat' dir='ltr'>quesumus</span> <span class='ocrx_word' id='word_1_238' title='bbox 1679 437 1710 463; x_wconf 91' lang='lat' dir='ltr'>et</span> <span class='ocrx_word' id='word_1_239' title='bbox 1722 437 1858 469; x_wconf 88' lang='lat' dir='ltr'>mature,</span> <span class='ocrx_word' id='word_1_240' title='bbox 1869 433 1960 471; x_wconf 85' lang='lat' dir='ltr'>juxta</span> <span class='ocrx_word' id='word_1_241' title='bbox 1972 437 2024 462; x_wconf 89' lang='lat' dir='ltr'>tue</span> <span class='ocrx_word' id='word_1_242' title='bbox 2040 433 2222 462; x_wconf 83' lang='lat' dir='ltr'>serenitatis</span> <span class='ocrx_word' id='word_1_243' title='bbox 2236 433 2347 466; x_wconf 84' lang='lat' dir='ltr'>decen-</span> 
     </span>
     <span class='ocr_line' id='line_1_31' title="bbox 1343 485 2346 526; baseline 0.002 -11"><span class='ocrx_word' id='word_1_244' title='bbox 1343 486 1419 515; x_wconf 88' lang='lat' dir='ltr'>tiam</span> <span class='ocrx_word' id='word_1_245' title='bbox 1436 491 1466 516; x_wconf 88' lang='lat' dir='ltr'>et</span> <span class='ocrx_word' id='word_1_246' title='bbox 1480 485 1651 525; x_wconf 85' lang='lat' dir='ltr'>apostolice</span> <span class='ocrx_word' id='word_1_247' title='bbox 1667 485 1750 515; x_wconf 89' lang='lat' dir='ltr'>sedis</span> <span class='ocrx_word' id='word_1_248' title='bbox 1766 490 1925 522; x_wconf 88' lang='lat' dir='ltr'>mentem,</span> <span class='ocrx_word' id='word_1_249' title='bbox 1943 486 2010 524; x_wconf 87' lang='lat' dir='ltr'>jam</span> <span class='ocrx_word' id='word_1_250' title='bbox 2028 485 2085 515; x_wconf 87' lang='lat' dir='ltr'>tibi</span> <span class='ocrx_word' id='word_1_251' title='bbox 2103 485 2216 515; x_wconf 85' lang='lat' dir='ltr'>totiens</span> <span class='ocrx_word' id='word_1_252' title='bbox 2231 487 2346 526; x_wconf 84' lang='lat' dir='ltr'>repeti-</span> 
     </span>
     <span class='ocr_line' id='line_1_32' title="bbox 1344 538 2348 578; baseline 0.002 -9"><span class='ocrx_word' id='word_1_253' title='bbox 1344 543 1427 576; x_wconf 85' lang='lat' dir='ltr'>tam,</span> <span class='ocrx_word' id='word_1_254' title='bbox 1456 539 1620 578; x_wconf 86' lang='lat' dir='ltr'>provideas</span> <span class='ocrx_word' id='word_1_255' title='bbox 1650 539 1684 568; x_wconf 89' lang='lat' dir='ltr'>in</span> <span class='ocrx_word' id='word_1_256' title='bbox 1713 538 1879 578; x_wconf 88' lang='lat' dir='ltr'>premissis</span> <span class='ocrx_word' id='word_1_257' title='bbox 1902 547 1938 568; x_wconf 87' lang='lat' dir='ltr'>ac</span> <span class='ocrx_word' id='word_1_258' title='bbox 1961 539 2138 568; x_wconf 88' lang='lat' dir='ltr'>remedium</span> <span class='ocrx_word' id='word_1_259' title='bbox 2164 539 2298 570; x_wconf 85' lang='lat' dir='ltr'>efficacis</span> <span class='ocrx_word' id='word_1_260' title='bbox 2317 544 2348 572; x_wconf 83' lang='lat' dir='ltr'>et</span> 
     </span>
     <span class='ocr_line' id='line_1_33' title="bbox 1343 591 2347 632; baseline 0.001 -10"><span class='ocrx_word' id='word_1_261' title='bbox 1343 591 1456 622; x_wconf 90' lang='lat' dir='ltr'>celeris</span> <span class='ocrx_word' id='word_1_262' title='bbox 1477 592 1685 622; x_wconf 89' lang='lat' dir='ltr'>correctionis</span> <span class='ocrx_word' id='word_1_263' title='bbox 1707 596 1737 622; x_wconf 89' lang='lat' dir='ltr'>et</span> <span class='ocrx_word' id='word_1_264' title='bbox 1752 591 1987 621; x_wconf 87' lang='lat' dir='ltr'>emendationis</span> <span class='ocrx_word' id='word_1_265' title='bbox 2001 600 2149 631; x_wconf 85' lang='lat' dir='ltr'>apponas.</span> <span class='ocrx_word' id='word_1_266' title='bbox 2166 591 2203 621; x_wconf 88' lang='lat' dir='ltr'>Et</span> <span class='ocrx_word' id='word_1_267' title='bbox 2219 601 2347 632; x_wconf 87' lang='lat' dir='ltr'>respou-</span> 
     </span>
     <span class='ocr_line' id='line_1_34' title="bbox 1343 644 2349 683; baseline 0.003 -9"><span class='ocrx_word' id='word_1_268' title='bbox 1343 645 1416 675; x_wconf 88' lang='lat' dir='ltr'>dere</span> <span class='ocrx_word' id='word_1_269' title='bbox 1438 645 1530 675; x_wconf 85' lang='lat' dir='ltr'>nobis</span> <span class='ocrx_word' id='word_1_270' title='bbox 1553 645 1762 683; x_wconf 82' lang='lat' dir='ltr'>singulariter</span> <span class='ocrx_word' id='word_1_271' title='bbox 1785 644 1933 683; x_wconf 81' lang='lat' dir='ltr'>singulis,</span> <span class='ocrx_word' id='word_1_272' title='bbox 1958 653 2023 674; x_wconf 90' lang='lat' dir='ltr'>non</span> <span class='ocrx_word' id='word_1_273' title='bbox 2046 645 2153 682; x_wconf 88' lang='lat' dir='ltr'>verbo,</span> <span class='ocrx_word' id='word_1_274' title='bbox 2179 653 2252 675; x_wconf 90' lang='lat' dir='ltr'>cum</span> <span class='ocrx_word' id='word_1_275' title='bbox 2274 645 2349 677; x_wconf 81' lang='lat' dir='ltr'>talia</span> 
     </span>
     <span class='ocr_line' id='line_1_35' title="bbox 1344 697 2348 737; baseline 0.001 -9"><span class='ocrx_word' id='word_1_276' title='bbox 1344 707 1408 729; x_wconf 90' lang='lat' dir='ltr'>non</span> <span class='ocrx_word' id='word_1_277' title='bbox 1426 698 1492 727; x_wconf 87' lang='lat' dir='ltr'>sint</span> <span class='ocrx_word' id='word_1_278' title='bbox 1507 697 1578 727; x_wconf 88' lang='lat' dir='ltr'>vive</span> <span class='ocrx_word' id='word_1_279' title='bbox 1596 701 1718 727; x_wconf 87' lang='lat' dir='ltr'>tantum</span> <span class='ocrx_word' id='word_1_280' title='bbox 1739 698 1825 728; x_wconf 81' lang='lat' dir='ltr'>vocis</span> <span class='ocrx_word' id='word_1_281' title='bbox 1840 697 1969 728; x_wconf 90' lang='lat' dir='ltr'>oraculo</span> <span class='ocrx_word' id='word_1_282' title='bbox 1984 697 2222 733; x_wconf 87' lang='lat' dir='ltr'>committenda,</span> <span class='ocrx_word' id='word_1_283' title='bbox 2243 701 2271 728; x_wconf 91' lang='lat' dir='ltr'>et</span> <span class='ocrx_word' id='word_1_284' title='bbox 2287 697 2348 737; x_wconf 82' lang='lat' dir='ltr'>ple·</span> 
     </span>
     <span class='ocr_line' id='line_1_36' title="bbox 1342 751 2349 791; baseline 0.002 -10"><span class='ocrx_word' id='word_1_285' title='bbox 1342 761 1480 791; x_wconf 87' lang='lat' dir='ltr'>rumque</span> <span class='ocrx_word' id='word_1_286' title='bbox 1496 751 1585 781; x_wconf 90' lang='lat' dir='ltr'>aliud</span> <span class='ocrx_word' id='word_1_287' title='bbox 1603 751 1793 781; x_wconf 88' lang='lat' dir='ltr'>nuntiorum</span> <span class='ocrx_word' id='word_1_288' title='bbox 1810 751 1905 781; x_wconf 87' lang='lat' dir='ltr'>verba</span> <span class='ocrx_word' id='word_1_289' title='bbox 1923 754 2037 781; x_wconf 86' lang='lat' dir='ltr'>sonent</span> <span class='ocrx_word' id='word_1_290' title='bbox 2052 755 2083 781; x_wconf 90' lang='lat' dir='ltr'>et</span> <span class='ocrx_word' id='word_1_291' title='bbox 2098 751 2238 781; x_wconf 81' lang='lat' dir='ltr'>reserant</span> <span class='ocrx_word' id='word_1_292' title='bbox 2251 759 2349 790; x_wconf 86' lang='lat' dir='ltr'>quam</span> 
     </span>
     <span class='ocr_line' id='line_1_37' title="bbox 1342 803 2350 842; baseline 0.001 -7"><span class='ocrx_word' id='word_1_293' title='bbox 1342 805 1456 835; x_wconf 87' lang='lat' dir='ltr'>habeat</span> <span class='ocrx_word' id='word_1_294' title='bbox 1474 805 1612 835; x_wconf 89' lang='lat' dir='ltr'>intentio</span> <span class='ocrx_word' id='word_1_295' title='bbox 1627 805 1838 841; x_wconf 84' lang='lat' dir='ltr'>destinantis,</span> <span class='ocrx_word' id='word_1_296' title='bbox 1856 808 1903 834; x_wconf 89' lang='lat' dir='ltr'>set</span> <span class='ocrx_word' id='word_1_297' title='bbox 1917 804 2046 834; x_wconf 86' lang='lat' dir='ltr'>seriosis</span> <span class='ocrx_word' id='word_1_298' title='bbox 2061 803 2192 842; x_wconf 87' lang='lat' dir='ltr'>litteris,</span> <span class='ocrx_word' id='word_1_299' title='bbox 2210 803 2248 834; x_wconf 85' lang='lat' dir='ltr'>de</span> <span class='ocrx_word' id='word_1_300' title='bbox 2264 804 2350 836; x_wconf 81' lang='lat' dir='ltr'>totali</span> 
     </span>
     <span class='ocr_line' id='line_1_38' title="bbox 1342 857 2350 898; baseline 0 -9"><span class='ocrx_word' id='word_1_301' title='bbox 1342 859 1523 889; x_wconf 85' lang='lat' dir='ltr'>intentione</span> <span class='ocrx_word' id='word_1_302' title='bbox 1539 868 1575 889; x_wconf 90' lang='lat' dir='ltr'>ac</span> <span class='ocrx_word' id='word_1_303' title='bbox 1589 859 1682 888; x_wconf 87' lang='lat' dir='ltr'>firmo</span> <span class='ocrx_word' id='word_1_304' title='bbox 1700 858 1857 898; x_wconf 88' lang='lat' dir='ltr'>proposito</span> <span class='ocrx_word' id='word_1_305' title='bbox 1877 862 1928 888; x_wconf 89' lang='lat' dir='ltr'>tue</span> <span class='ocrx_word' id='word_1_306' title='bbox 1946 857 2075 894; x_wconf 83' lang='lat' dir='ltr'>mentis,</span> <span class='ocrx_word' id='word_1_307' title='bbox 2093 857 2209 895; x_wconf 85' lang='lat' dir='ltr'>regalis</span> <span class='ocrx_word' id='word_1_308' title='bbox 2223 858 2350 896; x_wconf 84' lang='lat' dir='ltr'>magni-</span> 
     </span>
     <span class='ocr_line' id='line_1_39' title="bbox 1341 910 2349 950; baseline 0.001 -8"><span class='ocrx_word' id='word_1_309' title='bbox 1341 913 1470 942; x_wconf 88' lang='lat' dir='ltr'>ficentia</span> <span class='ocrx_word' id='word_1_310' title='bbox 1486 921 1548 943; x_wconf 87' lang='lat' dir='ltr'>non</span> <span class='ocrx_word' id='word_1_311' title='bbox 1561 912 1697 942; x_wconf 87' lang='lat' dir='ltr'>omittat.</span> <span class='ocrx_word' id='word_1_312' title='bbox 1712 911 1829 950; x_wconf 87' lang='lat' dir='ltr'>Sicque</span> <span class='ocrx_word' id='word_1_313' title='bbox 1842 911 1876 941; x_wconf 91' lang='lat' dir='ltr'>in</span> <span class='ocrx_word' id='word_1_314' title='bbox 1895 911 1958 941; x_wconf 91' lang='lat' dir='ltr'>hiis</span> <span class='ocrx_word' id='word_1_315' title='bbox 1973 915 2002 941; x_wconf 89' lang='lat' dir='ltr'>te</span> <span class='ocrx_word' id='word_1_316' title='bbox 2015 910 2219 941; x_wconf 91' lang='lat' dir='ltr'>laudabiliter</span> <span class='ocrx_word' id='word_1_317' title='bbox 2234 910 2349 943; x_wconf 77' lang='lat' dir='ltr'>habeas</span> 
     </span>
     <span class='ocr_line' id='line_1_40' title="bbox 1342 963 2348 1006; baseline 0 -11"><span class='ocrx_word' id='word_1_318' title='bbox 1342 966 1425 1006; x_wconf 89' lang='lat' dir='ltr'>quod</span> <span class='ocrx_word' id='word_1_319' title='bbox 1442 965 1587 995; x_wconf 89' lang='lat' dir='ltr'>divinam</span> <span class='ocrx_word' id='word_1_320' title='bbox 1611 969 1639 995; x_wconf 88' lang='lat' dir='ltr'>et</span> <span class='ocrx_word' id='word_1_321' title='bbox 1657 969 1798 995; x_wconf 87' lang='lat' dir='ltr'>nostram</span> <span class='ocrx_word' id='word_1_322' title='bbox 1815 964 2072 994; x_wconf 84' lang='lat' dir='ltr'>benedictionem</span> <span class='ocrx_word' id='word_1_323' title='bbox 2088 968 2118 994; x_wconf 91' lang='lat' dir='ltr'>et</span> <span class='ocrx_word' id='word_1_324' title='bbox 2132 963 2269 1002; x_wconf 84' lang='lat' dir='ltr'>gratiam</span> <span class='ocrx_word' id='word_1_325' title='bbox 2285 963 2348 1003; x_wconf 87' lang='lat' dir='ltr'>ple-</span> 
     </span>
     <span class='ocr_line' id='line_1_41' title="bbox 1342 1016 2350 1057; baseline 0 -8"><span class='ocrx_word' id='word_1_326' title='bbox 1342 1020 1416 1049; x_wconf 85' lang='lat' dir='ltr'>nius</span> <span class='ocrx_word' id='word_1_327' title='bbox 1438 1019 1593 1049; x_wconf 88' lang='lat' dir='ltr'>merearis</span> <span class='ocrx_word' id='word_1_328' title='bbox 1619 1027 1740 1057; x_wconf 87' lang='lat' dir='ltr'>nosque</span> <span class='ocrx_word' id='word_1_329' title='bbox 1759 1018 1792 1047; x_wconf 90' lang='lat' dir='ltr'>in</span> <span class='ocrx_word' id='word_1_330' title='bbox 1816 1022 1868 1048; x_wconf 87' lang='lat' dir='ltr'>tue</span> <span class='ocrx_word' id='word_1_331' title='bbox 1892 1017 2040 1056; x_wconf 91' lang='lat' dir='ltr'>puritatis</span> <span class='ocrx_word' id='word_1_332' title='bbox 2066 1016 2350 1056; x_wconf 82' lang='lat' dir='ltr'>circumspectione</span> 
     </span>
     <span class='ocr_line' id='line_1_42' title="bbox 1341 1069 2347 1111; baseline 0 -9"><span class='ocrx_word' id='word_1_333' title='bbox 1341 1076 1430 1111; x_wconf 86' lang='lat' dir='ltr'>grata</span> <span class='ocrx_word' id='word_1_334' title='bbox 1446 1072 1590 1109; x_wconf 87' lang='lat' dir='ltr'>letantes,</span> <span class='ocrx_word' id='word_1_335' title='bbox 1606 1071 1790 1101; x_wconf 87' lang='lat' dir='ltr'>animemur</span> <span class='ocrx_word' id='word_1_336' title='bbox 1805 1071 1917 1102; x_wconf 81' lang='lat' dir='ltr'>fortius</span> <span class='ocrx_word' id='word_1_337' title='bbox 1932 1070 1971 1100; x_wconf 91' lang='lat' dir='ltr'>ad</span> <span class='ocrx_word' id='word_1_338' title='bbox 1991 1079 2027 1101; x_wconf 88' lang='lat' dir='ltr'>ea</span> <span class='ocrx_word' id='word_1_339' title='bbox 2048 1079 2110 1110; x_wconf 89' lang='lat' dir='ltr'>que</span> <span class='ocrx_word' id='word_1_340' title='bbox 2126 1070 2173 1101; x_wconf 89' lang='lat' dir='ltr'>tui</span> <span class='ocrx_word' id='word_1_341' title='bbox 2195 1069 2347 1102; x_wconf 79' lang='lat' dir='ltr'>culminis</span> 
     </span>
     <span class='ocr_line' id='line_1_43' title="bbox 1342 1123 2351 1164; baseline 0 -9"><span class='ocrx_word' id='word_1_342' title='bbox 1342 1125 1447 1156; x_wconf 83' lang='lat' dir='ltr'>felicia</span> <span class='ocrx_word' id='word_1_343' title='bbox 1463 1125 1637 1164; x_wconf 87' lang='lat' dir='ltr'>respiciant</span> <span class='ocrx_word' id='word_1_344' title='bbox 1650 1125 1868 1162; x_wconf 81' lang='lat' dir='ltr'>incrementa3</span> <span class='ocrx_word' id='word_1_345' title='bbox 1887 1133 1946 1154; x_wconf 83' lang='lat' dir='ltr'>nec</span> <span class='ocrx_word' id='word_1_346' title='bbox 1962 1123 2050 1154; x_wconf 87' lang='lat' dir='ltr'>aliud</span> <span class='ocrx_word' id='word_1_347' title='bbox 2065 1133 2121 1163; x_wconf 88' lang='lat' dir='ltr'>per</span> <span class='ocrx_word' id='word_1_348' title='bbox 2138 1132 2196 1154; x_wconf 89' lang='lat' dir='ltr'>nos</span> <span class='ocrx_word' id='word_1_349' title='bbox 2210 1127 2351 1163; x_wconf 75' lang='lat' dir='ltr'>oporteat</span> 
     </span>
     <span class='ocr_line' id='line_1_44' title="bbox 1342 1177 2349 1217; baseline -0.001 -8"><span class='ocrx_word' id='word_1_350' title='bbox 1342 1179 1377 1209; x_wconf 87' lang='lat' dir='ltr'>in</span> <span class='ocrx_word' id='word_1_351' title='bbox 1397 1179 1462 1209; x_wconf 87' lang='lat' dir='ltr'>hiis</span> <span class='ocrx_word' id='word_1_352' title='bbox 1483 1178 1663 1209; x_wconf 76' lang='lat' dir='ltr'>remedium</span> <span class='ocrx_word' id='word_1_353' title='bbox 1684 1178 1840 1209; x_wconf 86' lang='lat' dir='ltr'>adhiberi.</span> <span class='ocrx_word' id='word_1_354' title='bbox 1866 1179 1936 1208; x_wconf 87' lang='lat' dir='ltr'>Dat.</span> <span class='ocrx_word' id='word_1_355' title='bbox 1957 1178 2074 1215; x_wconf 83' lang='lat' dir='ltr'>Rome,</span> <span class='ocrx_word' id='word_1_356' title='bbox 2094 1177 2179 1217; x_wconf 91' lang='lat' dir='ltr'>apud</span> <span class='ocrx_word' id='word_1_357' title='bbox 2201 1177 2349 1208; x_wconf 87' lang='lat' dir='ltr'>Sanctam</span> 
     </span>
     <span class='ocr_line' id='line_1_45' title="bbox 1342 1231 2309 1272; baseline -0.004 -10"><span class='ocrx_word' id='word_1_358' title='bbox 1342 1233 1478 1262; x_wconf 85' lang='lat' dir='ltr'>Mariam</span> <span class='ocrx_word' id='word_1_359' title='bbox 1497 1233 1663 1272; x_wconf 89' lang='lat' dir='ltr'>Maj0rem‚</span> <span class='ocrx_word' id='word_1_360' title='bbox 1681 1241 1723 1262; x_wconf 83' lang='lat' dir='ltr'>xn</span> <span class='ocrx_word' id='word_1_361' title='bbox 1743 1231 1894 1262; x_wconf 88' lang='lat' dir='ltr'>kalendas</span> <span class='ocrx_word' id='word_1_362' title='bbox 1912 1231 2031 1267; x_wconf 85' lang='lat' dir='ltr'>martii,</span> <span class='ocrx_word' id='word_1_363' title='bbox 2048 1239 2134 1261; x_wconf 90' lang='lat' dir='ltr'>anno</span> <span class='ocrx_word' id='word_1_364' title='bbox 2152 1234 2274 1270; x_wconf 86' lang='lat' dir='ltr'>quarto.</span> <span class='ocrx_word' id='word_1_365' title='bbox 2296 1243 2309 1258; x_wconf 68' lang='grc' dir='ltr'><strong>ι</strong></span> 
     </span>
    </p>
   </div>
   <div class='ocr_carea' id='block_1_4' title="bbox 1378 1390 2111 1490">
    <p class='ocr_par' dir='ltr' id='par_1_4' title="bbox 1378 1390 2111 1490">
     <span class='ocr_line' id='line_1_46' title="bbox 1394 1390 1531 1422; baseline 0 -1"><span class='ocrx_word' id='word_1_366' title='bbox 1394 1390 1397 1391; x_wconf 48' lang='grc'>’</span> <span class='ocrx_word' id='word_1_367' title='bbox 1413 1393 1531 1422; x_wconf 77' lang='grc'><strong>6860</strong></span> 
     </span>
     <span class='ocr_line' id='line_1_47' title="bbox 1378 1454 2111 1490; baseline 0 -9"><span class='ocrx_word' id='word_1_368' title='bbox 1378 1454 1420 1481; x_wconf 90' lang='lat' dir='ltr'>De</span> <span class='ocrx_word' id='word_1_369' title='bbox 1435 1455 1536 1481; x_wconf 85' lang='lat' dir='ltr'>eodem</span> <span class='ocrx_word' id='word_1_370' title='bbox 1553 1455 1679 1490; x_wconf 86' lang='lat' dir='ltr'>negotio.</span> <span class='ocrx_word' id='word_1_371' title='bbox 1696 1454 1777 1489; x_wconf 74' lang='lat' dir='ltr'>(Rea.</span> <span class='ocrx_word' id='word_1_372' title='bbox 1797 1455 1838 1486; x_wconf 83' lang='lat'>46,</span> <span class='ocrx_word' id='word_1_373' title='bbox 1854 1463 1880 1482; x_wconf 90' lang='lat' dir='ltr'>c.</span> <span class='ocrx_word' id='word_1_374' title='bbox 1898 1455 1943 1487; x_wconf 80' lang='lat'>91,</span> <span class='ocrx_word' id='word_1_375' title='bbox 1959 1454 1978 1480; x_wconf 82' lang='lat' dir='ltr'>f.</span> <span class='ocrx_word' id='word_1_376' title='bbox 1999 1454 2047 1481; x_wconf 78' lang='lat'>185</span> <span class='ocrx_word' id='word_1_377' title='bbox 2063 1455 2111 1487; x_wconf 78' lang='lat'>1¹⁰.)</span> 
     </span>
    </p>
   </div>
   <div class='ocr_carea' id='block_1_5' title="bbox 1655 1391 2279 1427">
    <p class='ocr_par' dir='ltr' id='par_1_5' title="bbox 1655 1391 2279 1427">
     <span class='ocr_line' id='line_1_48' title="bbox 1655 1391 2279 1427; baseline 0.002 -8"><span class='ocrx_word' id='word_1_378' title='bbox 1655 1391 2016 1427; x_wconf 80' lang='lat' dir='ltr'>Sainte-Marie-MaJeure,</span> <span class='ocrx_word' id='word_1_379' title='bbox 2034 1391 2066 1419; x_wconf 79' lang='lat'>18</span> <span class='ocrx_word' id='word_1_380' title='bbox 2079 1391 2185 1419; x_wconf 71' lang='lat' dir='ltr'>few-ier</span> <span class='ocrx_word' id='word_1_381' title='bbox 2200 1391 2279 1420; x_wconf 74' lang='lat'><strong>1292.</strong></span> 
     </span>
    </p>
   </div>
   <div class='ocr_carea' id='block_1_6' title="bbox 1341 1550 2350 1804">
    <p class='ocr_par' dir='ltr' id='par_1_6' title="bbox 1341 1550 2350 1749">
     <span class='ocr_line' id='line_1_49' title="bbox 1383 1550 2350 1588; baseline 0.001 -9"><span class='ocrx_word' id='word_1_382' title='bbox 1383 1551 1524 1588; x_wconf 60' lang='lat' dir='ltr'>Magistro</span> <span class='ocrx_word' id='word_1_383' title='bbox 1549 1551 1678 1588; x_wconf 77' lang='lat' dir='ltr'>Giffrido</span> <span class='ocrx_word' id='word_1_384' title='bbox 1701 1551 1735 1580; x_wconf 83' lang='lat' dir='ltr'>de</span> <span class='ocrx_word' id='word_1_385' title='bbox 1767 1551 1896 1587; x_wconf 80' lang='lat' dir='ltr'>chano,</span> <span class='ocrx_word' id='word_1_386' title='bbox 1920 1559 2037 1580; x_wconf 79' lang='lat' dir='ltr'>camere</span> <span class='ocrx_word' id='word_1_387' title='bbox 2057 1555 2158 1579; x_wconf 75' lang='lat' dir='ltr'>nostre</span> <span class='ocrx_word' id='word_1_388' title='bbox 2184 1550 2291 1580; x_wconf 79' lang='lat' dir='ltr'>clerico</span> <span class='ocrx_word' id='word_1_389' title='bbox 2316 1557 2350 1580; x_wconf 75' lang='lat' dir='ltr'>ac</span> 
     </span>
     <span class='ocr_line' id='line_1_50' title="bbox 1342 1602 2347 1642; baseline -0.001 -9"><span class='ocrx_word' id='word_1_390' title='bbox 1342 1604 1451 1634; x_wconf 75' lang='lat' dir='ltr'>nuntio</span> <span class='ocrx_word' id='word_1_391' title='bbox 1474 1605 1632 1642; x_wconf 65' lang='lat' dir='ltr'>apostolice</span> <span class='ocrx_word' id='word_1_392' title='bbox 1653 1604 1730 1633; x_wconf 73' lang='lat' dir='ltr'>seclis</span> <span class='ocrx_word' id='word_1_393' title='bbox 1756 1606 1788 1633; x_wconf 77' lang='grc' dir='ltr'>ῐη</span> <span class='ocrx_word' id='word_1_394' title='bbox 1807 1604 1934 1641; x_wconf 70' lang='lat' dir='ltr'>Anqlia,</span> <span class='ocrx_word' id='word_1_395' title='bbox 1959 1604 2103 1633; x_wconf 77' lang='lat' dir='ltr'>canonico</span> <span class='ocrx_word' id='word_1_396' title='bbox 2127 1602 2347 1639; x_wconf 72' lang='lat' dir='ltr'>Cameracensi,</span> 
     </span>
     <span class='ocr_line' id='line_1_51' title="bbox 1342 1656 2350 1695; baseline 0 -9"><span class='ocrx_word' id='word_1_397' title='bbox 1342 1657 1472 1687; x_wconf 86' lang='lat' dir='ltr'>mandat</span> <span class='ocrx_word' id='word_1_398' title='bbox 1486 1661 1519 1686; x_wconf 86' lang='lat' dir='ltr'>ut</span> <span class='ocrx_word' id='word_1_399' title='bbox 1535 1657 1601 1695; x_wconf 86' lang='lat' dir='ltr'>regi</span> <span class='ocrx_word' id='word_1_400' title='bbox 1618 1656 1795 1695; x_wconf 80' lang='lat' dir='ltr'>praedictas</span> <span class='ocrx_word' id='word_1_401' title='bbox 1811 1656 1931 1686; x_wconf 87' lang='lat' dir='ltr'>litteras</span> <span class='ocrx_word' id='word_1_402' title='bbox 1947 1660 2126 1695; x_wconf 89' lang='lat' dir='ltr'>praesentet</span> <span class='ocrx_word' id='word_1_403' title='bbox 2141 1659 2350 1695; x_wconf 81' lang='lat' dir='ltr'>procuretque</span> 
     </span>
     <span class='ocr_line' id='line_1_52' title="bbox 1341 1710 1815 1749; baseline -0.002 -8"><span class='ocrx_word' id='word_1_404' title='bbox 1341 1715 1463 1741; x_wconf 85' lang='lat' dir='ltr'>certum</span> <span class='ocrx_word' id='word_1_405' title='bbox 1481 1710 1597 1740; x_wconf 87' lang='lat' dir='ltr'>habere</span> <span class='ocrx_word' id='word_1_406' title='bbox 1614 1719 1815 1749; x_wconf 83' lang='lat' dir='ltr'>responsum.</span> 
     </span>
    </p>

    <p class='ocr_par' dir='ltr' id='par_1_7' title="bbox 1385 1764 2091 1804">
     <span class='ocr_line' id='line_1_53' title="bbox 1385 1764 2091 1804; baseline 0 -10"><span class='ocrx_word' id='word_1_407' title='bbox 1385 1776 1398 1791; x_wconf 68' lang='grc' dir='ltr'>α</span> <span class='ocrx_word' id='word_1_408' title='bbox 1416 1764 1497 1795; x_wconf 90' lang='lat' dir='ltr'>Cum</span> <span class='ocrx_word' id='word_1_409' title='bbox 1514 1764 1553 1794; x_wconf 87' lang='lat' dir='ltr'>ad</span> <span class='ocrx_word' id='word_1_410' title='bbox 1569 1773 1737 1803; x_wconf 82' lang='lat' dir='ltr'>presenS...</span> <span class='ocrx_word' id='word_1_411' title='bbox 1755 1782 1794 1787; x_wconf 89' lang='lat'><strong>—</strong></span> <span class='ocrx_word' id='word_1_412' title='bbox 1810 1765 1881 1794; x_wconf 90' lang='lat' dir='ltr'>Dat.</span> <span class='ocrx_word' id='word_1_413' title='bbox 1899 1769 1932 1794; x_wconf 86' lang='lat' dir='ltr'>ut</span> <span class='ocrx_word' id='word_1_414' title='bbox 1951 1772 2056 1804; x_wconf 88' lang='lat' dir='ltr'>supra.</span> <span class='ocrx_word' id='word_1_415' title='bbox 2079 1775 2091 1790; x_wconf 81' lang='lat'>⁷&gt;</span> 
     </span>
    </p>
   </div>
   <div class='ocr_carea' id='block_1_7' title="bbox 927 2325 1676 2356">
    <p class='ocr_par' dir='ltr' id='par_1_8' title="bbox 927 2325 1676 2356">
     <span class='ocr_line' id='line_1_54' title="bbox 927 2325 1676 2356; baseline -0.003 -4"><span class='ocrx_word' id='word_1_416' title='bbox 927 2332 975 2352; x_wconf 70' lang='lat' dir='ltr'>rm</span> <span class='ocrx_word' id='word_1_417' title='bbox 1000 2331 1039 2352; x_wconf 84' lang='lat' dir='ltr'>nu</span> <span class='ocrx_word' id='word_1_418' title='bbox 1062 2331 1215 2353; x_wconf 76' lang='lat' dir='ltr'>REGISTRE</span> <span class='ocrx_word' id='word_1_419' title='bbox 1238 2332 1276 2352; x_wconf 73' lang='lat' dir='ltr'>nn</span> <span class='ocrx_word' id='word_1_420' title='bbox 1300 2332 1336 2351; x_wconf 79' lang='lat' dir='ltr'>LA</span> <span class='ocrx_word' id='word_1_421' title='bbox 1360 2325 1541 2356; x_wconf 73' lang='lat' dir='ltr'><strong>QUATRIEME</strong></span> <span class='ocrx_word' id='word_1_422' title='bbox 1564 2325 1676 2351; x_wconf 72' lang='lat' dir='ltr'><strong>ANNEE.</strong></span> 
     </span>
    </p>
   </div>
  </div>
 </body>
</html>
