2393 3496
913 299 1166 346 QUATRIEME
1188 299 1345 340 ΑΝΝΕΕ.

88 376 144 411 the,
157 374 363 403 Dtmelmensz's
375 374 508 403 diocesis.
521 374 602 404 Cum
618 383 653 405 eo
666 375 827 414 dispensat
840 385 934 414 super
945 384 981 405 eo
992 375 1087 414 quod,

88 421 251 458 ecclesiam
272 426 311 455 de
331 426 521 456 VVermothe
537 427 706 464 obtinens,
726 428 882 466 hospitale
905 428 943 457 de
961 428 1090 457 Schire-

87 480 205 514 burne,
237 478 380 517 ejusdem
395 478 566 515 dioecesis,
599 481 649 510 cui
686 481 845 519 quaedam
878 481 1091 519 parrochiales

89 531 237 563 ecclesiae
256 536 331 561 sunt
351 540 506 567 annexae,
525 533 654 572 recepit,
684 534 860 572 eademque
877 533 1009 564 ecclesia
1025 538 1092 572 post

89 590 151 616 tres
165 593 266 614 anuos
281 589 311 614 et
326 584 465 623 amplius
484 586 656 624 resignata,
675 596 745 616 eain
757 587 796 616 de
815 596 896 617 novo
907 587 1091 616 auctoritate

89 638 265 669 dioecesani
282 637 340 667 loci
351 639 467 678 recepit
480 644 510 668 et
521 648 554 669 se
569 640 642 669 fecit
654 641 739 670 infra
749 650 872 670 annum
884 641 917 670 in
926 641 1090 679 presbyte-

87 700 158 722 rum
171 691 359 730 promoveri,
370 700 504 729 eamque
519 701 663 722 unacum
681 693 829 731 hospitali
840 698 870 722 et
884 692 1091 731 parrochiali-

87 746 146 776 bus
157 744 298 775 ecclesiis
312 744 479 783 praedictis
493 745 650 782 detinuit·,
664 746 756 784 eique
769 746 914 776 eamdem
927 746 1092 776 ecclesiam

87 799 186 830 libere
204 798 397 835 resignatam
414 798 453 827 de
472 806 552 828 novo
572 798 703 830 confert.
722 799 902 829 Dummodo
918 807 1093 837 congruam

87 855 208 892 partem
223 851 384 880 fruetuum
410 855 647 889 perceptorum,
670 851 709 880 ad
729 852 899 881 arbitrium
920 852 995 881 boni
1014 851 1090 886 viri,

87 905 124 935 in
141 904 321 935 evidentem
337 903 490 933 ecclesiae
506 904 544 933 de
553 904 729 934 Vei-mothe
741 905 907 934 utilitatem
918 909 1090 935 convertat.

129 971 144 986 α
157 958 247 989 Sicut
260 958 350 987 uobis
364 966 558 996 exponere...
575 975 613 978 —
627 958 699 987 Dat.
716 958 799 996 apud
814 958 1091 994 Urbemveterem,

87 1021 141 1042 vm
156 1011 228 1042 idus
243 1010 442 1050 septembris,
459 1019 545 1040 anno
560 1014 684 1049 quarto.
707 1022 721 1037 »

155 1210 239 1238 59¹
250 1210 270 1238 Ι
279 1210 409 1238 -5921

120 1272 329 1307 Indulgentiae.
348 1271 430 1302 (Rea.
446 1272 489 1304 46,
501 1280 532 1298 c.
550 1272 612 1306 458,
629 1273 647 1298 f.
666 1272 700 1299 89
718 1274 769 1305 νῦ.)

586 1210 712 1241 Orvieto,
731 1211 746 1236 Ξ)
762 1210 925 1245 septembre
943 1209 1021 1237 1291.

128 1390 278 1419 Universis
299 1389 414 1418 Christi
435 1389 574 1426 fidelibus
590 1393 740 1427 presentes
759 1389 876 1417 litteras
896 1388 1091 1426 inspecturis.

87 1442 326 1481 Indulgentiam
347 1442 445 1472 unius
463 1443 541 1472 anni
557 1446 588 1472 et
606 1451 644 1471 xi,
661 1442 787 1471 dierum
803 1442 946 1471 concedit
962 1441 1094 1471 visitan-

87 1496 171 1526 tibus
184 1495 350 1526 ecclesiam
367 1518 388 1525 ..
405 1496 528 1526 abbatis
542 1499 571 1525 et
585 1500 761 1526 conventus
777 1496 963 1525 monasterii
979 1496 1094 1525 Beatae

87 1550 208 1580 Mariae
243 1550 282 1580 de
318 1549 525 1580 Valleserena
539 1574 546 1587 ,
586 1550 913 1580 Praemonstratensis
948 1549 1072 1580 ordinis
1084 1573 1092 1586 ,

89 1603 332 1634 Suessioneusis
343 1603 507 1640 dioecesis,
521 1604 555 1632 in
569 1607 704 1642 quatuor
716 1603 824 1633 beatae
839 1603 970 1640 Mariae,
984 1603 1016 1633 S.
1031 1605 1094 1633 Au-

89 1657 210 1696 gustini
227 1661 258 1686 et
272 1662 399 1687 sanctae
413 1657 611 1695 Margaretae
624 1656 859 1693 festivitatibus,
878 1666 931 1695 per
945 1661 1013 1686 octo
1027 1656 1095 1686 dies

89 1714 258 1749 sequentes
280 1714 311 1739 et
334 1710 368 1740 in
393 1710 613 1740 anniversario
637 1710 690 1740 die
715 1710 925 1740 dedicationis
950 1711 1094 1748 ejusdem

88 1762 248 1794 ecclesiae.

129 1829 145 1845 «
163 1817 235 1846 Vite
250 1817 402 1856 perennis
416 1816 555 1855 gloria...
572 1833 611 1838 —
628 1817 699 1846 Dat.
717 1810 804 1855 apudv
817 1817 1093 1854 Urbemveterem,

88 1871 183 1900 nonis
200 1870 403 1910 septembris,
419 1878 505 1900 anno
521 1874 645 1909 quarto.
665 1882 677 1896 ι

125 1924 165 1954 In
183 1932 211 1953 e.
234 1932 276 1953 m.
290 1947 297 1960 ,
316 1932 370 1961 pro
386 1923 519 1953 ecclesia
542 1946 562 1953 ..
580 1923 704 1953 abbatis
723 1927 752 1953 et
768 1927 946 1953 conventus
964 1932 1094 1953 monas-

87 1977 160 2007 terii
176 1977 287 2008 Sancti
302 1976 427 2006 Nicolai
442 1977 480 2006 de
496 1976 690 2013 Clarofonte‚
707 1977 1033 2006 Praemoustratensis
1048 1985 1096 2006 or-

87 2031 190 2068 dinis,
210 2030 437 2060 Laudunensis
456 2030 629 2066 dioecesis,
647 2030 682 2059 in
701 2030 885 2060 Nativitatis
900 2030 1008 2059 beatae
1024 2031 1094 2059 Ma-

86 2080 164 2122 riae,
191 2084 224 2114 S.
252 2084 390 2120 Nicolai,
418 2084 452 2114 S.
481 2084 660 2122 Augustini
688 2088 718 2114 et
744 2089 871 2114 sanctae
899 2085 1096 2122 Margaretae

86 2137 322 2173 festivitatibus,
341 2141 412 2174 etc.‚
431 2142 465 2167 ut
481 2146 588 2176 supra.

590 2217 717 2249 Orvieto,
734 2217 749 2244 4
766 2217 928 2252 septembre
946 2216 1024 2244 1291.

127 2280 166 2310 In
186 2289 214 2310 e.
235 2288 300 2317 m.,
319 2288 376 2318 pro
395 2279 530 2310 ecclesia
547 2279 656 2325 Sancti
675 2279 831 2318 Stephani
849 2279 888 2308 de
909 2278 1042 2315 Cursio,
1060 2279 1096 2308 in

89 2335 231 2374 ejusdem
251 2334 494 2372 protomartyris
510 2333 735 2363 festivitatibus
755 2338 785 2363 et
800 2342 855 2372 per
873 2338 941 2363 octo
961 2332 1027 2362 dies
1045 2341 1096 2362 se-

89 2391 233 2427 quentes.

129 2452 145 2468 «
162 2440 352 2471 Sanctorum
368 2439 493 2469 meritis
507 2439 655 2470 inclita...
673 2456 711 2461 —
727 2439 798 2470 Dat.
816 2436 899 2478 apud
917 2440 1095 2470 Urbemve-

88 2497 199 2531 terem,
216 2503 238 2523 11
257 2502 356 2524 nonas
373 2493 574 2532 septembris,
591 2501 676 2523 anno
692 2498 817 2532 quarto.
836 2506 851 2520 »

127 2548 164 2578 In
182 2556 210 2577 e.
229 2556 272 2577 m.
285 2571 292 2583 ‚
310 2555 366 2585 pro
382 2546 513 2577 ecclesia
530 2546 639 2576 Sancti
656 2547 743 2576 Petri
764 2547 802 2576 de
823 2547 983 2584 Valliaco,
1003 2548 1096 2577 Atre-

87 2600 228 2631 batensis
245 2600 418 2635 dioecesis,
440 2600 474 2629 in
497 2599 530 2629 S.
553 2600 639 2629 Petri
657 2600 807 2638 apostoli,
829 2605 967 2639 quatuor
986 2601 1097 2630 beatae

90 2653 209 2683 Mariae
226 2657 257 2683 et
272 2653 305 2683 S.
320 2653 480 2683 Johannis
500 2652 661 2690 Baptistae
677 2653 899 2683 festivitatibus
915 2658 945 2683 et
960 2662 1014 2692 per
1029 2657 1098 2683 octo

88 2706 156 2737 dies
173 2711 354 2746 sequentes.

130 2772 143 2788 ι
169 2761 251 2790 Loca
268 2764 450 2789 sanctorum
467 2758 654 2788 omnium...
674 2776 712 2779 —
732 2759 801 2788 Dat.
824 2763 858 2789 ut
879 2768 984 2798 supra.
1006 2772 1019 2786 »
1039 2759 1099 2798 (En

90 2813 220 2853 marye.)

128 2866 168 2896 In
185 2875 212 2896 e.
230 2874 273 2895 m.
288 2889 295 2901 ,
313 2873 367 2903 pro
385 2864 519 2894 ecclesia
538 2864 654 2893 Beatae
671 2865 791 2894 Mariae
812 2865 943 2900 Dieusi,
962 2866 997 2895 in
1018 2875 1098 2905 qua-

91 2923 161 2949 tuor
183 2919 291 2948 beatae
314 2918 437 2948 Mariae
460 2921 489 2947 et
509 2916 542 2947 S.
562 2917 648 2947 Petri
667 2918 800 2956 apostoli
824 2918 1046 2949 festivitatibus
1070 2924 1100 2948 et

91 2979 146 3010 per
161 2975 229 3001 octo
246 2971 312 3000 dies
328 2974 507 3009 sequentes,
526 2974 598 3006 etc.,
618 2974 652 2999 ut
669 2979 775 3009 supra.
793 2970 899 3010 (ibid.)

2115 314 2172 344 797

1755 376 1881 410 Orvieto,
1896 377 1928 403 30
1943 379 2009 404 aont
2028 378 2103 406 1291.

1213 437 1251 466 In
1268 446 1295 466 e.
1317 447 1372 474 m.,
1391 447 1447 476 pro
1463 439 1594 469 ecclesia
1612 439 1797 469 monasterii
1815 439 1929 468 Beatae
1948 441 2064 470 Mariae
2085 441 2174 480 Mag-

1173 489 1306 519 dalenae
1331 491 1369 520 de
1395 491 1546 528 Priceno‚
1574 492 1697 522 ordinis
1723 491 1755 522 S.
1781 493 1973 530 Augustini,
2000 493 2175 524 Snanensis

1173 542 1338 579 dioecesis,
1356 544 1390 572 in
1407 544 1550 582 ejusdem
1567 549 1693 574 sauctae
1709 549 1739 574 et
1754 544 1786 574 S.
1804 546 1979 582 Augustini
1997 546 2175 575 festivitati-

1173 595 1250 632 bus,
1268 605 1323 634 per
1338 601 1406 626 octo
1421 596 1489 626 dies
1506 601 1675 635 sequentes
1690 601 1720 627 et
1735 598 1768 626 in
1784 598 2004 628 anniversario
2020 599 2070 628 die
2085 599 2176 628 dedi-

1174 648 1306 678 cationis
1323 649 1466 687 ejusdem
1483 650 1644 680 ecelesiae.

1215 713 1229 728 «
1246 701 1327 731 Cum
1343 702 1383 731 ad
1399 703 1644 740 premereuda...
1660 720 1701 726 —
1714 704 1784 733 Dat.
1801 705 1883 743 apud
1900 705 2174 743 Urbemveterem,

1174 764 1208 784 111
1224 754 1377 784 kalendas
1395 756 1593 794 septembris,
1613 766 1698 787 anno
1716 762 1837 796 quarto.
1857 770 1870 784 ¹>
1888 758 1993 797 (Ibid.)

1753 836 1878 870 Orvioto,
1896 838 1929 864 26
1941 840 2008 864 nont
2028 838 2103 866 1991.

1215 897 1252 925 In
1272 906 1299 926 e.
1317 905 1374 932 m.,
1393 905 1448 934 pro
1463 897 1596 926 ecclesia
1615 898 1722 927 Sancti
1740 899 1900 928 Amatoris
1915 900 1953 929 de
1971 900 2016 929 Ru
2025 909 2059 938 pe
2077 902 2176 930 Ama-

1176 951 1261 986 toris,
1276 950 1479 979 Caturceusis
1492 950 1655 987 dioecesis,
1670 951 1703 980 in
1721 951 1752 981 S.
1768 953 1928 982 Amatoris
1944 953 2175 992 festivitatibus,

1176 1012 1231 1041 per
1250 1007 1319 1033 octo
1344 1003 1411 1032 dies
1436 1007 1604 1041 sequentes
1627 1008 1657 1033 et
1680 1004 1714 1033 in
1737 1005 1958 1035 anniversario
1978 1006 2030 1035 die
2050 1006 2175 1037 dedica·

1176 1056 1271 1085 tionis
1289 1056 1432 1094 ejusdem
1449 1056 1612 1086 ecclesiae.

1219 1121 1231 1135 ‹
1249 1109 1321 1138 Vite
1338 1109 1489 1146 perennis
1504 1109 1643 1147 gloria...
1659 1127 1697 1132 —
1713 1110 1784 1139 Dat.
1802 1110 1883 1149 apud
1902 1111 2175 1149 Urbemveterem,

1174 1171 1217 1191 vu
1236 1162 1390 1191 kalendas
1407 1163 1606 1200 septembris,
1624 1172 1709 1193 anno
1725 1168 1848 1202 quarte.
1868 1177 1879 1189 ι»
1897 1164 2001 1203 (Ιὺίά.)

1215 1215 1253 1244 In
1271 1225 1298 1244 e.
1317 1224 1360 1244 m.
1376 1240 1382 1252 ,
1401 1224 1456 1254 pro
1474 1215 1605 1246 ecclesia
1625 1239 1644 1246 ..
1663 1217 1784 1246 abbatis
1804 1222 1835 1246 et
1855 1223 2031 1247 conventus
2048 1227 2178 1248 monas-

1176 1269 1246 1298 terii
1268 1268 1376 1298 Sancti
1401 1269 1533 1298 Martini
1555 1269 1767 1306 Tutellensis,
1789 1271 1910 1300 ordinis
1931 1270 1963 1300 S.
1994 1271 2177 1308 Benedicti,

1176 1322 1415 1351 Lemovicensis
1438 1322 1608 1358 dioecesis,
1627 1323 1659 1352 in
1683 1323 1715 1351 S.
1740 1324 1869 1353 Martini
1890 1329 1920 1353 et
1941 1324 2178 1364 Assumptionis

1175 1375 1282 1404 beatae
1305 1375 1424 1405 Mariae
1445 1376 1667 1405 festivitatibus
1687 1383 1716 1406 et
1738 1385 1793 1414 per
1813 1383 1882 1406 octo
1905 1377 1972 1406 dies
1992 1382 2177 1416 sequentes,

1175 1431 1247 1463 etc.,
1266 1433 1299 1457 ut
1317 1437 1422 1466 supra.
1439 1428 1546 1467 (Ibid.)

1216 1481 1254 1510 In
1266 1490 1292 1510 e.
1309 1490 1366 1517 m.,
1381 1490 1436 1519 pro
1449 1481 1569 1519 capella
1586 1482 1698 1511 Beatae
1712 1482 1832 1511 Mariae
1847 1482 1884 1512 de
1901 1483 1990 1522 Rupe
2003 1484 2177 1520 Amatoris,

1175 1534 1378 1564 Caturcensis
1394 1534 1557 1570 dioecesis,
1572 1535 1606 1563 in
1620 1539 1754 1573 quatuor
1770 1536 1877 1565 beatae
1894 1536 2013 1565 Mariae
2029 1536 2178 1567 festivita-

1177 1588 1276 1623 tibus,
1295 1597 1350 1626 per
1366 1591 1433 1617 octo
1449 1588 1515 1617 dies
1533 1592 1702 1626 sequentes
1719 1589 1798 1617 etin
1817 1589 2037 1618 anniversario
2055 1589 2107 1619 die
2123 1589 2178 1620 de-

1175 1640 1346 1670 dicationis
1361 1640 1505 1679 ejusdem
1521 1641 1671 1679 capellae.
1690 1642 1760 1671 Dat.
1778 1646 1932 1680 utsupra.
1949 1642 2053 1680 (ibid.)

1757 1720 1883 1753 Orvieto‚
1900 1722 1930 1748 31
1948 1723 2014 1748 aout
2032 1722 2107 1750 1291.

1216 1784 1254 1813 In
1274 1792 1300 1813 e.
1321 1793 1363 1812 m.
1377 1806 1384 1819 ,
1402 1792 1456 1821 pro
1472 1782 1604 1813 ecclesia
1619 1782 1728 1825 Sancti
1746 1783 1856 1813 Jacobi
1874 1784 1905 1812 in
1913 1788 1957 1813 ter
1973 1784 2091 1814 Foveas
2107 1784 2177 1814 Flo-

1177 1838 1321 1872 rentina,
1351 1837 1385 1866 in
1415 1841 1598 1866 sanctorum
1627 1836 1753 1872 Jacobi,
1784 1837 1925 1866 Tltotnae
1956 1842 1986 1865 et
2017 1836 2178 1866 Eustachii

1176 1889 1419 1925 festivitatibus,
1438 1898 1492 1927 per
1510 1894 1579 1919 octo
1595 1889 1662 1918 dies
1678 1894 1845 1927 sequentes
1863 1890 1939 1918 etin
1958 1889 2178 1920 anniversario

1177 1943 1229 1972 die
1246 1942 1454 1972 dedicationis
1471 1942 1612 1980 ejusdem
1631 1941 1793 1971 ecclesiae.
1814 1942 1884 1973 Dat.
1902 1943 1982 1980 apud
2004 1942 2178 1972 Urbemve-

1179 2001 1288 2032 terem,
1307 2006 1327 2025 11
1344 1995 1498 2025 kalendas
1517 1996 1713 2034 septembris,
1731 2003 1816 2025 anno
1831 2000 1952 2034 quarto.
1970 1996 2074 2034 (Ibid.)

1651 2074 1778 2105 OrvietO,
1798 2075 1834 2100 1er
1848 2075 2009 2109 septembre
2028 2075 2104 2102 1291.

1218 2138 1255 2167 In
1273 2147 1299 2167 e.
1320 2147 1384 2173 m.,
1405 2146 1459 2176 pro
1479 2136 1612 2166 ecclesia
1630 2136 1816 2167 monasterii
1836 2136 1968 2166 Sanctae
1991 2136 2179 2167 Scolasticae

1177 2191 1216 2220 de
1230 2191 1422 2228 savigneym
1440 2190 1564 2220 ordinis
1581 2190 1612 2220 S.
1636 2190 1818 2225 Benedicti,
1837 2190 2043 2219 Treverensis
2057 2190 2178 2219 dioece-

1178 2244 1239 2281 sis,
1261 2245 1294 2272 in
1313 2243 1457 2282 ejusdem
1481 2248 1609 2273 sanctae
1625 2247 1654 2272 et
1670 2243 1909 2281 Assumptionis
1930 2243 2038 2272 beatae
2060 2243 2179 2272 Mariae

1177 2297 1414 2333 festivitatibus,
1435 2301 1506 2332 ete,
1528 2301 1561 2325 ut
1579 2305 1674 2334 supra
1689 2305 1789 2334 usque
1808 2296 1879 2325 Dat.
1899 2296 1982 2334 apud
2003 2296 2178 2326 Urbemve-

1179 2355 1288 2386 terem,
1308 2349 1457 2379 kalendis
1474 2349 1673 2387 septembris,
1691 2357 1776 2378 anno
1792 2353 1912 2387 quarto.
1931 2348 2035 2387 (ibid.)

1249 2539 1366 2570 5822

1215 2601 1398 2636 Dispensatio
1414 2609 1502 2636 super
1517 2602 1677 2636 pluralitate
1693 2602 1908 2629 beneficiorum.
1926 2602 2008 2636 (lies.
2024 2603 2065 2633 46,
2079 2611 2104 2628 e.
2118 2603 2176 2634 459,

1179 2651 1198 2678 f.
1215 2651 1248 2678 90
1264 2652 1312 2684 ro.)

1653 2538 1783 2571 Orvieto,
1802 2541 1839 2566 1²¹·
1854 2541 2014 2575 septembre
2033 2541 2107 2568 1391.

1221 2783 1240 2790 ..
1261 2761 1393 2797 episcopo
1409 2759 1605 2796 Peryamensi
1618 2759 1747 2788 mandat
1764 2764 1797 2788 ut
1809 2768 1879 2788 cum
1895 2759 2040 2789 Gnidone
2055 2760 2093 2789 de
2107 2760 2179 2790 Cas-

1181 2812 1327 2848 tellione,
1354 2812 1484 2846 clerico,
1512 2815 1624 2849 nepote
1649 2811 1753 2841 felicis
1776 2812 2003 2841 recordationis
2027 2812 2178 2841 Celestini

1180 2874 1288 2904 papae,
1307 2863 1557 2894 Mediolanensis
1573 2864 1744 2899 dioecesis,
1762 2873 1835 2893 cnm
1850 2873 1911 2902 qno
1926 2864 2003 2894 olim
2022 2865 2178 2894 Innocen-

1181 2919 1243 2948 tius
1263 2918 1354 2946 ΙΙΙΙΗΞ
1368 2926 1462 2955 super
1484 2917 1606 2946 defectu
1625 2916 1777 2946 natalium
1795 2926 1889 2955 quem
1909 2918 2035 2955 patitur,
2050 2927 2065 2946 e
2078 2917 2179 2947 soluto

1180 2971 1306 3008 genitus
1327 2974 1357 2999 et
1372 2970 1489 3006 soluta,
1507 2970 1717 3008 dispensavit,
1743 2970 1782 2999 de
1802 2978 1884 2999 novo
1905 2970 2065 3009 dispenset
2085 2979 2179 3009 super
