2393 3496
248 305 305 335 980
994 295 1232 328 REGISTRES
1254 295 1308 325 DE
1331 295 1516 326 NICOLAS
1538 296 1594 327 IV.

250 380 304 408 per
320 369 398 400 alias
414 369 534 399 litteus
553 371 675 398 nostras
692 365 871 405 patriarche
890 364 1030 403 predicto
1047 367 1082 393 ut
1099 371 1171 393 cum
1190 362 1252 392 eis-

249 424 320 453 dem
337 422 460 453 clericis
484 430 579 460 super
603 418 848 457 irregularitate,
875 418 903 447 si
924 426 1021 457 quam
1041 416 1254 446 incurrissent

249 485 304 515 pro
315 475 524 505 celebratione
539 471 723 511 hujusmodi
739 471 936 503 divinorum,
949 469 1123 499 dummodo
1134 469 1167 498 in
1180 477 1254 498 con-

249 533 401 566 temptum
425 526 563 556 clarium
589 524 662 554 talia
686 523 822 553 minime
847 523 1126 561 presumpsissent,
1150 526 1255 561 posset

247 580 346 610 libere
366 580 560 618 dispensare.
591 576 672 607 Cum
696 580 802 606 autem
828 576 994 606 occasione
1018 574 1254 614 impetrationis

246 634 424 662 litterarum
442 631 582 669 ipsarum
596 629 629 658 in
644 629 770 659 civitate
783 637 820 659 ac
834 628 951 658 diocesi
969 627 1171 667 supradictis,
1186 627 1252 664 ubi,

246 690 336 723 prout
351 683 559 723 premittitur,
579 681 800 720 sollempniter
819 681 974 711 hactenus
989 681 1184 711 celebratum
1200 689 1253 710 ex-

247 737 310 767 titit
325 741 355 766 et
370 736 484 768 cotidie
500 735 696 771 celebratur,
713 744 810 773 grave
830 734 1016 764 scandalum
1036 734 1076 764 sit
1095 737 1252 772 exortum,

245 794 392 829 potestas,
418 788 595 827 capitanei,
621 788 782 825 ancxiaui‚
810 787 994 825 consilium,
1022 795 1194 817 commune
1217 795 1254 817 ac

244 842 377 884 populus
394 842 561 871 memorati
581 841 673 871 nobis
689 841 854 871 humiliter
870 841 1093 880 supplicarunt
1113 844 1159 876 nt,
1182 850 1252 880 per-

244 904 394 926 sonarum
424 894 565 934 pericula
594 903 656 933 que
685 898 814 932 possent
843 903 879 923 ex
908 893 1057 924 scandalo
1083 894 1252 932 provenire

243 949 383 988 predicto
410 953 541 987 paterna
566 947 765 987 providentia
787 952 1004 986 precaventes,
1028 947 1194 987 providere
1217 947 1251 976 in

244 1003 303 1032 hac
315 1007 400 1042 parte
412 1002 450 1031 de
466 1001 661 1039 benignitate
673 1001 757 1031 sedis
768 1000 938 1040 apostolice
953 1001 1173 1039 dignaremur.
1187 1001 1253 1030 Nos

244 1056 362 1095 itaque,
383 1054 524 1085 volentes
547 1054 731 1093 hujusmodi
754 1054 895 1093 pericula
915 1054 1038 1088 evitari,
1064 1054 1251 1084 discretioni

244 1113 346 1138 vestre
363 1117 418 1146 per
431 1107 602 1146 apostolica
618 1107 732 1146 scripta
756 1107 947 1136 mandamus
963 1106 1116 1146 quatinus
1132 1115 1186 1137 vos
1203 1106 1253 1136 vel

242 1163 322 1192 alter
351 1165 490 1190 vestrum
522 1161 556 1190 in
587 1160 664 1190 locis
693 1159 856 1199 aliquibus
891 1161 1028 1190 civitatis
1057 1164 1087 1190 et
1117 1160 1251 1190 diocesis

243 1215 429 1245 earumdem
447 1215 484 1244 de
500 1214 616 1253 quibus
632 1214 779 1243 videritis
796 1214 944 1252 expedire
964 1213 1091 1252 publice
1107 1223 1143 1244 ex
1164 1217 1251 1253 parte

242 1273 350 1299 nostra
366 1268 557 1298 denuntiare
572 1268 690 1298 curetis
709 1267 793 1306 quod
810 1277 865 1306 per
880 1268 1007 1297 easdem
1026 1267 1146 1298 litteras
1162 1268 1251 1298 nolu-

242 1331 313 1351 mus
332 1321 495 1351 communi
513 1322 618 1351 Janue
634 1320 683 1350 vel
699 1320 864 1359 aliquibus
881 1320 952 1350 aliis
969 1320 1091 1360 aliquid
1107 1320 1250 1360 prejudi-

241 1376 326 1405 cium
352 1374 516 1412 generari,
536 1378 599 1411 set,
619 1373 725 1412 elapso
742 1373 881 1412 predicto
900 1379 1041 1412 tempore
1061 1374 1096 1403 in
1121 1373 1251 1412 prefatis

241 1428 356 1457 litteris
371 1427 611 1466 comprehenso,
629 1427 761 1466 perinde
775 1427 930 1457 habeatur
945 1436 981 1457 ac
996 1427 1022 1457 si
1038 1436 1103 1458 non
1116 1427 1253 1457 fuissent

242 1481 352 1510 eedem
367 1479 470 1510 littere
482 1480 659 1518 impetrate.
679 1480 750 1510 Non
767 1480 910 1510 obstante
922 1480 1135 1519 indulgentia,
1150 1481 1251 1520 siqua

243 1534 332 1564 vobis
347 1539 402 1563 aut
419 1534 589 1563 ordinibus
605 1534 717 1563 vestris
733 1543 751 1563 a
763 1533 836 1564 sede
850 1533 1021 1573 apostolica
1037 1535 1077 1564 sit
1090 1543 1249 1572 concessa,

241 1586 324 1626 quod
348 1595 412 1616 non
439 1586 614 1616 teneamini
640 1595 695 1616 vos
720 1586 935 1617 intromittere
961 1587 998 1617 de
1023 1587 1160 1625 negotiis
1188 1596 1251 1626 que

240 1641 330 1671 vobis
346 1649 402 1679 per
418 1641 517 1679 ipsius
534 1641 617 1670 sedis
635 1640 755 1670 litteras
771 1641 1027 1671 committuntur.
1045 1641 1118 1671 Dat.
1134 1641 1248 1679 Rome,

241 1699 313 1731 etc,
331 1704 376 1723 1111
394 1694 466 1724 idus
477 1693 632 1733 januarii,
651 1702 737 1724 anno
754 1694 868 1732 primo.
888 1706 900 1721 n

261 1924 269 1931 ,
310 1896 427 1924 τπιε

273 1959 431 1986 Commune
441 1958 613 1986 Perusinum
621 1966 716 1985 coram
725 1958 792 1985 sede
801 1959 958 1993 apostolica
966 1957 1157 1992 citatutufflol.
1166 1958 1198 1986 35
1207 1959 1247 1992 v0)

518 1895 874 1930 Sainte-Mat·ie-Majeure,
894 1895 925 1923 19
942 1895 1098 1922 novembre
1116 1895 1192 1922 1288.

280 2062 387 2090 Dilecto
411 2061 475 2097 filio
494 2084 513 2090 ..
538 2062 640 2090 abbati
663 2061 842 2090 monasterii
862 2061 967 2090 Sancti
987 2061 1070 2090 Petri
1090 2062 1246 2090 Perusini.

242 2127 253 2141 α
277 2114 402 2143 Dudum
421 2113 523 2143 felicis
539 2113 768 2143 recordatiouis
782 2114 943 2143 Honorius
960 2122 1040 2153 papa
1053 2114 1158 2151 nllus,
1176 2123 1248 2152 pre-

238 2168 384 2197 decessor
401 2171 516 2203 noster,
532 2175 706 2197 commune
722 2166 919 2196 Perusinum
936 2176 991 2205 per
1007 2175 1081 2197 suos
1095 2167 1248 2206 speciales

238 2223 388 2252 nuntium
407 2227 437 2252 et
453 2222 574 2252 litteras
589 2222 756 2261 requisivit
767 2226 814 2259 ut,
827 2231 900 2252 cnm
916 2222 955 2252 de
971 2231 1098 2252 summa
1109 2223 1247 2261 quadra-

239 2277 327 2314 ginta
344 2275 472 2305 milium
490 2275 679 2304 florinorum
695 2275 768 2304 auri
792 2276 825 2304 in
846 2275 966 2314 quibus
982 2284 1019 2305 ex
1041 2277 1136 2305 certis
1156 2276 1247 2315 penis

240 2332 265 2357 et
285 2328 627 2367 condempnationibus
641 2336 766 2358 camere
780 2328 863 2357 sedis
874 2327 1044 2367 apostolice
1058 2329 1248 2359 tenebantur

239 2385 360 2411 restent
371 2381 477 2411 adhuc
491 2381 600 2411 decem
612 2381 704 2411 milia
717 2381 938 2420 persolvenda,
950 2391 1076 2412 camere
1088 2382 1248 2413 solverent

240 2434 418 2473 supradicte
431 2445 437 2470 3
455 2439 485 2464 et
500 2434 575 2473 quia
593 2442 766 2464 commune
780 2434 886 2474 ipsum
900 2434 930 2464 id
943 2435 1069 2465 efficere
1083 2444 1147 2466 non
1159 2445 1248 2466 cura-

239 2488 299 2523 vit,
322 2487 461 2525 prefatus
482 2487 686 2526 predecessor
709 2487 764 2516 tibi
785 2478 938 2526 pei-'suas
958 2488 1018 2518 sub
1039 2492 1125 2518 certa
1144 2488 1248 2519 forma

238 2540 361 2570 litteras
374 2540 460 2569 dedit
475 2540 651 2570 districtius
666 2541 698 2569 in
716 2541 870 2580 preceptis
883 2545 917 2570 ut
932 2541 1054 2571 nobiles
1070 2542 1155 2572 viros
1173 2543 1248 2572 Ber-

239 2593 414 2623 nardiuum
439 2593 603 2631 quondam
628 2593 783 2632 llaynerii
803 2593 841 2623 de
861 2594 1022 2624 Marsiano
1043 2598 1073 2624 et
1089 2595 1246 2625 Jacobum

238 2656 274 2677 ac
293 2647 488 2677 Boncontem
502 2646 540 2676 de
555 2646 718 2676 Cocorano
735 2650 765 2676 et
782 2646 927 2676 Blasium
943 2647 1105 2686 quondam
1121 2648 1245 2686 Jacobi,

239 2700 375 2736 milites,
397 2700 485 2729 Telle
509 2700 546 2729 de
574 2700 739 2736 Bostiano‚
762 2700 895 2730 Petrum
919 2700 1050 2737 Blanci,
1078 2701 1247 2740 Rigutium

239 2753 401 2792 quondam
421 2753 553 2791 Bigonis
569 2753 694 2790 militis,
711 2753 832 2783 Gilinm
851 2754 964 2791 Marci,
978 2755 1179 2794 Raynerinm
1190 2755 1246 2785 Jo-

238 2806 358 2836 hannis
382 2807 461 2836 Paze
481 2806 609 2842 Jacobi,
630 2807 845 2836 Bertrannum
865 2807 969 2844 Petri,
986 2807 1151 2838 Tarlatum
1169 2808 1246 2838 Ber-

237 2860 392 2897 ciazonis,
410 2860 595 2890 Johannem
616 2860 788 2897 Veronice‚
809 2861 980 2891 Nicolaum
1002 2861 1244 2899 Bonaventure,

238 2913 439 2952 Stephanum
458 2913 545 2943 Petri
561 2917 590 2943 et
611 2913 832 2943 Venturellam
852 2914 1035 2944 Benvenuti
1055 2914 1244 2952 Guillelmi,

238 2967 322 2996 cives
346 2971 376 2996 et
400 2970 589 2996 mercatores
614 2966 799 3002 Perusinos,
820 2976 899 3006 quos
917 2967 1002 2998 idem
1019 2976 1190 2998 commune
1208 2969 1246 2998 de

1337 361 1479 400 predicta
1497 370 1625 391 summa
1647 362 1680 391 in
1706 361 1835 400 prefixis
1854 360 1894 391 ad
1912 361 1972 392 hoc
1991 361 2140 392 terminis
2164 363 2267 396 eidem
2282 374 2336 398 oa-

1336 423 1424 444 mere
1446 414 1655 454 persolvenda
1679 414 1884 453 fidejussores
1900 413 2064 452 exhibuit,
2090 424 2145 454 per
2167 419 2196 446 te
2211 417 2260 448 vel
2283 427 2335 459 per

1335 467 1436 497 alium
1453 477 1508 497 seu
1525 467 1604 498 alios
1621 477 1655 497 ex
1673 473 1760 507 parte
1775 467 1875 506 ipsius
1891 466 2119 506 predecessoris
2131 472 2334 510 peremptorie

1336 521 1434 551 citare
1449 530 1579 551 curares
1598 525 1632 551 ut
1646 521 1731 550 intra
1746 525 1869 551 certum
1884 520 2058 550 terminum
2074 526 2142 560 post
2157 522 2335 559 citationem

1337 578 1424 604 tuam
1439 579 1660 613 comparerent
1675 573 1884 613 personaliter
1899 582 2007 604 coram
2024 582 2072 611 eo,
2086 574 2218 613 parituri
2231 580 2262 606 et
2273 577 2293 607 f

1338 628 1400 658 turi
1421 627 1506 666 quod
1534 636 1629 666 super
1655 627 1715 657 hoc
1739 627 1921 666 injunctum
1946 627 2101 657 extitisset
2125 627 2262 667 eisdem,
2290 615 2339 667 :2⁴4ss
2370 657 2371 661 ,
2392 630 2393 671 ξ

1335 681 1411 711 licet
1432 685 1463 711 tn
1482 681 1572 720 juxta
1592 680 1738 711 traditam
1757 680 1813 710 tibi
1834 681 1969 711 sormam
1995 689 2050 720 per
2072 680 2199 711 easdem
2223 676 2329 714 litte?
2354 716 2359 726 .

1336 735 1540 774 fidejussores
1565 734 1714 764 citaveris
1740 734 1906 774 [prefatos‚
1933 734 1994 773 ipsi
2017 742 2200 774 comparere
2225 735 2260 766 in
2287 736 2319 775 ’ᾖ
2360 755 2367 762 .

1332 787 1458 828 juncto]
1478 788 1525 817 eis
1549 787 1686 818 termino
1707 796 1772 818 non
1797 791 1962 818 curarunt.
1983 788 2048 818 Nos
2064 788 2186 827 itaque,
2203 788 2315 820 votew*
2362 804 2366 814 ·

1335 841 1375 871 ad
1387 841 1546 881 effec[tum
1561 841 1734 881 perducere
1746 840 1932 880 hujusmodi
1945 841 2120 880 negotium,
2130 840 2196 881 per]
2205 841 2289 874 eund
2302 843 2314 876 ζ”“

1335 895 1591 935 predecessorem
1609 894 1753 933 legitime
1768 894 1968 932 inchoatum,
1986 894 2178 925 mandamus
2193 895 2276 934 quat·

1335 957 1509 980 commune
1524 957 1560 979 ac
1572 948 1774 987 fidejussores
1789 948 1954 987 [predictos
1969 947 2008 978 de
2023 956 2106 979 novo
2122 947 2263 988 perem1p
2282 962 2310 982 m

1336 1004 1433 1033 citare
1449 1010 1599 1041 procures
1615 1006 1650 1032 ut
1664 1010 1835 1032 commune
1851 1002 1956 1041 ipsum
1974 1010 2029 1040 per
2044 1001 2216 1041 syndicum
2229 1001 2294 1032 ad'

1335 1055 1514 1096 specialiter
1540 1059 1570 1085 et
1601 1054 1745 1093 legitime
1768 1054 2007 1094 [constitutum,
2029 1053 2246 1094 fidejusso]res
2267 1063 2321 1100 νων,

1334 1108 1546 1149 personaliter
1561 1108 1647 1137 intra
1663 1108 1773 1138 decem
1785 1108 1854 1138 dies
1868 1112 1938 1147 post
1952 1107 2138 1138 citationem
2155 1111 2242 1138 tuam
2255 1115 2321 1142 cor-j

1334 1167 1467 1204 pareant
1480 1171 1586 1193 coram
1602 1162 1705 1199 nobis,
1718 1161 1841 1201 [scituri
1852 1166 1882 1192 et
1894 1161 2064 1201 rec]epturi
2077 1161 2161 1201 quod
2171 1169 2267 1201 super
2285 1159 2322 1187 ιι

1333 1217 1521 1248 duxerimus
1532 1215 1783 1255 injungendum.
1796 1215 1890 1245 Diem
1903 1223 1978 1246 vero
1991 1214 2152 1246 citationis
2164 1218 2194 1245 et
2205 1214 2278 1246 forn
2300 1214 2302 1217 ’
2313 1230 2325 1259 ‘2'

1333 1274 1364 1301 et
1384 1269 1540 1310 quicquid
1562 1269 1674 1299 seceris
1694 1268 1729 1298 in
1751 1269 1916 1307 premissis
1940 1268 2033 1299 nobis
2057 1277 2112 1308 per
2134 1271 2204 1298 tuas
2223 1267 2328 1299 litte}

1333 1324 1417 1354 hanc
1435 1323 1551 1354 seriem
1567 1323 1784 1359 continentes,
1802 1331 1882 1362 quas
1899 1322 1990 1352 nobis
2007 1331 2063 1361 per
2080 1345 2101 1353 ..
2120 1321 2254 1352 latorem
2276 1336 2281 1349 ι
2299 1321 2301 1326 ⁴

1333 1378 1491 1415 sentium,
1514 1385 1676 1407 cursorem
1699 1380 1861 1412 nostrum,
1888 1375 2008 1405 remitti
2030 1374 2194 1412 volumus,
2216 1364 2321 1406 stunt*

1332 1431 1471 1462 fideliter
1494 1430 1656 1460 intimare.
1684 1429 1755 1459 Dat.
1783 1429 1900 1467 Rome,
1923 1428 2007 1468 apud
2029 1428 2178 1459 Sanctam
2205 1427 2257 1458 Ma
2276 1427 2284 1434 ”

1334 1485 1502 1525 Majorem,
1518 1493 1574 1513 xm
1593 1482 1747 1513 kalendas
1762 1481 1951 1512 decembris.
1972 1493 1985 1508 n

1406 1670 1525 1699 ’2213
1599 1667 1961 1702 Sainte-Marie—Majeure,
1974 1666 2005 1694 31
2020 1667 2174 1694 decembre
2191 1665 2269 1695 1288.

1368 1733 1543 1760 Caneellario
1580 1732 1720 1759 ecclesiae
1749 1730 1924 1757 Parisiensis
1954 1730 2070 1757 mandat
2098 1733 2132 1757 ut
2158 1728 2285 1757 Johanni·
2309 1723 2319 1758 [t

1332 1783 1445 1815 Murro,
1464 1781 1572 1808 ordinis
1589 1781 1748 1814 minorum,
1765 1780 1910 1807 licentiam
1930 1778 2049 1814 regendi
2070 1779 2100 1806 in
2122 1777 2282 1814 theologica
2306 1778 2314 1785 ³

1331 1833 1438 1859 cultate
1453 1831 1599 1865 largiatur,
1612 1837 1698 1864 quam
1710 1829 1854 1856 licentiam
1866 1829 1956 1855 bonae
1969 1828 2122 1855 memoriae
2136 1827 2283 1863 praedece
2294 1840 2299 1849 2
2310 1831 2316 1856 ί

1331 1880 1463 1916 ejusdem
1486 1879 1662 1910 cancellarii,
1691 1878 1832 1905 mandatis
1854 1877 2022 1913 apostolicis
2041 1876 2225 1911 inobediens,
2247 1875 2316 1906 eid·-

1330 1930 1457 1957 Johanni
1471 1929 1567 1963 largiri
1582 1928 1736 1955 recusavit.
1756 1927 1825 1961 (Fol.
1843 1927 1875 1954 36
1892 1928 1940 1960 r0.)

1370 2033 1481 2062 Dilecto
1497 2032 1562 2069 filio
1579 2053 1600 2061 ..
1617 2031 1801 2061 cancellario
1817 2030 1933 2060 ecclesie
1952 2029 2144 2059 Part'siertsz's.

1373 2098 1387 2113 «
1416 2085 1546 2115 Pridem
1576 2088 1696 2114 attente
1723 2081 2027 2114 considerationis...
2055 2098 2094 2103 —
2120 2081 2193 2112 Dat.
2217 2079 2312 2112 Rom

1331 2139 1415 2179 apud
1436 2138 1586 2169 Sanctam
1610 2137 1746 2167 Mariam
1768 2137 1942 2175 Majooem,
1962 2134 2102 2166 secundo
2122 2133 2275 2165 kalendas
2292 2132 2306 2140 ”’

1331 2193 1452 2224 nuarii.
1468 2204 1483 2219 »

1403 2379 1521 2407 ’22¹4

1366 2441 1472 2468 Contra
1487 2439 1646 2476 praedones
1661 2438 1807 2465 Clusinos.
1825 2437 1907 2473 «1³01.
1925 2436 1957 2464 3ss
1974 2437 2022 2470 νῦ.)

1651 2374 2013 2409 Sainte-Ma1·ie-MaJeure,
2032 2374 2047 2402 3
2060 2375 2174 2410 janvier
2190 2373 2268 2402 1289.

1371 2545 1480 2574 Dilecto
1504 2543 1568 2581 filio
1592 2542 1776 2578 Percivallo,
1801 2541 1957 2579 capellano
1981 2545 2106 2577 nostro,
2130 2539 2285 2570 carissimi
2306 2534 2316 2546 ⁴

1332 2598 1450 2628 Christo
1465 2597 1526 2634 filit·
1543 2596 1642 2626 nostri
1654 2596 1701 2631 R„
1713 2595 1794 2633 'reyz's
1809 2596 2015 2624 Romanorum
2031 2593 2176 2630 illustris,
2192 2593 2227 2622 in
2239 2600 2296 2631 par
2305 2598 2322 2628 ’,ι’

1332 2652 1385 2680 bus
1410 2651 1513 2680 Tusct'e
1532 2649 1649 2679 vicario
1672 2648 1820 2686 yeneralt'.
1846 2659 1859 2674 ιι
1881 2646 1985 2677 Grave
2003 2646 2101 2676 nimis
2121 2650 2152 2676 et
2170 2645 2283 2677 molest
2312 2658 2324 2669 ³1

1330 2702 1607 2743 quamplurimum
1619 2700 1830 2731 occurritnon
1843 2699 1996 2730 inmerito
2005 2699 2084 2730 votis
2093 2698 2208 2730 nostris
2216 2697 2312 2738 quod.

1330 2757 1364 2787 in
1385 2757 1478 2787 terris
1498 2760 1551 2786 tue
1568 2754 1788 2794 jurisdictioni
1809 2753 1960 2792 subjectis
1983 2752 2074 2792 plura
2095 2752 2314 2782 committun

1330 2810 1514 2840 enormia...
1531 2808 1642 2847 Nuper
1658 2811 1689 2838 et
1705 2807 1793 2837 enim
1810 2806 1920 2837 dilecti
1936 2805 1996 2836 filii
2012 2804 2206 2836 Gnillelmus
2225 2804 2264 2835 do

1329 2871 1431 2902 grona
1444 2867 1475 2893 et
1486 2861 1661 2892 Obertinus
1676 2861 1780 2891 dictus
1797 2859 1988 2896 Stanconus,
2003 2859 2088 2889 cives
2104 2861 2135 2889 et
2149 2861 2286 2888 mercato

1329 2916 1530 2953 Januenses,
1548 2924 1604 2954 per
1620 2918 1751 2944 stratam
1768 2912 1930 2952 publicam
1949 2911 2033 2942 ultra
2047 2915 2188 2942 castrum
2204 2909 2322 2941 Ra‹11›==*'

1330 2969 1397 2999 fani
1412 2967 1606 3000 fiducialiter
1623 2967 1795 2997 transitum
1811 2966 1975 3002 facientes,
1995 2974 2050 3005 per
2063 2968 2193 3004 gentem
2210 2971 2282 3004 que,
2302 2957 2328 3012 :ff
