<?xml version="1.0" encoding="UTF-8"?>
<!DOCTYPE html PUBLIC "-//W3C//DTD XHTML 1.0 Transitional//EN"
    "http://www.w3.org/TR/xhtml1/DTD/xhtml1-transitional.dtd">
<html xmlns="http://www.w3.org/1999/xhtml" xml:lang="en" lang="en">
 <head>
  <title>
</title>
<meta http-equiv="Content-Type" content="text/html;charset=utf-8" />
  <meta name='ocr-system' content='tesseract 3.04.00' />
  <meta name='ocr-capabilities' content='ocr_page ocr_carea ocr_par ocr_line ocrx_word'/>
</head>
<body>
  <div class='ocr_page' id='page_1' title='image "./lesregistresdeni02romeuoft_0617.png"; bbox 0 0 2393 3496; ppageno 0'>
   <div class='ocr_carea' id='block_1_1' title="bbox 697 340 2219 383">
    <p class='ocr_par' dir='ltr' id='par_1_1' title="bbox 697 340 2219 383">
     <span class='ocr_line' id='line_1_1' title="bbox 697 340 2219 383; baseline -0.002 -3"><span class='ocrx_word' id='word_1_1' title='bbox 697 351 833 380; x_wconf 76' lang='lat' dir='ltr'><strong>TABLE</strong></span> <span class='ocrx_word' id='word_1_2' title='bbox 857 340 1190 383; x_wconf 74' lang='lat' dir='ltr'><strong>ALPHABETIQUE</strong></span> <span class='ocrx_word' id='word_1_3' title='bbox 1210 346 1288 376; x_wconf 89' lang='lat' dir='ltr'>DES</span> <span class='ocrx_word' id='word_1_4' title='bbox 1311 347 1428 377; x_wconf 80' lang='lat' dir='ltr'>NOMS</span> <span class='ocrx_word' id='word_1_5' title='bbox 1453 346 1658 377; x_wconf 78' lang='lat' dir='ltr'>PROPRES.</span> <span class='ocrx_word' id='word_1_6' title='bbox 2150 348 2219 377; x_wconf 77' lang='lat'>1291</span> 
     </span>
    </p>
   </div>
   <div class='ocr_carea' id='block_1_2' title="bbox 128 415 1144 3056">
    <p class='ocr_par' dir='ltr' id='par_1_2' title="bbox 128 415 715 453">
     <span class='ocr_line' id='line_1_2' title="bbox 128 415 715 453; baseline -0.007 -6"><span class='ocrx_word' id='word_1_7' title='bbox 128 416 230 447; x_wconf 88' lang='lat' dir='ltr'>Vallis</span> <span class='ocrx_word' id='word_1_8' title='bbox 245 415 378 446; x_wconf 85' lang='lat' dir='ltr'>Gerardi</span> <span class='ocrx_word' id='word_1_9' title='bbox 396 423 491 453; x_wconf 82' lang='lat' dir='ltr'>prope</span> <span class='ocrx_word' id='word_1_10' title='bbox 508 415 653 444; x_wconf 82' lang='lat' dir='ltr'>Parisius</span> <span class='ocrx_word' id='word_1_11' title='bbox 670 416 715 444; x_wconf 93' lang='lat'>77.</span> 
     </span>
    </p>

    <p class='ocr_par' dir='ltr' id='par_1_3' title="bbox 129 465 1138 550">
     <span class='ocr_line' id='line_1_3' title="bbox 129 465 1138 506; baseline -0.004 -8"><span class='ocrx_word' id='word_1_12' title='bbox 129 468 221 498; x_wconf 87' lang='lat' dir='ltr'>Valle</span> <span class='ocrx_word' id='word_1_13' title='bbox 237 467 398 497; x_wconf 85' lang='lat' dir='ltr'>Gnidonis</span> <span class='ocrx_word' id='word_1_14' title='bbox 421 466 481 505; x_wconf 91' lang='grc'><strong>(00.</strong></span> <span class='ocrx_word' id='word_1_15' title='bbox 507 465 539 495; x_wconf 91' lang='lat' dir='ltr'>S.</span> <span class='ocrx_word' id='word_1_16' title='bbox 563 467 731 496; x_wconf 72' lang='lat' dir='ltr'>Trinitatis</span> <span class='ocrx_word' id='word_1_17' title='bbox 753 467 790 496; x_wconf 89' lang='lat' dir='ltr'>de</span> <span class='ocrx_word' id='word_1_18' title='bbox 812 467 867 506; x_wconf 83' lang='lat' dir='ltr'>la),</span> <span class='ocrx_word' id='word_1_19' title='bbox 886 466 1138 496; x_wconf 80' lang='lat' dir='ltr'>Cenomanensis</span> 
     </span>
     <span class='ocr_line' id='line_1_4' title="bbox 171 520 308 550; baseline -0.007 -1"><span class='ocrx_word' id='word_1_20' title='bbox 171 521 201 550; x_wconf 91' lang='lat' dir='ltr'>d.</span> <span class='ocrx_word' id='word_1_21' title='bbox 220 520 308 550; x_wconf 93' lang='lat'>6554.</span> 
     </span>
    </p>

    <p class='ocr_par' dir='ltr' id='par_1_4' title="bbox 131 570 1116 609">
     <span class='ocr_line' id='line_1_5' title="bbox 131 570 1116 609; baseline -0.003 -5"><span class='ocrx_word' id='word_1_22' title='bbox 131 573 223 604; x_wconf 84' lang='lat' dir='ltr'>Valle</span> <span class='ocrx_word' id='word_1_23' title='bbox 241 572 405 603; x_wconf 83' lang='lat' dir='ltr'>Introduei</span> <span class='ocrx_word' id='word_1_24' title='bbox 425 572 524 609; x_wconf 89' lang='lat' dir='ltr'>(mon.</span> <span class='ocrx_word' id='word_1_25' title='bbox 544 570 576 600; x_wconf 86' lang='lat' dir='ltr'>S.</span> <span class='ocrx_word' id='word_1_26' title='bbox 595 572 718 607; x_wconf 87' lang='lat' dir='ltr'>Quirici</span> <span class='ocrx_word' id='word_1_27' title='bbox 735 572 796 608; x_wconf 85' lang='lat' dir='ltr'>de),</span> <span class='ocrx_word' id='word_1_28' title='bbox 812 573 964 601; x_wconf 74' lang='lat' dir='ltr'>Reatinae</span> <span class='ocrx_word' id='word_1_29' title='bbox 981 573 1010 601; x_wconf 91' lang='grc'>(1.</span> <span class='ocrx_word' id='word_1_30' title='bbox 1029 573 1116 601; x_wconf 76' lang='lat'>6521.</span> 
     </span>
    </p>

    <p class='ocr_par' dir='ltr' id='par_1_5' title="bbox 131 624 1138 713">
     <span class='ocr_line' id='line_1_6' title="bbox 131 624 1138 663; baseline -0.002 -7"><span class='ocrx_word' id='word_1_31' title='bbox 131 627 234 657; x_wconf 90' lang='lat' dir='ltr'>Vallis</span> <span class='ocrx_word' id='word_1_32' title='bbox 251 627 353 656; x_wconf 82' lang='lat' dir='ltr'>Lacus</span> <span class='ocrx_word' id='word_1_33' title='bbox 371 624 534 654; x_wconf 74' lang='lat' dir='ltr'>districtus</span> <span class='ocrx_word' id='word_1_34' title='bbox 551 624 644 660; x_wconf 84' lang='lat'>3510;</span> <span class='ocrx_word' id='word_1_35' title='bbox 663 642 701 646; x_wconf 95' lang='lat'><strong>—</strong></span> <span class='ocrx_word' id='word_1_36' title='bbox 719 633 763 654; x_wconf 85' lang='lat' dir='ltr'>ec.</span> <span class='ocrx_word' id='word_1_37' title='bbox 784 625 816 654; x_wconf 88' lang='lat' dir='ltr'>S.</span> <span class='ocrx_word' id='word_1_38' title='bbox 839 625 975 663; x_wconf 74' lang='lat' dir='ltr'>Ypoliti,</span> <span class='ocrx_word' id='word_1_39' title='bbox 997 625 1138 655; x_wconf 75' lang='grc' dir='ltr'><strong>[11110νο-</strong></span> 
     </span>
     <span class='ocr_line' id='line_1_7' title="bbox 173 676 523 713; baseline -0.011 -4"><span class='ocrx_word' id='word_1_40' title='bbox 173 684 264 709; x_wconf 86' lang='grc'><strong>13030</strong></span> <span class='ocrx_word' id='word_1_41' title='bbox 280 679 310 707; x_wconf 82' lang='grc'>(1.</span> <span class='ocrx_word' id='word_1_42' title='bbox 329 678 416 713; x_wconf 88' lang='grc'><strong>5588,</strong></span> <span class='ocrx_word' id='word_1_43' title='bbox 435 676 523 706; x_wconf 87' lang='lat'>5923.</span> 
     </span>
    </p>

    <p class='ocr_par' dir='ltr' id='par_1_6' title="bbox 133 728 676 762">
     <span class='ocr_line' id='line_1_8' title="bbox 133 728 676 762; baseline -0.007 0"><span class='ocrx_word' id='word_1_44' title='bbox 133 731 235 762; x_wconf 87' lang='lat' dir='ltr'>Vallis</span> <span class='ocrx_word' id='word_1_45' title='bbox 252 733 282 761; x_wconf 85' lang='lat' dir='ltr'>S.</span> <span class='ocrx_word' id='word_1_46' title='bbox 304 729 465 760; x_wconf 78' lang='lat' dir='ltr'>Lamberti</span> <span class='ocrx_word' id='word_1_47' title='bbox 480 737 570 758; x_wconf 92' lang='lat' dir='ltr'>mon.</span> <span class='ocrx_word' id='word_1_48' title='bbox 589 728 676 759; x_wconf 88' lang='lat'>3539.</span> 
     </span>
    </p>

    <p class='ocr_par' dir='ltr' id='par_1_7' title="bbox 134 782 1138 868">
     <span class='ocr_line' id='line_1_9' title="bbox 134 782 1138 824; baseline -0.002 -9"><span class='ocrx_word' id='word_1_49' title='bbox 134 785 307 823; x_wconf 84' lang='lat' dir='ltr'>Vallilarge</span> <span class='ocrx_word' id='word_1_50' title='bbox 331 784 479 824; x_wconf 82' lang='lat' dir='ltr'>(Jacobus</span> <span class='ocrx_word' id='word_1_51' title='bbox 502 782 638 820; x_wconf 85' lang='lat' dir='ltr'>Nicolai)</span> <span class='ocrx_word' id='word_1_52' title='bbox 662 783 699 812; x_wconf 90' lang='lat' dir='ltr'>de</span> <span class='ocrx_word' id='word_1_53' title='bbox 719 783 898 820; x_wconf 72' lang='lat' dir='ltr'>Guarcino,</span> <span class='ocrx_word' id='word_1_54' title='bbox 920 784 1085 813; x_wconf 70' lang='lat' dir='ltr'>Alam-inae</span> <span class='ocrx_word' id='word_1_55' title='bbox 1106 784 1138 813; x_wconf 84' lang='lat' dir='ltr'>d.</span> 
     </span>
     <span class='ocr_line' id='line_1_10' title="bbox 173 839 262 868; baseline 0 0"><span class='ocrx_word' id='word_1_56' title='bbox 173 839 262 868; x_wconf 86' lang='lat'>4498.</span> 
     </span>
    </p>

    <p class='ocr_par' dir='ltr' id='par_1_8' title="bbox 132 889 1136 982">
     <span class='ocr_line' id='line_1_11' title="bbox 132 889 1136 930; baseline -0.003 -9"><span class='ocrx_word' id='word_1_57' title='bbox 132 892 224 922; x_wconf 84' lang='lat' dir='ltr'>Valle</span> <span class='ocrx_word' id='word_1_58' title='bbox 238 892 448 930; x_wconf 85' lang='lat' dir='ltr'>Leprosorum</span> <span class='ocrx_word' id='word_1_59' title='bbox 464 890 565 928; x_wconf 89' lang='lat' dir='ltr'>(mon.</span> <span class='ocrx_word' id='word_1_60' title='bbox 581 889 613 918; x_wconf 91' lang='lat' dir='ltr'>S.</span> <span class='ocrx_word' id='word_1_61' title='bbox 631 889 740 919; x_wconf 76' lang='grc' dir='ltr'>ι1300111</span> <span class='ocrx_word' id='word_1_62' title='bbox 756 889 817 927; x_wconf 86' lang='lat' dir='ltr'>de),</span> <span class='ocrx_word' id='word_1_63' title='bbox 834 891 922 927; x_wconf 76' lang='lat' dir='ltr'>juxta</span> <span class='ocrx_word' id='word_1_64' title='bbox 940 889 1136 926; x_wconf 76' lang='lat' dir='ltr'>Bolebetuni,</span> 
     </span>
     <span class='ocr_line' id='line_1_12' title="bbox 174 942 602 982; baseline -0.007 -8"><span class='ocrx_word' id='word_1_65' title='bbox 174 944 444 982; x_wconf 78' lang='lat' dir='ltr'>Rothornagensis</span> <span class='ocrx_word' id='word_1_66' title='bbox 463 943 493 972; x_wconf 88' lang='lat' dir='ltr'>d.</span> <span class='ocrx_word' id='word_1_67' title='bbox 514 942 602 972; x_wconf 88' lang='lat'>6463.</span> 
     </span>
    </p>

    <p class='ocr_par' dir='ltr' id='par_1_9' title="bbox 131 995 873 1035">
     <span class='ocr_line' id='line_1_13' title="bbox 131 995 873 1035; baseline -0.003 -7"><span class='ocrx_word' id='word_1_68' title='bbox 131 998 232 1029; x_wconf 86' lang='lat' dir='ltr'>Vallis</span> <span class='ocrx_word' id='word_1_69' title='bbox 252 998 388 1035; x_wconf 82' lang='lat' dir='ltr'>Magnae</span> <span class='ocrx_word' id='word_1_70' title='bbox 405 1005 504 1033; x_wconf 88' lang='lat' dir='ltr'>mon.,</span> <span class='ocrx_word' id='word_1_71' title='bbox 523 995 718 1033; x_wconf 81' lang='lat' dir='ltr'>Agatheusis</span> <span class='ocrx_word' id='word_1_72' title='bbox 738 996 766 1025; x_wconf 88' lang='lat' dir='ltr'>d.</span> <span class='ocrx_word' id='word_1_73' title='bbox 785 996 873 1026; x_wconf 90' lang='lat'>5137.</span> 
     </span>
    </p>

    <p class='ocr_par' dir='ltr' id='par_1_10' title="bbox 133 1048 706 1088">
     <span class='ocr_line' id='line_1_14' title="bbox 133 1048 706 1088; baseline -0.007 -7"><span class='ocrx_word' id='word_1_74' title='bbox 133 1051 223 1081; x_wconf 86' lang='lat' dir='ltr'>Valle</span> <span class='ocrx_word' id='word_1_75' title='bbox 244 1051 279 1080; x_wconf 83' lang='lat' dir='ltr'>B.</span> <span class='ocrx_word' id='word_1_76' title='bbox 299 1050 420 1080; x_wconf 83' lang='lat' dir='ltr'>Mariae</span> <span class='ocrx_word' id='word_1_77' title='bbox 434 1051 532 1088; x_wconf 88' lang='grc'><strong>(11100.</strong></span> <span class='ocrx_word' id='word_1_78' title='bbox 550 1048 604 1088; x_wconf 90' lang='grc'>60)</span> <span class='ocrx_word' id='word_1_79' title='bbox 620 1048 706 1078; x_wconf 85' lang='lat'>4535.</span> 
     </span>
    </p>

    <p class='ocr_par' dir='ltr' id='par_1_11' title="bbox 130 1101 935 1140">
     <span class='ocr_line' id='line_1_15' title="bbox 130 1101 935 1140; baseline -0.005 -6"><span class='ocrx_word' id='word_1_80' title='bbox 130 1104 234 1135; x_wconf 85' lang='lat' dir='ltr'>Vallis</span> <span class='ocrx_word' id='word_1_81' title='bbox 252 1104 287 1133; x_wconf 87' lang='lat' dir='ltr'>B.</span> <span class='ocrx_word' id='word_1_82' title='bbox 309 1103 430 1132; x_wconf 84' lang='lat' dir='ltr'>Mariae</span> <span class='ocrx_word' id='word_1_83' title='bbox 449 1111 549 1137; x_wconf 89' lang='lat' dir='ltr'>mon.,</span> <span class='ocrx_word' id='word_1_84' title='bbox 567 1102 780 1140; x_wconf 78' lang='lat' dir='ltr'>Trajeetensis</span> <span class='ocrx_word' id='word_1_85' title='bbox 796 1102 826 1130; x_wconf 93' lang='grc'>6.</span> <span class='ocrx_word' id='word_1_86' title='bbox 847 1101 935 1131; x_wconf 86' lang='grc'><strong>3899.</strong></span> 
     </span>
    </p>

    <p class='ocr_par' dir='ltr' id='par_1_12' title="bbox 130 1156 1136 1197">
     <span class='ocr_line' id='line_1_16' title="bbox 130 1156 1136 1197; baseline -0.003 -7"><span class='ocrx_word' id='word_1_87' title='bbox 130 1159 223 1190; x_wconf 85' lang='lat' dir='ltr'>Valle</span> <span class='ocrx_word' id='word_1_88' title='bbox 239 1158 347 1188; x_wconf 77' lang='lat' dir='ltr'>Martii</span> <span class='ocrx_word' id='word_1_89' title='bbox 364 1158 424 1197; x_wconf 87' lang='lat' dir='ltr'>(ec.</span> <span class='ocrx_word' id='word_1_90' title='bbox 442 1158 478 1186; x_wconf 87' lang='grc' dir='ltr'>Β.</span> <span class='ocrx_word' id='word_1_91' title='bbox 499 1157 618 1186; x_wconf 84' lang='lat' dir='ltr'>Mariae</span> <span class='ocrx_word' id='word_1_92' title='bbox 634 1156 696 1195; x_wconf 82' lang='lat' dir='ltr'>de),</span> <span class='ocrx_word' id='word_1_93' title='bbox 716 1157 988 1187; x_wconf 79' lang='lat' dir='ltr'>Autisiodorensis</span> <span class='ocrx_word' id='word_1_94' title='bbox 1005 1158 1034 1187; x_wconf 91' lang='lat' dir='ltr'>d.</span> <span class='ocrx_word' id='word_1_95' title='bbox 1049 1157 1136 1187; x_wconf 86' lang='lat'>3669.</span> 
     </span>
    </p>

    <p class='ocr_par' dir='ltr' id='par_1_13' title="bbox 130 1209 1004 1249">
     <span class='ocr_line' id='line_1_17' title="bbox 130 1209 1004 1249; baseline -0.005 -6"><span class='ocrx_word' id='word_1_96' title='bbox 130 1211 387 1243; x_wconf 87' lang='lat' dir='ltr'>Vallemontonis</span> <span class='ocrx_word' id='word_1_97' title='bbox 402 1209 630 1249; x_wconf 85' lang='lat' dir='ltr'>(Adenulphus</span> <span class='ocrx_word' id='word_1_98' title='bbox 646 1209 684 1239; x_wconf 91' lang='lat' dir='ltr'>de</span> <span class='ocrx_word' id='word_1_99' title='bbox 704 1209 828 1240; x_wconf 82' lang='lat' dir='ltr'>Comite</span> <span class='ocrx_word' id='word_1_100' title='bbox 847 1210 898 1249; x_wconf 88' lang='lat' dir='ltr'>de)</span> <span class='ocrx_word' id='word_1_101' title='bbox 920 1210 1004 1240; x_wconf 90' lang='lat'>1937.</span> 
     </span>
    </p>

    <p class='ocr_par' dir='ltr' id='par_1_14' title="bbox 130 1262 1138 1348">
     <span class='ocr_line' id='line_1_18' title="bbox 130 1262 1138 1303; baseline -0.003 -7"><span class='ocrx_word' id='word_1_102' title='bbox 130 1264 385 1296; x_wconf 86' lang='lat' dir='ltr'>Vallemoutonis</span> <span class='ocrx_word' id='word_1_103' title='bbox 401 1263 525 1303; x_wconf 85' lang='lat' dir='ltr'>(Laudo</span> <span class='ocrx_word' id='word_1_104' title='bbox 543 1262 606 1302; x_wconf 86' lang='lat' dir='ltr'>de),</span> <span class='ocrx_word' id='word_1_105' title='bbox 626 1262 802 1292; x_wconf 82' lang='grc'><strong>0300010115</strong></span> <span class='ocrx_word' id='word_1_106' title='bbox 826 1264 1019 1301; x_wconf 86' lang='lat' dir='ltr'>Anagninus</span> <span class='ocrx_word' id='word_1_107' title='bbox 1042 1263 1138 1301; x_wconf 86' lang='lat'>2693;</span> 
     </span>
     <span class='ocr_line' id='line_1_19' title="bbox 174 1315 668 1348; baseline -0.006 0"><span class='ocrx_word' id='word_1_108' title='bbox 174 1335 207 1340; x_wconf 92' lang='lat'>-</span> <span class='ocrx_word' id='word_1_109' title='bbox 221 1317 343 1348; x_wconf 80' lang='lat' dir='ltr'>archid.</span> <span class='ocrx_word' id='word_1_110' title='bbox 362 1316 562 1346; x_wconf 80' lang='lat' dir='ltr'>Acoonensis</span> <span class='ocrx_word' id='word_1_111' title='bbox 578 1315 668 1345; x_wconf 87' lang='lat'>3101.</span> 
     </span>
    </p>

    <p class='ocr_par' dir='ltr' id='par_1_15' title="bbox 133 1369 1141 1462">
     <span class='ocr_line' id='line_1_20' title="bbox 133 1369 1141 1409; baseline -0.002 -7"><span class='ocrx_word' id='word_1_112' title='bbox 133 1370 392 1402; x_wconf 80' lang='lat' dir='ltr'>Vallemontonis</span> <span class='ocrx_word' id='word_1_113' title='bbox 409 1370 510 1409; x_wconf 86' lang='lat' dir='ltr'>(mon.</span> <span class='ocrx_word' id='word_1_114' title='bbox 530 1370 561 1399; x_wconf 89' lang='lat' dir='ltr'>S.</span> <span class='ocrx_word' id='word_1_115' title='bbox 582 1370 702 1399; x_wconf 87' lang='lat' dir='ltr'>Mariae</span> <span class='ocrx_word' id='word_1_116' title='bbox 724 1370 758 1398; x_wconf 93' lang='lat' dir='ltr'>in</span> <span class='ocrx_word' id='word_1_117' title='bbox 781 1369 878 1399; x_wconf 89' lang='lat' dir='ltr'>Silice</span> <span class='ocrx_word' id='word_1_118' title='bbox 898 1369 959 1407; x_wconf 89' lang='lat' dir='ltr'>de),</span> <span class='ocrx_word' id='word_1_119' title='bbox 984 1370 1141 1408; x_wconf 84' lang='lat' dir='ltr'>Signinae</span> 
     </span>
     <span class='ocr_line' id='line_1_21' title="bbox 173 1422 781 1462; baseline -0.003 -8"><span class='ocrx_word' id='word_1_120' title='bbox 173 1424 205 1455; x_wconf 90' lang='lat' dir='ltr'>d.</span> <span class='ocrx_word' id='word_1_121' title='bbox 222 1424 317 1460; x_wconf 75' lang='lat'>28543</span> <span class='ocrx_word' id='word_1_122' title='bbox 337 1441 375 1445; x_wconf 88' lang='lat'><em>-</em></span> <span class='ocrx_word' id='word_1_123' title='bbox 394 1424 453 1462; x_wconf 89' lang='grc'><strong>(00.</strong></span> <span class='ocrx_word' id='word_1_124' title='bbox 469 1423 507 1452; x_wconf 80' lang='lat' dir='ltr'>fr.</span> <span class='ocrx_word' id='word_1_125' title='bbox 527 1422 606 1452; x_wconf 87' lang='lat' dir='ltr'>min.</span> <span class='ocrx_word' id='word_1_126' title='bbox 626 1422 678 1461; x_wconf 88' lang='lat' dir='ltr'>de)</span> <span class='ocrx_word' id='word_1_127' title='bbox 694 1422 781 1452; x_wconf 88' lang='lat'>2853.</span> 
     </span>
    </p>

    <p class='ocr_par' dir='ltr' id='par_1_16' title="bbox 134 1475 1058 1515">
     <span class='ocr_line' id='line_1_22' title="bbox 134 1475 1058 1515; baseline -0.001 -8"><span class='ocrx_word' id='word_1_128' title='bbox 134 1477 226 1508; x_wconf 84' lang='lat' dir='ltr'>Valle</span> <span class='ocrx_word' id='word_1_129' title='bbox 243 1477 415 1507; x_wconf 74' lang='lat' dir='ltr'>Moretouii</span> <span class='ocrx_word' id='word_1_130' title='bbox 431 1476 563 1515; x_wconf 82' lang='lat' dir='ltr'>(archid.</span> <span class='ocrx_word' id='word_1_131' title='bbox 581 1475 633 1514; x_wconf 92' lang='lat' dir='ltr'>de)</span> <span class='ocrx_word' id='word_1_132' title='bbox 646 1476 679 1505; x_wconf 92' lang='lat' dir='ltr'>in</span> <span class='ocrx_word' id='word_1_133' title='bbox 697 1485 742 1506; x_wconf 89' lang='lat' dir='ltr'>ec.</span> <span class='ocrx_word' id='word_1_134' title='bbox 763 1476 955 1506; x_wconf 86' lang='lat' dir='ltr'>Abrincensi</span> <span class='ocrx_word' id='word_1_135' title='bbox 972 1477 1058 1506; x_wconf 90' lang='lat'>5777.</span> 
     </span>
    </p>

    <p class='ocr_par' dir='ltr' id='par_1_17' title="bbox 133 1529 1043 1570">
     <span class='ocr_line' id='line_1_23' title="bbox 133 1529 1043 1570; baseline 0 -10"><span class='ocrx_word' id='word_1_136' title='bbox 133 1530 226 1560; x_wconf 85' lang='lat' dir='ltr'>Valle</span> <span class='ocrx_word' id='word_1_137' title='bbox 242 1530 338 1561; x_wconf 84' lang='lat' dir='ltr'>Olleti</span> <span class='ocrx_word' id='word_1_138' title='bbox 357 1530 416 1570; x_wconf 90' lang='lat' dir='ltr'>(ec.</span> <span class='ocrx_word' id='word_1_139' title='bbox 437 1529 470 1560; x_wconf 92' lang='lat' dir='ltr'>S.</span> <span class='ocrx_word' id='word_1_140' title='bbox 488 1530 609 1559; x_wconf 86' lang='lat' dir='ltr'>Mariae</span> <span class='ocrx_word' id='word_1_141' title='bbox 625 1529 688 1569; x_wconf 89' lang='lat' dir='ltr'>de),</span> <span class='ocrx_word' id='word_1_142' title='bbox 704 1529 890 1559; x_wconf 86' lang='lat' dir='ltr'>Palentinae</span> <span class='ocrx_word' id='word_1_143' title='bbox 905 1529 935 1559; x_wconf 90' lang='lat' dir='ltr'>d.</span> <span class='ocrx_word' id='word_1_144' title='bbox 956 1529 1043 1560; x_wconf 88' lang='lat'>3062.</span> 
     </span>
    </p>

    <p class='ocr_par' dir='ltr' id='par_1_18' title="bbox 133 1582 973 1623">
     <span class='ocr_line' id='line_1_24' title="bbox 133 1582 973 1623; baseline -0.002 -9"><span class='ocrx_word' id='word_1_145' title='bbox 133 1583 237 1614; x_wconf 88' lang='lat' dir='ltr'>Vallis</span> <span class='ocrx_word' id='word_1_146' title='bbox 252 1583 326 1622; x_wconf 88' lang='lat' dir='ltr'>Opli</span> <span class='ocrx_word' id='word_1_147' title='bbox 342 1583 442 1623; x_wconf 88' lang='lat' dir='ltr'>(mon.</span> <span class='ocrx_word' id='word_1_148' title='bbox 462 1583 494 1614; x_wconf 89' lang='lat' dir='ltr'>S.</span> <span class='ocrx_word' id='word_1_149' title='bbox 514 1583 605 1621; x_wconf 79' lang='lat' dir='ltr'>Viti),</span> <span class='ocrx_word' id='word_1_150' title='bbox 626 1583 819 1613; x_wconf 82' lang='lat' dir='ltr'>Tudertinae</span> <span class='ocrx_word' id='word_1_151' title='bbox 837 1583 868 1612; x_wconf 88' lang='lat' dir='ltr'>d.</span> <span class='ocrx_word' id='word_1_152' title='bbox 886 1582 973 1613; x_wconf 87' lang='lat'>3096.</span> 
     </span>
    </p>

    <p class='ocr_par' dir='ltr' id='par_1_19' title="bbox 132 1635 1141 1721">
     <span class='ocr_line' id='line_1_25' title="bbox 132 1635 1141 1676; baseline -0.001 -9"><span class='ocrx_word' id='word_1_153' title='bbox 132 1637 237 1668; x_wconf 90' lang='lat' dir='ltr'>Vallis</span> <span class='ocrx_word' id='word_1_154' title='bbox 252 1637 351 1667; x_wconf 87' lang='lat' dir='ltr'>Pesae</span> <span class='ocrx_word' id='word_1_155' title='bbox 366 1637 426 1676; x_wconf 86' lang='grc'><strong>(00.</strong></span> <span class='ocrx_word' id='word_1_156' title='bbox 444 1636 476 1667; x_wconf 88' lang='lat' dir='ltr'>S.</span> <span class='ocrx_word' id='word_1_157' title='bbox 496 1636 664 1666; x_wconf 82' lang='lat' dir='ltr'>Michaelis</span> <span class='ocrx_word' id='word_1_158' title='bbox 679 1635 717 1666; x_wconf 87' lang='lat' dir='ltr'>de</span> <span class='ocrx_word' id='word_1_159' title='bbox 735 1636 958 1676; x_wconf 83' lang='lat' dir='ltr'>Castellione),</span> <span class='ocrx_word' id='word_1_160' title='bbox 981 1636 1141 1667; x_wconf 74' lang='lat' dir='ltr'>Florenti-</span> 
     </span>
     <span class='ocr_line' id='line_1_26' title="bbox 174 1690 369 1721; baseline -0.005 0"><span class='ocrx_word' id='word_1_161' title='bbox 174 1699 235 1721; x_wconf 88' lang='lat' dir='ltr'>nae</span> <span class='ocrx_word' id='word_1_162' title='bbox 251 1691 281 1720; x_wconf 90' lang='lat' dir='ltr'>d.</span> <span class='ocrx_word' id='word_1_163' title='bbox 303 1690 369 1720; x_wconf 92' lang='grc'><strong>100.</strong></span> 
     </span>
    </p>

    <p class='ocr_par' dir='ltr' id='par_1_20' title="bbox 132 1743 1020 1783">
     <span class='ocr_line' id='line_1_27' title="bbox 132 1743 1020 1783; baseline -0.002 -9"><span class='ocrx_word' id='word_1_164' title='bbox 132 1743 314 1783; x_wconf 74' lang='lat' dir='ltr'>Vallepetra</span> <span class='ocrx_word' id='word_1_165' title='bbox 329 1746 384 1782; x_wconf 85' lang='lat' dir='ltr'>(ec.</span> <span class='ocrx_word' id='word_1_166' title='bbox 403 1743 437 1773; x_wconf 91' lang='lat' dir='ltr'>S.</span> <span class='ocrx_word' id='word_1_167' title='bbox 456 1743 577 1773; x_wconf 87' lang='lat' dir='ltr'>Mariae</span> <span class='ocrx_word' id='word_1_168' title='bbox 592 1743 655 1782; x_wconf 87' lang='lat' dir='ltr'>de),</span> <span class='ocrx_word' id='word_1_169' title='bbox 674 1743 868 1781; x_wconf 83' lang='lat' dir='ltr'>Anagninae</span> <span class='ocrx_word' id='word_1_170' title='bbox 885 1743 915 1773; x_wconf 90' lang='lat' dir='ltr'>d.</span> <span class='ocrx_word' id='word_1_171' title='bbox 936 1743 1020 1773; x_wconf 91' lang='lat'>1111.</span> 
     </span>
    </p>

    <p class='ocr_par' dir='ltr' id='par_1_21' title="bbox 134 1796 1140 1890">
     <span class='ocr_line' id='line_1_28' title="bbox 134 1796 1140 1836; baseline -0.002 -9"><span class='ocrx_word' id='word_1_172' title='bbox 134 1797 236 1828; x_wconf 88' lang='lat' dir='ltr'>Vallis</span> <span class='ocrx_word' id='word_1_173' title='bbox 251 1797 363 1827; x_wconf 77' lang='lat' dir='ltr'>Pontis</span> <span class='ocrx_word' id='word_1_174' title='bbox 381 1797 482 1836; x_wconf 90' lang='lat' dir='ltr'>(mon.</span> <span class='ocrx_word' id='word_1_175' title='bbox 503 1796 536 1827; x_wconf 89' lang='lat' dir='ltr'>S.</span> <span class='ocrx_word' id='word_1_176' title='bbox 557 1796 678 1835; x_wconf 88' lang='lat' dir='ltr'>Pauli),</span> <span class='ocrx_word' id='word_1_177' title='bbox 696 1796 872 1826; x_wconf 81' lang='lat' dir='ltr'>Perusinae</span> <span class='ocrx_word' id='word_1_178' title='bbox 888 1796 918 1825; x_wconf 91' lang='lat' dir='ltr'>d.</span> <span class='ocrx_word' id='word_1_179' title='bbox 937 1796 1024 1832; x_wconf 84' lang='lat'>2566,</span> <span class='ocrx_word' id='word_1_180' title='bbox 1043 1796 1118 1826; x_wconf 91' lang='lat'>2567</span> <span class='ocrx_word' id='word_1_181' title='bbox 1133 1807 1140 1833; x_wconf 79' lang='lat'>3</span> 
     </span>
     <span class='ocr_line' id='line_1_29' title="bbox 174 1849 847 1890; baseline -0.001 -10"><span class='ocrx_word' id='word_1_182' title='bbox 174 1867 213 1873; x_wconf 91' lang='grc'>-</span> <span class='ocrx_word' id='word_1_183' title='bbox 227 1850 328 1890; x_wconf 90' lang='lat' dir='ltr'>(mon.</span> <span class='ocrx_word' id='word_1_184' title='bbox 346 1850 378 1880; x_wconf 89' lang='lat' dir='ltr'>S.</span> <span class='ocrx_word' id='word_1_185' title='bbox 398 1849 531 1889; x_wconf 85' lang='lat' dir='ltr'>Mariae)</span> <span class='ocrx_word' id='word_1_186' title='bbox 548 1850 634 1887; x_wconf 91' lang='lat'>1074,</span> <span class='ocrx_word' id='word_1_187' title='bbox 656 1849 742 1886; x_wconf 91' lang='grc'><strong>1075,</strong></span> <span class='ocrx_word' id='word_1_188' title='bbox 762 1849 847 1879; x_wconf 87' lang='lat'>1896.</span> 
     </span>
    </p>

    <p class='ocr_par' dir='ltr' id='par_1_22' title="bbox 135 1902 1140 1988">
     <span class='ocr_line' id='line_1_30' title="bbox 135 1902 1140 1942; baseline -0.002 -8"><span class='ocrx_word' id='word_1_189' title='bbox 135 1903 238 1934; x_wconf 86' lang='lat' dir='ltr'>Vallis</span> <span class='ocrx_word' id='word_1_190' title='bbox 256 1903 434 1933; x_wconf 83' lang='lat' dir='ltr'>Pulciferae</span> <span class='ocrx_word' id='word_1_191' title='bbox 450 1902 510 1942; x_wconf 87' lang='lat' dir='ltr'>(ec.</span> <span class='ocrx_word' id='word_1_192' title='bbox 532 1902 565 1933; x_wconf 90' lang='lat' dir='ltr'>S.</span> <span class='ocrx_word' id='word_1_193' title='bbox 586 1902 711 1932; x_wconf 86' lang='lat' dir='ltr'>Nicolai</span> <span class='ocrx_word' id='word_1_194' title='bbox 731 1902 770 1932; x_wconf 87' lang='lat' dir='ltr'>de</span> <span class='ocrx_word' id='word_1_195' title='bbox 790 1902 902 1942; x_wconf 87' lang='lat' dir='ltr'>Ysso),</span> <span class='ocrx_word' id='word_1_196' title='bbox 919 1903 1092 1933; x_wconf 86' lang='lat' dir='ltr'>Januensis</span> <span class='ocrx_word' id='word_1_197' title='bbox 1110 1903 1140 1932; x_wconf 89' lang='lat' dir='ltr'>d.</span> 
     </span>
     <span class='ocr_line' id='line_1_31' title="bbox 175 1957 243 1988; baseline -0.029 0"><span class='ocrx_word' id='word_1_198' title='bbox 175 1957 243 1988; x_wconf 90' lang='lat'>801.</span> 
     </span>
    </p>

    <p class='ocr_par' dir='ltr' id='par_1_23' title="bbox 133 2008 1068 2050">
     <span class='ocr_line' id='line_1_32' title="bbox 133 2008 1068 2050; baseline -0.002 -10"><span class='ocrx_word' id='word_1_199' title='bbox 133 2010 225 2041; x_wconf 86' lang='lat' dir='ltr'>Valle</span> <span class='ocrx_word' id='word_1_200' title='bbox 242 2011 378 2040; x_wconf 82' lang='lat' dir='ltr'>Reatina</span> <span class='ocrx_word' id='word_1_201' title='bbox 392 2010 453 2050; x_wconf 85' lang='grc'><strong>(00.</strong></span> <span class='ocrx_word' id='word_1_202' title='bbox 471 2010 503 2040; x_wconf 89' lang='lat' dir='ltr'>S.</span> <span class='ocrx_word' id='word_1_203' title='bbox 520 2009 682 2040; x_wconf 86' lang='lat' dir='ltr'>Johannis</span> <span class='ocrx_word' id='word_1_204' title='bbox 697 2008 757 2048; x_wconf 89' lang='lat' dir='ltr'>in),</span> <span class='ocrx_word' id='word_1_205' title='bbox 778 2009 932 2039; x_wconf 79' lang='lat' dir='ltr'>Reatinae</span> <span class='ocrx_word' id='word_1_206' title='bbox 951 2009 981 2039; x_wconf 90' lang='lat' dir='ltr'>d.</span> <span class='ocrx_word' id='word_1_207' title='bbox 1000 2009 1068 2038; x_wconf 88' lang='lat'>905.</span> 
     </span>
    </p>

    <p class='ocr_par' dir='ltr' id='par_1_24' title="bbox 135 2061 1143 2146">
     <span class='ocr_line' id='line_1_33' title="bbox 135 2061 1143 2102; baseline -0.002 -9"><span class='ocrx_word' id='word_1_208' title='bbox 135 2062 332 2101; x_wconf 84' lang='lat' dir='ltr'>Valleregali</span> <span class='ocrx_word' id='word_1_209' title='bbox 354 2063 455 2102; x_wconf 90' lang='lat' dir='ltr'>(mon.</span> <span class='ocrx_word' id='word_1_210' title='bbox 479 2062 544 2099; x_wconf 89' lang='lat' dir='ltr'>de),</span> <span class='ocrx_word' id='word_1_211' title='bbox 571 2062 823 2092; x_wconf 80' lang='lat' dir='ltr'>Conventrensis</span> <span class='ocrx_word' id='word_1_212' title='bbox 847 2066 877 2092; x_wconf 84' lang='lat' dir='ltr'>et</span> <span class='ocrx_word' id='word_1_213' title='bbox 894 2061 1143 2092; x_wconf 77' lang='lat' dir='ltr'>Lichefeldensis</span> 
     </span>
     <span class='ocr_line' id='line_1_34' title="bbox 173 2115 310 2146; baseline 0 -1"><span class='ocrx_word' id='word_1_214' title='bbox 173 2116 204 2145; x_wconf 88' lang='lat' dir='ltr'>d.</span> <span class='ocrx_word' id='word_1_215' title='bbox 223 2115 310 2146; x_wconf 89' lang='lat'>1711.</span> 
     </span>
    </p>

    <p class='ocr_par' dir='ltr' id='par_1_25' title="bbox 132 2168 637 2199">
     <span class='ocr_line' id='line_1_35' title="bbox 132 2168 637 2199; baseline -0.004 0"><span class='ocrx_word' id='word_1_216' title='bbox 132 2169 236 2199; x_wconf 89' lang='lat' dir='ltr'>Vallis</span> <span class='ocrx_word' id='word_1_217' title='bbox 255 2168 401 2198; x_wconf 83' lang='lat' dir='ltr'>Beliana.</span> <span class='ocrx_word' id='word_1_218' title='bbox 420 2168 468 2199; x_wconf 84' lang='lat' dir='ltr'>Cf.</span> <span class='ocrx_word' id='word_1_219' title='bbox 488 2168 637 2198; x_wconf 86' lang='lat' dir='ltr'>Reliana.</span> 
     </span>
    </p>

    <p class='ocr_par' dir='ltr' id='par_1_26' title="bbox 132 2220 1100 2261">
     <span class='ocr_line' id='line_1_36' title="bbox 132 2220 1100 2261; baseline -0.003 -9"><span class='ocrx_word' id='word_1_220' title='bbox 132 2221 224 2252; x_wconf 87' lang='lat' dir='ltr'>Valle</span> <span class='ocrx_word' id='word_1_221' title='bbox 242 2221 383 2251; x_wconf 78' lang='lat' dir='ltr'>Scartiae</span> <span class='ocrx_word' id='word_1_222' title='bbox 399 2220 501 2261; x_wconf 87' lang='lat' dir='ltr'>(mon.</span> <span class='ocrx_word' id='word_1_223' title='bbox 519 2220 552 2250; x_wconf 91' lang='lat' dir='ltr'>S.</span> <span class='ocrx_word' id='word_1_224' title='bbox 571 2220 698 2250; x_wconf 81' lang='lat' dir='ltr'>Antimi</span> <span class='ocrx_word' id='word_1_225' title='bbox 714 2220 777 2260; x_wconf 92' lang='lat' dir='ltr'>de),</span> <span class='ocrx_word' id='word_1_226' title='bbox 795 2220 945 2251; x_wconf 88' lang='lat' dir='ltr'>Clusinae</span> <span class='ocrx_word' id='word_1_227' title='bbox 963 2221 993 2250; x_wconf 89' lang='lat' dir='ltr'>d.</span> <span class='ocrx_word' id='word_1_228' title='bbox 1013 2221 1100 2250; x_wconf 87' lang='lat'>4042.</span> 
     </span>
    </p>

    <p class='ocr_par' dir='ltr' id='par_1_27' title="bbox 132 2275 957 2313">
     <span class='ocr_line' id='line_1_37' title="bbox 132 2275 957 2313; baseline -0.004 -6"><span class='ocrx_word' id='word_1_229' title='bbox 132 2277 235 2307; x_wconf 85' lang='lat' dir='ltr'>Vallis</span> <span class='ocrx_word' id='word_1_230' title='bbox 253 2275 456 2307; x_wconf 83' lang='lat' dir='ltr'>Soholarium</span> <span class='ocrx_word' id='word_1_231' title='bbox 472 2276 549 2307; x_wconf 91' lang='lat' dir='ltr'>ordo</span> <span class='ocrx_word' id='word_1_232' title='bbox 565 2276 633 2313; x_wconf 88' lang='lat'>987,</span> <span class='ocrx_word' id='word_1_233' title='bbox 651 2275 740 2313; x_wconf 89' lang='lat'>3916,</span> <span class='ocrx_word' id='word_1_234' title='bbox 761 2276 849 2311; x_wconf 82' lang='lat'>4672,</span> <span class='ocrx_word' id='word_1_235' title='bbox 869 2275 957 2305; x_wconf 86' lang='lat'>6492.</span> 
     </span>
    </p>

    <p class='ocr_par' dir='ltr' id='par_1_28' title="bbox 131 2329 1141 2369">
     <span class='ocr_line' id='line_1_38' title="bbox 131 2329 1141 2369; baseline -0.003 -8"><span class='ocrx_word' id='word_1_236' title='bbox 131 2330 338 2361; x_wconf 87' lang='lat' dir='ltr'>Valleserena</span> <span class='ocrx_word' id='word_1_237' title='bbox 355 2330 457 2369; x_wconf 90' lang='lat' dir='ltr'>(mon.</span> <span class='ocrx_word' id='word_1_238' title='bbox 476 2330 514 2359; x_wconf 89' lang='lat' dir='ltr'>B.</span> <span class='ocrx_word' id='word_1_239' title='bbox 532 2330 653 2359; x_wconf 87' lang='lat' dir='ltr'>Mariae</span> <span class='ocrx_word' id='word_1_240' title='bbox 668 2329 730 2367; x_wconf 84' lang='grc'><strong>(10),</strong></span> <span class='ocrx_word' id='word_1_241' title='bbox 749 2329 993 2359; x_wconf 81' lang='lat' dir='ltr'>Suessionensis</span> <span class='ocrx_word' id='word_1_242' title='bbox 1010 2329 1039 2358; x_wconf 91' lang='lat' dir='ltr'>d.</span> <span class='ocrx_word' id='word_1_243' title='bbox 1053 2329 1141 2359; x_wconf 88' lang='lat'>5911.</span> 
     </span>
    </p>

    <p class='ocr_par' dir='ltr' id='par_1_29' title="bbox 133 2382 681 2422">
     <span class='ocr_line' id='line_1_39' title="bbox 133 2382 681 2422; baseline -0.004 -8"><span class='ocrx_word' id='word_1_244' title='bbox 133 2384 341 2414; x_wconf 86' lang='lat' dir='ltr'>Vallesorana</span> <span class='ocrx_word' id='word_1_245' title='bbox 354 2382 526 2422; x_wconf 82' lang='lat' dir='ltr'>(Ricardus</span> <span class='ocrx_word' id='word_1_246' title='bbox 543 2382 595 2422; x_wconf 88' lang='lat' dir='ltr'>de)</span> <span class='ocrx_word' id='word_1_247' title='bbox 615 2382 681 2413; x_wconf 91' lang='lat'>113.</span> 
     </span>
    </p>

    <p class='ocr_par' dir='ltr' id='par_1_30' title="bbox 134 2434 863 2475">
     <span class='ocr_line' id='line_1_40' title="bbox 134 2434 863 2475; baseline -0.003 -9"><span class='ocrx_word' id='word_1_248' title='bbox 134 2437 234 2467; x_wconf 91' lang='lat' dir='ltr'>Vallis</span> <span class='ocrx_word' id='word_1_249' title='bbox 250 2436 349 2475; x_wconf 87' lang='lat' dir='ltr'>Spirii</span> <span class='ocrx_word' id='word_1_250' title='bbox 365 2435 488 2466; x_wconf 88' lang='lat' dir='ltr'>archid.</span> <span class='ocrx_word' id='word_1_251' title='bbox 505 2436 539 2465; x_wconf 86' lang='lat' dir='ltr'>in</span> <span class='ocrx_word' id='word_1_252' title='bbox 557 2444 604 2466; x_wconf 88' lang='lat' dir='ltr'>ec.</span> <span class='ocrx_word' id='word_1_253' title='bbox 623 2435 757 2465; x_wconf 88' lang='lat' dir='ltr'>Elnensi</span> <span class='ocrx_word' id='word_1_254' title='bbox 775 2434 863 2465; x_wconf 84' lang='lat'>3794.</span> 
     </span>
    </p>

    <p class='ocr_par' dir='ltr' id='par_1_31' title="bbox 134 2488 806 2529">
     <span class='ocr_line' id='line_1_41' title="bbox 134 2488 806 2529; baseline -0.003 -10"><span class='ocrx_word' id='word_1_255' title='bbox 134 2490 225 2520; x_wconf 86' lang='lat' dir='ltr'>Valle</span> <span class='ocrx_word' id='word_1_256' title='bbox 243 2489 334 2528; x_wconf 86' lang='lat' dir='ltr'>Sugii</span> <span class='ocrx_word' id='word_1_257' title='bbox 349 2488 409 2529; x_wconf 86' lang='lat' dir='ltr'>(ec.</span> <span class='ocrx_word' id='word_1_258' title='bbox 430 2488 463 2518; x_wconf 86' lang='lat' dir='ltr'>S.</span> <span class='ocrx_word' id='word_1_259' title='bbox 486 2489 634 2518; x_wconf 80' lang='lat' dir='ltr'>Herasrni</span> <span class='ocrx_word' id='word_1_260' title='bbox 649 2488 700 2527; x_wconf 90' lang='lat' dir='ltr'>de)</span> <span class='ocrx_word' id='word_1_261' title='bbox 719 2489 806 2518; x_wconf 87' lang='lat'>5655.</span> 
     </span>
    </p>

    <p class='ocr_par' dir='ltr' id='par_1_32' title="bbox 133 2539 1141 2581">
     <span class='ocr_line' id='line_1_42' title="bbox 133 2539 1141 2581; baseline -0.005 -8"><span class='ocrx_word' id='word_1_262' title='bbox 133 2542 225 2573; x_wconf 88' lang='lat' dir='ltr'>Valle</span> <span class='ocrx_word' id='word_1_263' title='bbox 241 2542 367 2572; x_wconf 88' lang='lat' dir='ltr'>Toarzis</span> <span class='ocrx_word' id='word_1_264' title='bbox 384 2541 474 2581; x_wconf 81' lang='lat' dir='ltr'>(cella</span> <span class='ocrx_word' id='word_1_265' title='bbox 495 2541 527 2571; x_wconf 89' lang='lat' dir='ltr'>S.</span> <span class='ocrx_word' id='word_1_266' title='bbox 545 2542 701 2571; x_wconf 87' lang='lat' dir='ltr'>Domnini</span> <span class='ocrx_word' id='word_1_267' title='bbox 718 2541 781 2580; x_wconf 85' lang='lat' dir='ltr'>in),</span> <span class='ocrx_word' id='word_1_268' title='bbox 800 2539 1010 2579; x_wconf 86' lang='lat' dir='ltr'>Vapincensis</span> <span class='ocrx_word' id='word_1_269' title='bbox 1024 2539 1053 2569; x_wconf 92' lang='lat' dir='ltr'>d.</span> <span class='ocrx_word' id='word_1_270' title='bbox 1073 2540 1141 2569; x_wconf 91' lang='lat'>526.</span> 
     </span>
    </p>

    <p class='ocr_par' dir='ltr' id='par_1_33' title="bbox 133 2594 719 2632">
     <span class='ocr_line' id='line_1_43' title="bbox 133 2594 719 2632; baseline -0.003 -7"><span class='ocrx_word' id='word_1_271' title='bbox 133 2595 439 2626; x_wconf 82' lang='lat' dir='ltr'>Vallistransversae</span> <span class='ocrx_word' id='word_1_272' title='bbox 457 2595 615 2632; x_wconf 83' lang='lat' dir='ltr'>prioratus</span> <span class='ocrx_word' id='word_1_273' title='bbox 635 2594 719 2623; x_wconf 93' lang='lat'>1771.</span> 
     </span>
    </p>

    <p class='ocr_par' dir='ltr' id='par_1_34' title="bbox 134 2646 570 2679">
     <span class='ocr_line' id='line_1_44' title="bbox 134 2646 570 2679; baseline -0.007 0"><span class='ocrx_word' id='word_1_274' title='bbox 134 2648 236 2679; x_wconf 88' lang='lat' dir='ltr'>Vallis</span> <span class='ocrx_word' id='word_1_275' title='bbox 252 2647 368 2678; x_wconf 78' lang='lat' dir='ltr'>Tretis.</span> <span class='ocrx_word' id='word_1_276' title='bbox 385 2646 433 2676; x_wconf 82' lang='lat' dir='ltr'>Cf.</span> <span class='ocrx_word' id='word_1_277' title='bbox 454 2647 570 2676; x_wconf 83' lang='lat' dir='ltr'>Tretis.</span> 
     </span>
    </p>

    <p class='ocr_par' dir='ltr' id='par_1_35' title="bbox 134 2697 1121 2736">
     <span class='ocr_line' id='line_1_45' title="bbox 134 2697 1121 2736; baseline -0.005 -5"><span class='ocrx_word' id='word_1_278' title='bbox 134 2701 238 2732; x_wconf 87' lang='lat' dir='ltr'>Vallis</span> <span class='ocrx_word' id='word_1_279' title='bbox 254 2700 432 2731; x_wconf 87' lang='lat' dir='ltr'>Umbrosae</span> <span class='ocrx_word' id='word_1_280' title='bbox 449 2708 551 2736; x_wconf 90' lang='lat' dir='ltr'>mon.,</span> <span class='ocrx_word' id='word_1_281' title='bbox 572 2699 749 2729; x_wconf 86' lang='lat' dir='ltr'>Fesulanae</span> <span class='ocrx_word' id='word_1_282' title='bbox 767 2699 797 2728; x_wconf 91' lang='lat' dir='ltr'>d.</span> <span class='ocrx_word' id='word_1_283' title='bbox 818 2698 906 2735; x_wconf 88' lang='lat'>2271,</span> <span class='ocrx_word' id='word_1_284' title='bbox 927 2698 1014 2732; x_wconf 88' lang='lat'>2272,</span> <span class='ocrx_word' id='word_1_285' title='bbox 1033 2697 1121 2727; x_wconf 86' lang='lat'>3795.</span> 
     </span>
    </p>

    <p class='ocr_par' dir='ltr' id='par_1_36' title="bbox 134 2750 1142 2843">
     <span class='ocr_line' id='line_1_46' title="bbox 134 2750 1142 2788; baseline -0.004 -4"><span class='ocrx_word' id='word_1_286' title='bbox 134 2754 237 2785; x_wconf 85' lang='lat' dir='ltr'>Vallis</span> <span class='ocrx_word' id='word_1_287' title='bbox 258 2753 433 2784; x_wconf 87' lang='lat' dir='ltr'>Umbrosae</span> <span class='ocrx_word' id='word_1_288' title='bbox 457 2753 534 2783; x_wconf 86' lang='lat' dir='ltr'>ordo</span> <span class='ocrx_word' id='word_1_289' title='bbox 556 2752 624 2787; x_wconf 88' lang='lat'>336,</span> <span class='ocrx_word' id='word_1_290' title='bbox 652 2752 793 2788; x_wconf 85' lang='lat'>701-703‚</span> <span class='ocrx_word' id='word_1_291' title='bbox 823 2752 910 2787; x_wconf 84' lang='lat'>2271,</span> <span class='ocrx_word' id='word_1_292' title='bbox 936 2751 1024 2788; x_wconf 83' lang='lat'>2272,</span> <span class='ocrx_word' id='word_1_293' title='bbox 1053 2750 1142 2788; x_wconf 87' lang='lat'>2538,</span> 
     </span>
     <span class='ocr_line' id='line_1_47' title="bbox 175 2804 589 2843; baseline -0.005 -7"><span class='ocrx_word' id='word_1_294' title='bbox 175 2805 264 2843; x_wconf 90' lang='lat'>3763,</span> <span class='ocrx_word' id='word_1_295' title='bbox 283 2805 371 2842; x_wconf 85' lang='lat'>3764,</span> <span class='ocrx_word' id='word_1_296' title='bbox 390 2804 480 2842; x_wconf 88' lang='lat'>3795,</span> <span class='ocrx_word' id='word_1_297' title='bbox 500 2805 589 2835; x_wconf 82' lang='grc'><strong>4037.</strong></span> 
     </span>
    </p>

    <p class='ocr_par' dir='ltr' id='par_1_37' title="bbox 134 2857 862 2890">
     <span class='ocr_line' id='line_1_48' title="bbox 134 2857 862 2890; baseline -0.005 0"><span class='ocrx_word' id='word_1_298' title='bbox 134 2859 227 2890; x_wconf 89' lang='lat' dir='ltr'>Valle</span> <span class='ocrx_word' id='word_1_299' title='bbox 241 2859 455 2890; x_wconf 81' lang='lat' dir='ltr'>Urhevetana.</span> <span class='ocrx_word' id='word_1_300' title='bbox 473 2858 521 2889; x_wconf 83' lang='lat' dir='ltr'>Cf.</span> <span class='ocrx_word' id='word_1_301' title='bbox 540 2859 744 2889; x_wconf 78' lang='lat' dir='ltr'>Urbevetana</span> <span class='ocrx_word' id='word_1_302' title='bbox 761 2857 862 2887; x_wconf 84' lang='lat' dir='ltr'>Valle.</span> 
     </span>
    </p>

    <p class='ocr_par' dir='ltr' id='par_1_38' title="bbox 134 2909 869 2949">
     <span class='ocr_line' id='line_1_49' title="bbox 134 2909 869 2949; baseline -0.004 -7"><span class='ocrx_word' id='word_1_303' title='bbox 134 2911 237 2943; x_wconf 89' lang='lat' dir='ltr'>Vallis</span> <span class='ocrx_word' id='word_1_304' title='bbox 252 2912 415 2942; x_wconf 81' lang='lat' dir='ltr'>Venustae</span> <span class='ocrx_word' id='word_1_305' title='bbox 431 2920 532 2949; x_wconf 84' lang='lat' dir='ltr'>mon.,</span> <span class='ocrx_word' id='word_1_306' title='bbox 549 2911 714 2941; x_wconf 91' lang='lat' dir='ltr'>Curiensis</span> <span class='ocrx_word' id='word_1_307' title='bbox 730 2911 760 2941; x_wconf 89' lang='lat' dir='ltr'>d.</span> <span class='ocrx_word' id='word_1_308' title='bbox 781 2909 869 2939; x_wconf 86' lang='lat'>7489.</span> 
     </span>
    </p>

    <p class='ocr_par' dir='ltr' id='par_1_39' title="bbox 133 2962 1144 3056">
     <span class='ocr_line' id='line_1_50' title="bbox 133 2962 1144 3004; baseline -0.005 -8"><span class='ocrx_word' id='word_1_309' title='bbox 133 2965 227 2996; x_wconf 84' lang='lat' dir='ltr'>Valle</span> <span class='ocrx_word' id='word_1_310' title='bbox 241 2965 418 2995; x_wconf 88' lang='lat' dir='ltr'>Vinearum</span> <span class='ocrx_word' id='word_1_311' title='bbox 433 2964 534 3004; x_wconf 87' lang='lat' dir='ltr'>(mon.</span> <span class='ocrx_word' id='word_1_312' title='bbox 553 2964 606 3003; x_wconf 86' lang='lat' dir='ltr'>de)</span> <span class='ocrx_word' id='word_1_313' title='bbox 622 2973 718 3003; x_wconf 87' lang='lat' dir='ltr'>prope</span> <span class='ocrx_word' id='word_1_314' title='bbox 740 2964 875 2993; x_wconf 82' lang='lat' dir='ltr'>Barrum</span> <span class='ocrx_word' id='word_1_315' title='bbox 898 2971 993 3001; x_wconf 87' lang='lat' dir='ltr'>super</span> <span class='ocrx_word' id='word_1_316' title='bbox 1011 2962 1144 2999; x_wconf 85' lang='lat' dir='ltr'>Albam,</span> 
     </span>
     <span class='ocr_line' id='line_1_51' title="bbox 176 3016 550 3056; baseline 0 -8"><span class='ocrx_word' id='word_1_317' title='bbox 176 3017 390 3056; x_wconf 81' lang='lat' dir='ltr'>Lingonensis</span> <span class='ocrx_word' id='word_1_318' title='bbox 408 3017 440 3049; x_wconf 88' lang='lat' dir='ltr'>d.</span> <span class='ocrx_word' id='word_1_319' title='bbox 461 3016 550 3048; x_wconf 86' lang='lat'>5053.</span> 
     </span>
    </p>
   </div>
   <div class='ocr_carea' id='block_1_3' title="bbox 1220 413 2231 3041">
    <p class='ocr_par' dir='ltr' id='par_1_40' title="bbox 1223 413 2219 498">
     <span class='ocr_line' id='line_1_52' title="bbox 1223 413 2219 452; baseline 0 -10"><span class='ocrx_word' id='word_1_320' title='bbox 1223 413 1413 442; x_wconf 82' lang='lat' dir='ltr'>Valleviridi</span> <span class='ocrx_word' id='word_1_321' title='bbox 1440 413 1636 452; x_wconf 83' lang='lat' dir='ltr'>(Beruardus</span> <span class='ocrx_word' id='word_1_322' title='bbox 1667 413 1800 442; x_wconf 89' lang='lat' dir='ltr'>Corsaui</span> <span class='ocrx_word' id='word_1_323' title='bbox 1827 413 1897 449; x_wconf 85' lang='lat' dir='ltr'>de),</span> <span class='ocrx_word' id='word_1_324' title='bbox 1929 413 2157 443; x_wconf 75' lang='lat' dir='ltr'>Nemausensis</span> <span class='ocrx_word' id='word_1_325' title='bbox 2189 414 2219 442; x_wconf 87' lang='grc'>(1.</span> 
     </span>
     <span class='ocr_line' id='line_1_53' title="bbox 1264 469 1347 498; baseline 0.012 -1"><span class='ocrx_word' id='word_1_326' title='bbox 1264 469 1347 498; x_wconf 79' lang='grc'><strong>1062.</strong></span> 
     </span>
    </p>

    <p class='ocr_par' dir='ltr' id='par_1_41' title="bbox 1220 521 2160 559">
     <span class='ocr_line' id='line_1_54' title="bbox 1220 521 2160 559; baseline 0.002 -10"><span class='ocrx_word' id='word_1_327' title='bbox 1220 521 1409 550; x_wconf 81' lang='lat' dir='ltr'>Valleviridi</span> <span class='ocrx_word' id='word_1_328' title='bbox 1426 521 1484 559; x_wconf 87' lang='grc'><strong>(00.</strong></span> <span class='ocrx_word' id='word_1_329' title='bbox 1508 522 1542 550; x_wconf 79' lang='grc' dir='ltr'>Β.</span> <span class='ocrx_word' id='word_1_330' title='bbox 1565 521 1684 550; x_wconf 85' lang='lat' dir='ltr'>Mariae</span> <span class='ocrx_word' id='word_1_331' title='bbox 1700 521 1761 559; x_wconf 86' lang='grc'><strong>(10),</strong></span> <span class='ocrx_word' id='word_1_332' title='bbox 1779 521 2008 550; x_wconf 81' lang='grc' dir='ltr'><strong>Νο111311500515</strong></span> <span class='ocrx_word' id='word_1_333' title='bbox 2025 521 2054 549; x_wconf 88' lang='grc'>6.</span> <span class='ocrx_word' id='word_1_334' title='bbox 2074 521 2160 551; x_wconf 79' lang='lat'>4569.</span> 
     </span>
    </p>

    <p class='ocr_par' dir='ltr' id='par_1_42' title="bbox 1220 573 2220 662">
     <span class='ocr_line' id='line_1_55' title="bbox 1220 573 2220 612; baseline 0 -9"><span class='ocrx_word' id='word_1_335' title='bbox 1220 574 1406 603; x_wconf 84' lang='lat' dir='ltr'>Valleviridi</span> <span class='ocrx_word' id='word_1_336' title='bbox 1432 574 1557 612; x_wconf 83' lang='lat' dir='ltr'>(domus</span> <span class='ocrx_word' id='word_1_337' title='bbox 1580 573 1630 611; x_wconf 81' lang='grc'>60)</span> <span class='ocrx_word' id='word_1_338' title='bbox 1651 574 1740 611; x_wconf 80' lang='lat' dir='ltr'>juxta</span> <span class='ocrx_word' id='word_1_339' title='bbox 1764 573 1906 602; x_wconf 73' lang='lat' dir='ltr'>Pax-isius</span> <span class='ocrx_word' id='word_1_340' title='bbox 1931 573 1998 609; x_wconf 89' lang='lat'>880,</span> <span class='ocrx_word' id='word_1_341' title='bbox 2029 574 2111 608; x_wconf 69' lang='lat'>1540,</span> <span class='ocrx_word' id='word_1_342' title='bbox 2134 574 2220 609; x_wconf 64' lang='grc'><strong>2894,</strong></span> 
     </span>
     <span class='ocr_line' id='line_1_56' title="bbox 1261 626 1560 662; baseline 0 -7"><span class='ocrx_word' id='word_1_343' title='bbox 1261 627 1348 661; x_wconf 82' lang='grc'><strong>7356,</strong></span> <span class='ocrx_word' id='word_1_344' title='bbox 1367 626 1454 662; x_wconf 85' lang='grc'><strong>7357,</strong></span> <span class='ocrx_word' id='word_1_345' title='bbox 1473 626 1560 656; x_wconf 84' lang='lat'>7365.</span> 
     </span>
    </p>

    <p class='ocr_par' dir='ltr' id='par_1_43' title="bbox 1220 679 2224 762">
     <span class='ocr_line' id='line_1_57' title="bbox 1220 679 2224 718; baseline 0.001 -10"><span class='ocrx_word' id='word_1_346' title='bbox 1220 680 1408 709; x_wconf 74' lang='lat' dir='ltr'>Valleviridi</span> <span class='ocrx_word' id='word_1_347' title='bbox 1433 680 1551 718; x_wconf 83' lang='grc'><strong>(10011111</strong></span> <span class='ocrx_word' id='word_1_348' title='bbox 1572 680 1705 709; x_wconf 79' lang='lat' dir='ltr'>fratrum</span> <span class='ocrx_word' id='word_1_349' title='bbox 1726 679 1848 709; x_wconf 82' lang='lat' dir='ltr'>ordinis</span> <span class='ocrx_word' id='word_1_350' title='bbox 1871 680 1903 709; x_wconf 87' lang='lat' dir='ltr'>S.</span> <span class='ocrx_word' id='word_1_351' title='bbox 1927 680 2044 709; x_wconf 85' lang='lat' dir='ltr'>Mariae</span> <span class='ocrx_word' id='word_1_352' title='bbox 2067 680 2118 718; x_wconf 80' lang='lat' dir='ltr'>de)</span> <span class='ocrx_word' id='word_1_353' title='bbox 2136 681 2224 717; x_wconf 82' lang='lat' dir='ltr'>juxta</span> 
     </span>
     <span class='ocr_line' id='line_1_58' title="bbox 1261 732 1544 762; baseline -0.004 0"><span class='ocrx_word' id='word_1_354' title='bbox 1261 733 1439 762; x_wconf 68' lang='lat' dir='ltr'>Viterbiurn</span> <span class='ocrx_word' id='word_1_355' title='bbox 1458 732 1544 762; x_wconf 86' lang='lat'>5345.</span> 
     </span>
    </p>

    <p class='ocr_par' dir='ltr' id='par_1_44' title="bbox 1221 785 2224 875">
     <span class='ocr_line' id='line_1_59' title="bbox 1221 785 2224 824; baseline 0 -10"><span class='ocrx_word' id='word_1_356' title='bbox 1221 786 1426 815; x_wconf 70' lang='lat' dir='ltr'>Vallenssellis</span> <span class='ocrx_word' id='word_1_357' title='bbox 1446 786 1546 824; x_wconf 84' lang='lat' dir='ltr'>(hosp.</span> <span class='ocrx_word' id='word_1_358' title='bbox 1563 785 1759 824; x_wconf 87' lang='lat' dir='ltr'>leprosorum</span> <span class='ocrx_word' id='word_1_359' title='bbox 1778 785 1809 814; x_wconf 92' lang='lat' dir='ltr'>S.</span> <span class='ocrx_word' id='word_1_360' title='bbox 1828 786 1937 814; x_wconf 84' lang='lat' dir='ltr'>Lazari</span> <span class='ocrx_word' id='word_1_361' title='bbox 1956 785 2018 824; x_wconf 83' lang='lat' dir='ltr'>de),</span> <span class='ocrx_word' id='word_1_362' title='bbox 2037 785 2224 824; x_wconf 75' lang='lat' dir='ltr'>Spoletanae</span> 
     </span>
     <span class='ocr_line' id='line_1_60' title="bbox 1261 838 1934 875; baseline 0 -7"><span class='ocrx_word' id='word_1_363' title='bbox 1261 839 1290 868; x_wconf 88' lang='lat' dir='ltr'>d.</span> <span class='ocrx_word' id='word_1_364' title='bbox 1313 838 1399 875; x_wconf 70' lang='grc'><strong>2080,</strong></span> <span class='ocrx_word' id='word_1_365' title='bbox 1416 838 1503 874; x_wconf 87' lang='grc'><strong>2081,</strong></span> <span class='ocrx_word' id='word_1_366' title='bbox 1525 838 1612 873; x_wconf 81' lang='grc'><strong>2098,</strong></span> <span class='ocrx_word' id='word_1_367' title='bbox 1631 838 1718 871; x_wconf 81' lang='grc'><strong>3594,</strong></span> <span class='ocrx_word' id='word_1_368' title='bbox 1738 838 1825 872; x_wconf 82' lang='grc'><strong>7574,</strong></span> <span class='ocrx_word' id='word_1_369' title='bbox 1846 838 1934 868; x_wconf 85' lang='grc'><strong>7576.</strong></span> 
     </span>
    </p>

    <p class='ocr_par' dir='ltr' id='par_1_45' title="bbox 1221 890 2223 973">
     <span class='ocr_line' id='line_1_61' title="bbox 1221 890 2223 928; baseline 0 -8"><span class='ocrx_word' id='word_1_370' title='bbox 1221 891 1371 921; x_wconf 82' lang='lat' dir='ltr'>Vallense</span> <span class='ocrx_word' id='word_1_371' title='bbox 1394 900 1479 920; x_wconf 89' lang='lat' dir='ltr'>mon.</span> <span class='ocrx_word' id='word_1_372' title='bbox 1498 891 1531 920; x_wconf 90' lang='lat' dir='ltr'>S.</span> <span class='ocrx_word' id='word_1_373' title='bbox 1548 890 1758 928; x_wconf 82' lang='lat' dir='ltr'>Cucuphatis‚</span> <span class='ocrx_word' id='word_1_374' title='bbox 1785 890 2057 920; x_wconf 80' lang='lat' dir='ltr'>Barchinonensis</span> <span class='ocrx_word' id='word_1_375' title='bbox 2083 891 2112 919; x_wconf 88' lang='grc'>(1.</span> <span class='ocrx_word' id='word_1_376' title='bbox 2134 891 2223 927; x_wconf 85' lang='grc'><strong>3992,</strong></span> 
     </span>
     <span class='ocr_line' id='line_1_62' title="bbox 1262 945 1349 973; baseline 0 0"><span class='ocrx_word' id='word_1_377' title='bbox 1262 945 1349 973; x_wconf 85' lang='grc'><strong>6014.</strong></span> 
     </span>
    </p>

    <p class='ocr_par' dir='ltr' id='par_1_46' title="bbox 1221 995 2221 1088">
     <span class='ocr_line' id='line_1_63' title="bbox 1221 995 2221 1036; baseline -0.001 -9"><span class='ocrx_word' id='word_1_378' title='bbox 1221 998 1344 1028; x_wconf 74' lang='lat' dir='ltr'>Valleta</span> <span class='ocrx_word' id='word_1_379' title='bbox 1359 998 1418 1036; x_wconf 90' lang='grc'><strong>(00.</strong></span> <span class='ocrx_word' id='word_1_380' title='bbox 1436 997 1469 1026; x_wconf 90' lang='lat' dir='ltr'>S.</span> <span class='ocrx_word' id='word_1_381' title='bbox 1488 996 1616 1034; x_wconf 82' lang='lat' dir='ltr'>Georgii</span> <span class='ocrx_word' id='word_1_382' title='bbox 1638 996 1704 1035; x_wconf 80' lang='grc'><strong>(10),</strong></span> <span class='ocrx_word' id='word_1_383' title='bbox 1730 996 1922 1026; x_wconf 78' lang='lat' dir='ltr'>Biterrensis</span> <span class='ocrx_word' id='word_1_384' title='bbox 1940 996 1971 1026; x_wconf 84' lang='lat' dir='ltr'>d.</span> <span class='ocrx_word' id='word_1_385' title='bbox 1990 995 2065 1024; x_wconf 86' lang='lat'>4859</span> <span class='ocrx_word' id='word_1_386' title='bbox 2080 1006 2086 1031; x_wconf 74' lang='lat'><em>3</em></span> <span class='ocrx_word' id='word_1_387' title='bbox 2110 1013 2146 1016; x_wconf 88' lang='lat'>—</span> <span class='ocrx_word' id='word_1_388' title='bbox 2163 996 2221 1034; x_wconf 85' lang='grc'><strong>(00.</strong></span> 
     </span>
     <span class='ocr_line' id='line_1_64' title="bbox 1262 1049 1678 1088; baseline -0.005 -8"><span class='ocrx_word' id='word_1_389' title='bbox 1262 1051 1292 1080; x_wconf 88' lang='lat' dir='ltr'>S.</span> <span class='ocrx_word' id='word_1_390' title='bbox 1314 1051 1398 1080; x_wconf 78' lang='lat' dir='ltr'>Petri</span> <span class='ocrx_word' id='word_1_391' title='bbox 1413 1049 1465 1088; x_wconf 83' lang='lat' dir='ltr'>de)</span> <span class='ocrx_word' id='word_1_392' title='bbox 1483 1049 1570 1086; x_wconf 87' lang='lat'>4859,</span> <span class='ocrx_word' id='word_1_393' title='bbox 1590 1049 1678 1078; x_wconf 87' lang='lat'>4951.</span> 
     </span>
    </p>

    <p class='ocr_par' dir='ltr' id='par_1_47' title="bbox 1220 1101 2072 1142">
     <span class='ocr_line' id='line_1_65' title="bbox 1220 1101 2072 1142; baseline -0.004 -9"><span class='ocrx_word' id='word_1_394' title='bbox 1220 1104 1362 1134; x_wconf 77' lang='lat' dir='ltr'>Valliaco</span> <span class='ocrx_word' id='word_1_395' title='bbox 1377 1103 1436 1142; x_wconf 90' lang='grc'><strong>(00.</strong></span> <span class='ocrx_word' id='word_1_396' title='bbox 1454 1102 1485 1132; x_wconf 91' lang='lat' dir='ltr'>S.</span> <span class='ocrx_word' id='word_1_397' title='bbox 1504 1102 1589 1131; x_wconf 83' lang='lat' dir='ltr'>Petri</span> <span class='ocrx_word' id='word_1_398' title='bbox 1606 1102 1669 1140; x_wconf 89' lang='lat' dir='ltr'>de),</span> <span class='ocrx_word' id='word_1_399' title='bbox 1690 1102 1908 1132; x_wconf 75' lang='lat' dir='ltr'>Atrebatensis</span> <span class='ocrx_word' id='word_1_400' title='bbox 1931 1101 1961 1131; x_wconf 90' lang='lat' dir='ltr'>d.</span> <span class='ocrx_word' id='word_1_401' title='bbox 1984 1101 2072 1131; x_wconf 88' lang='lat'>5914.</span> 
     </span>
    </p>

    <p class='ocr_par' dir='ltr' id='par_1_48' title="bbox 1220 1154 2084 1195">
     <span class='ocr_line' id='line_1_66' title="bbox 1220 1154 2084 1195; baseline -0.003 -9"><span class='ocrx_word' id='word_1_402' title='bbox 1220 1157 1364 1186; x_wconf 81' lang='lat' dir='ltr'>Vallibus</span> <span class='ocrx_word' id='word_1_403' title='bbox 1380 1156 1438 1195; x_wconf 87' lang='grc'><strong>(00.</strong></span> <span class='ocrx_word' id='word_1_404' title='bbox 1461 1156 1497 1185; x_wconf 87' lang='grc' dir='ltr'>Β.</span> <span class='ocrx_word' id='word_1_405' title='bbox 1516 1156 1635 1184; x_wconf 84' lang='lat' dir='ltr'>Mariae</span> <span class='ocrx_word' id='word_1_406' title='bbox 1651 1154 1696 1193; x_wconf 91' lang='lat' dir='ltr'>in)</span> <span class='ocrx_word' id='word_1_407' title='bbox 1714 1154 1981 1185; x_wconf 72' lang='lat' dir='ltr'>Cathalaunensis</span> <span class='ocrx_word' id='word_1_408' title='bbox 1997 1154 2084 1184; x_wconf 86' lang='lat'>3762.</span> 
     </span>
    </p>

    <p class='ocr_par' dir='ltr' id='par_1_49' title="bbox 1220 1206 2223 1292">
     <span class='ocr_line' id='line_1_67' title="bbox 1220 1206 2223 1247; baseline -0.004 -8"><span class='ocrx_word' id='word_1_409' title='bbox 1220 1210 1366 1239; x_wconf 80' lang='lat' dir='ltr'>Vallihus</span> <span class='ocrx_word' id='word_1_410' title='bbox 1383 1208 1532 1247; x_wconf 75' lang='lat' dir='ltr'>(Pontius</span> <span class='ocrx_word' id='word_1_411' title='bbox 1552 1207 1614 1246; x_wconf 87' lang='lat' dir='ltr'>de),</span> <span class='ocrx_word' id='word_1_412' title='bbox 1639 1211 1808 1246; x_wconf 81' lang='lat' dir='ltr'>perpetuus</span> <span class='ocrx_word' id='word_1_413' title='bbox 1826 1206 2007 1245; x_wconf 83' lang='lat' dir='ltr'>capellanus</span> <span class='ocrx_word' id='word_1_414' title='bbox 2027 1215 2071 1235; x_wconf 88' lang='grc'>00.</span> <span class='ocrx_word' id='word_1_415' title='bbox 2091 1207 2223 1244; x_wconf 84' lang='lat' dir='ltr'>Lugdu-</span> 
     </span>
     <span class='ocr_line' id='line_1_68' title="bbox 1263 1262 1457 1292; baseline -0.01 0"><span class='ocrx_word' id='word_1_416' title='bbox 1263 1263 1373 1292; x_wconf 85' lang='lat' dir='ltr'>nensis</span> <span class='ocrx_word' id='word_1_417' title='bbox 1389 1262 1457 1291; x_wconf 90' lang='lat'>550.</span> 
     </span>
    </p>

    <p class='ocr_par' dir='ltr' id='par_1_50' title="bbox 1222 1313 2225 1404">
     <span class='ocr_line' id='line_1_69' title="bbox 1222 1313 2225 1352; baseline -0.003 -6"><span class='ocrx_word' id='word_1_418' title='bbox 1222 1316 1368 1346; x_wconf 84' lang='lat' dir='ltr'>Vallibus</span> <span class='ocrx_word' id='word_1_419' title='bbox 1388 1315 1543 1344; x_wconf 79' lang='lat' dir='ltr'>Romanis</span> <span class='ocrx_word' id='word_1_420' title='bbox 1558 1313 1756 1352; x_wconf 83' lang='lat' dir='ltr'>(Bernardus</span> <span class='ocrx_word' id='word_1_421' title='bbox 1774 1313 1836 1349; x_wconf 86' lang='lat' dir='ltr'>de),</span> <span class='ocrx_word' id='word_1_422' title='bbox 1862 1313 1948 1351; x_wconf 89' lang='lat' dir='ltr'>prior</span> <span class='ocrx_word' id='word_1_423' title='bbox 1971 1321 2058 1342; x_wconf 89' lang='lat' dir='ltr'>mon.</span> <span class='ocrx_word' id='word_1_424' title='bbox 2083 1314 2115 1342; x_wconf 88' lang='lat' dir='ltr'>S.</span> <span class='ocrx_word' id='word_1_425' title='bbox 2141 1313 2225 1343; x_wconf 87' lang='lat' dir='ltr'>Lau-</span> 
     </span>
     <span class='ocr_line' id='line_1_70' title="bbox 1262 1366 1992 1404; baseline -0.005 -5"><span class='ocrx_word' id='word_1_426' title='bbox 1262 1369 1356 1399; x_wconf 80' lang='lat' dir='ltr'>rentii</span> <span class='ocrx_word' id='word_1_427' title='bbox 1372 1368 1410 1398; x_wconf 90' lang='lat' dir='ltr'>de</span> <span class='ocrx_word' id='word_1_428' title='bbox 1428 1368 1546 1404; x_wconf 82' lang='lat' dir='ltr'>Monte,</span> <span class='ocrx_word' id='word_1_429' title='bbox 1565 1367 1836 1396; x_wconf 84' lang='lat' dir='ltr'>Barchinonensis</span> <span class='ocrx_word' id='word_1_430' title='bbox 1853 1366 1884 1395; x_wconf 89' lang='lat' dir='ltr'>d.</span> <span class='ocrx_word' id='word_1_431' title='bbox 1905 1366 1992 1396; x_wconf 89' lang='lat'>6014.</span> 
     </span>
    </p>

    <p class='ocr_par' dir='ltr' id='par_1_51' title="bbox 1222 1418 1980 1460">
     <span class='ocr_line' id='line_1_71' title="bbox 1222 1418 1980 1460; baseline -0.007 -7"><span class='ocrx_word' id='word_1_432' title='bbox 1222 1421 1389 1453; x_wconf 84' lang='lat' dir='ltr'>Vallicella</span> <span class='ocrx_word' id='word_1_433' title='bbox 1403 1421 1462 1460; x_wconf 86' lang='lat' dir='ltr'>(ec.</span> <span class='ocrx_word' id='word_1_434' title='bbox 1480 1420 1515 1449; x_wconf 86' lang='grc' dir='ltr'>Β.</span> <span class='ocrx_word' id='word_1_435' title='bbox 1534 1420 1655 1449; x_wconf 82' lang='lat' dir='ltr'>Mariae</span> <span class='ocrx_word' id='word_1_436' title='bbox 1671 1418 1722 1458; x_wconf 89' lang='lat' dir='ltr'>de)</span> <span class='ocrx_word' id='word_1_437' title='bbox 1737 1419 1774 1449; x_wconf 91' lang='lat' dir='ltr'>de</span> <span class='ocrx_word' id='word_1_438' title='bbox 1792 1419 1877 1450; x_wconf 89' lang='lat' dir='ltr'>Urbe</span> <span class='ocrx_word' id='word_1_439' title='bbox 1893 1419 1980 1449; x_wconf 88' lang='lat'>6010.</span> 
     </span>
    </p>

    <p class='ocr_par' dir='ltr' id='par_1_52' title="bbox 1222 1472 1657 1513">
     <span class='ocr_line' id='line_1_72' title="bbox 1222 1472 1657 1513; baseline -0.009 -8"><span class='ocrx_word' id='word_1_440' title='bbox 1222 1475 1350 1506; x_wconf 88' lang='lat' dir='ltr'>Vallino</span> <span class='ocrx_word' id='word_1_441' title='bbox 1369 1473 1487 1513; x_wconf 89' lang='lat' dir='ltr'>(Guido</span> <span class='ocrx_word' id='word_1_442' title='bbox 1502 1472 1554 1512; x_wconf 91' lang='lat' dir='ltr'>de)</span> <span class='ocrx_word' id='word_1_443' title='bbox 1569 1472 1657 1502; x_wconf 84' lang='lat'>6028.</span> 
     </span>
    </p>

    <p class='ocr_par' dir='ltr' id='par_1_53' title="bbox 1222 1524 1710 1567">
     <span class='ocr_line' id='line_1_73' title="bbox 1222 1524 1710 1567; baseline -0.01 -8"><span class='ocrx_word' id='word_1_444' title='bbox 1222 1529 1325 1559; x_wconf 74' lang='lat' dir='ltr'>Vallis</span> <span class='ocrx_word' id='word_1_445' title='bbox 1340 1528 1439 1567; x_wconf 88' lang='lat' dir='ltr'>(mou.</span> <span class='ocrx_word' id='word_1_446' title='bbox 1460 1524 1607 1564; x_wconf 82' lang='lat' dir='ltr'>Magnae)</span> <span class='ocrx_word' id='word_1_447' title='bbox 1622 1525 1710 1556; x_wconf 88' lang='grc'><strong>3320.</strong></span> 
     </span>
    </p>

    <p class='ocr_par' dir='ltr' id='par_1_54' title="bbox 1222 1578 1716 1612">
     <span class='ocr_line' id='line_1_74' title="bbox 1222 1578 1716 1612; baseline -0.008 0"><span class='ocrx_word' id='word_1_448' title='bbox 1222 1582 1364 1612; x_wconf 84' lang='lat' dir='ltr'>Valliurn</span> <span class='ocrx_word' id='word_1_449' title='bbox 1380 1579 1509 1609; x_wconf 90' lang='lat' dir='ltr'>Sarnaii</span> <span class='ocrx_word' id='word_1_450' title='bbox 1523 1587 1610 1608; x_wconf 89' lang='lat' dir='ltr'>mon.</span> <span class='ocrx_word' id='word_1_451' title='bbox 1628 1578 1716 1608; x_wconf 92' lang='lat'>7402.</span> 
     </span>
    </p>

    <p class='ocr_par' dir='ltr' id='par_1_55' title="bbox 1222 1631 1643 1665">
     <span class='ocr_line' id='line_1_75' title="bbox 1222 1631 1643 1665; baseline -0.012 0"><span class='ocrx_word' id='word_1_452' title='bbox 1222 1635 1384 1665; x_wconf 83' lang='lat' dir='ltr'>Valtham.</span> <span class='ocrx_word' id='word_1_453' title='bbox 1400 1632 1446 1662; x_wconf 83' lang='lat' dir='ltr'>Cf.</span> <span class='ocrx_word' id='word_1_454' title='bbox 1467 1631 1643 1661; x_wconf 74' lang='lat' dir='ltr'>Walthani.</span> 
     </span>
    </p>

    <p class='ocr_par' dir='ltr' id='par_1_56' title="bbox 1222 1681 2228 1770">
     <span class='ocr_line' id='line_1_76' title="bbox 1222 1681 2228 1724; baseline -0.007 -6"><span class='ocrx_word' id='word_1_455' title='bbox 1222 1687 1381 1718; x_wconf 70' lang='lat' dir='ltr'>Valtierra</span> <span class='ocrx_word' id='word_1_456' title='bbox 1397 1686 1525 1724; x_wconf 81' lang='lat' dir='ltr'>(Petrus</span> <span class='ocrx_word' id='word_1_457' title='bbox 1542 1684 1621 1722; x_wconf 91' lang='lat' dir='ltr'>Lupi</span> <span class='ocrx_word' id='word_1_458' title='bbox 1639 1682 1702 1722; x_wconf 85' lang='lat' dir='ltr'>de),</span> <span class='ocrx_word' id='word_1_459' title='bbox 1720 1683 1893 1713; x_wconf 83' lang='lat' dir='ltr'>canonicus</span> <span class='ocrx_word' id='word_1_460' title='bbox 1908 1681 2093 1719; x_wconf 77' lang='lat' dir='ltr'>Tutelanus,</span> <span class='ocrx_word' id='word_1_461' title='bbox 2106 1682 2228 1712; x_wconf 85' lang='lat' dir='ltr'>Tiraso-</span> 
     </span>
     <span class='ocr_line' id='line_1_77' title="bbox 1264 1737 1526 1770; baseline -0.019 0"><span class='ocrx_word' id='word_1_462' title='bbox 1264 1740 1374 1770; x_wconf 81' lang='lat' dir='ltr'>nensis</span> <span class='ocrx_word' id='word_1_463' title='bbox 1390 1739 1420 1768; x_wconf 87' lang='lat' dir='ltr'>d.</span> <span class='ocrx_word' id='word_1_464' title='bbox 1439 1737 1526 1767; x_wconf 85' lang='lat'>2648.</span> 
     </span>
    </p>

    <p class='ocr_par' dir='ltr' id='par_1_57' title="bbox 1223 1787 2228 1883">
     <span class='ocr_line' id='line_1_78' title="bbox 1223 1787 2228 1826; baseline -0.007 -2"><span class='ocrx_word' id='word_1_465' title='bbox 1223 1793 1393 1825; x_wconf 86' lang='lat' dir='ltr'>Valvensis</span> <span class='ocrx_word' id='word_1_466' title='bbox 1409 1790 1563 1821; x_wconf 78' lang='lat' dir='ltr'>dioecesis</span> <span class='ocrx_word' id='word_1_467' title='bbox 1582 1789 1668 1825; x_wconf 89' lang='lat'>1889,</span> <span class='ocrx_word' id='word_1_468' title='bbox 1688 1788 1777 1826; x_wconf 88' lang='lat'>6038,</span> <span class='ocrx_word' id='word_1_469' title='bbox 1803 1788 1898 1825; x_wconf 87' lang='lat'>6093;</span> <span class='ocrx_word' id='word_1_470' title='bbox 1923 1805 1961 1810; x_wconf 92' lang='lat'>—</span> <span class='ocrx_word' id='word_1_471' title='bbox 1980 1787 2112 1818; x_wconf 84' lang='lat' dir='ltr'>ecelesia</span> <span class='ocrx_word' id='word_1_472' title='bbox 2130 1787 2205 1817; x_wconf 90' lang='lat'>5862</span> <span class='ocrx_word' id='word_1_473' title='bbox 2221 1812 2228 1825; x_wconf 93' lang='lat'>,</span> 
     </span>
     <span class='ocr_line' id='line_1_79' title="bbox 1265 1841 1909 1883; baseline -0.011 -6"><span class='ocrx_word' id='word_1_474' title='bbox 1265 1847 1352 1883; x_wconf 86' lang='lat'>5863,</span> <span class='ocrx_word' id='word_1_475' title='bbox 1370 1845 1458 1881; x_wconf 86' lang='lat'>6038,</span> <span class='ocrx_word' id='word_1_476' title='bbox 1476 1843 1552 1873; x_wconf 83' lang='lat'>6093</span> <span class='ocrx_word' id='word_1_477' title='bbox 1566 1854 1573 1880; x_wconf 79' lang='lat'>3</span> <span class='ocrx_word' id='word_1_478' title='bbox 1589 1859 1627 1864; x_wconf 92' lang='lat'><em>-</em></span> <span class='ocrx_word' id='word_1_479' title='bbox 1643 1842 1807 1881; x_wconf 84' lang='lat' dir='ltr'>episcopus</span> <span class='ocrx_word' id='word_1_480' title='bbox 1822 1841 1909 1871; x_wconf 80' lang='lat'>2082.</span> 
     </span>
    </p>

    <p class='ocr_par' dir='ltr' id='par_1_58' title="bbox 1223 1897 1569 1932">
     <span class='ocr_line' id='line_1_80' title="bbox 1223 1897 1569 1932; baseline -0.02 0"><span class='ocrx_word' id='word_1_481' title='bbox 1223 1900 1358 1932; x_wconf 80' lang='lat' dir='ltr'>Vaneio.</span> <span class='ocrx_word' id='word_1_482' title='bbox 1375 1898 1423 1929; x_wconf 81' lang='lat' dir='ltr'>Cf.</span> <span class='ocrx_word' id='word_1_483' title='bbox 1443 1897 1569 1927; x_wconf 64' lang='lat' dir='ltr'>Vannio.</span> 
     </span>
    </p>

    <p class='ocr_par' dir='ltr' id='par_1_59' title="bbox 1224 1951 1564 1985">
     <span class='ocr_line' id='line_1_81' title="bbox 1224 1951 1564 1985; baseline -0.021 0"><span class='ocrx_word' id='word_1_484' title='bbox 1224 1953 1354 1985; x_wconf 81' lang='lat' dir='ltr'>Vanezi.</span> <span class='ocrx_word' id='word_1_485' title='bbox 1371 1951 1418 1981; x_wconf 81' lang='lat' dir='ltr'>Cf.</span> <span class='ocrx_word' id='word_1_486' title='bbox 1436 1951 1564 1980; x_wconf 80' lang='lat' dir='ltr'>Vantio.</span> 
     </span>
    </p>

    <p class='ocr_par' dir='ltr' id='par_1_60' title="bbox 1224 1998 2229 2090">
     <span class='ocr_line' id='line_1_82' title="bbox 1224 1998 2229 2042; baseline -0.01 -4"><span class='ocrx_word' id='word_1_487' title='bbox 1224 2005 1427 2038; x_wconf 87' lang='lat' dir='ltr'>Vandalinus</span> <span class='ocrx_word' id='word_1_488' title='bbox 1461 2002 1638 2042; x_wconf 84' lang='lat' dir='ltr'>(Johannes</span> <span class='ocrx_word' id='word_1_489' title='bbox 1672 2000 1809 2038; x_wconf 87' lang='grc'><strong>6101115),</strong></span> <span class='ocrx_word' id='word_1_490' title='bbox 1845 1999 2018 2030; x_wconf 84' lang='lat' dir='ltr'>canonicus</span> <span class='ocrx_word' id='word_1_491' title='bbox 2050 1998 2229 2037; x_wconf 83' lang='lat' dir='ltr'>Clugiensis</span> 
     </span>
     <span class='ocr_line' id='line_1_83' title="bbox 1265 2060 1353 2090; baseline -0.023 0"><span class='ocrx_word' id='word_1_492' title='bbox 1265 2060 1353 2090; x_wconf 89' lang='lat'>5750.</span> 
     </span>
    </p>

    <p class='ocr_par' dir='ltr' id='par_1_61' title="bbox 1226 2105 2228 2196">
     <span class='ocr_line' id='line_1_84' title="bbox 1226 2105 2228 2151; baseline -0.01 -7"><span class='ocrx_word' id='word_1_493' title='bbox 1226 2113 1347 2145; x_wconf 79' lang='lat' dir='ltr'>Vandis</span> <span class='ocrx_word' id='word_1_494' title='bbox 1363 2111 1514 2151; x_wconf 84' lang='lat' dir='ltr'>(Thomas</span> <span class='ocrx_word' id='word_1_495' title='bbox 1532 2109 1593 2146; x_wconf 88' lang='lat' dir='ltr'>de),</span> <span class='ocrx_word' id='word_1_496' title='bbox 1611 2108 1707 2137; x_wconf 89' lang='lat' dir='ltr'>abbas</span> <span class='ocrx_word' id='word_1_497' title='bbox 1725 2115 1812 2137; x_wconf 91' lang='lat' dir='ltr'>mon.</span> <span class='ocrx_word' id='word_1_498' title='bbox 1830 2106 2087 2143; x_wconf 82' lang='lat' dir='ltr'>Pultheriarutn,</span> <span class='ocrx_word' id='word_1_499' title='bbox 2107 2105 2228 2143; x_wconf 83' lang='lat' dir='ltr'>Lingo-</span> 
     </span>
     <span class='ocr_line' id='line_1_85' title="bbox 1266 2163 1528 2196; baseline -0.019 0"><span class='ocrx_word' id='word_1_500' title='bbox 1266 2166 1376 2196; x_wconf 86' lang='lat' dir='ltr'>nensis</span> <span class='ocrx_word' id='word_1_501' title='bbox 1392 2165 1422 2194; x_wconf 82' lang='lat' dir='ltr'>d.</span> <span class='ocrx_word' id='word_1_502' title='bbox 1441 2163 1528 2193; x_wconf 82' lang='lat'>4062.</span> 
     </span>
    </p>

    <p class='ocr_par' dir='ltr' id='par_1_62' title="bbox 1226 2210 2160 2257">
     <span class='ocr_line' id='line_1_86' title="bbox 1226 2210 2160 2257; baseline -0.011 -8"><span class='ocrx_word' id='word_1_503' title='bbox 1226 2220 1414 2257; x_wconf 86' lang='lat' dir='ltr'>Vandopera</span> <span class='ocrx_word' id='word_1_504' title='bbox 1430 2216 1536 2255; x_wconf 81' lang='lat' dir='ltr'>(Hugo</span> <span class='ocrx_word' id='word_1_505' title='bbox 1554 2214 1710 2244; x_wconf 86' lang='lat' dir='ltr'>Gnidonis</span> <span class='ocrx_word' id='word_1_506' title='bbox 1729 2213 1792 2251; x_wconf 85' lang='lat' dir='ltr'>de),</span> <span class='ocrx_word' id='word_1_507' title='bbox 1810 2212 2025 2250; x_wconf 86' lang='lat' dir='ltr'>Lingonensis</span> <span class='ocrx_word' id='word_1_508' title='bbox 2041 2211 2072 2241; x_wconf 94' lang='lat' dir='ltr'>d.</span> <span class='ocrx_word' id='word_1_509' title='bbox 2092 2210 2160 2240; x_wconf 88' lang='lat'>229.</span> 
     </span>
    </p>

    <p class='ocr_par' dir='ltr' id='par_1_63' title="bbox 1226 2263 2228 2361">
     <span class='ocr_line' id='line_1_87' title="bbox 1226 2263 2228 2309; baseline -0.01 -7"><span class='ocrx_word' id='word_1_510' title='bbox 1226 2272 1415 2309; x_wconf 86' lang='lat' dir='ltr'>Vandopera</span> <span class='ocrx_word' id='word_1_511' title='bbox 1430 2269 1490 2308; x_wconf 92' lang='grc'><strong>(00.</strong></span> <span class='ocrx_word' id='word_1_512' title='bbox 1510 2269 1545 2297; x_wconf 86' lang='grc' dir='ltr'>Β.</span> <span class='ocrx_word' id='word_1_513' title='bbox 1568 2267 1687 2296; x_wconf 86' lang='lat' dir='ltr'>Mariae</span> <span class='ocrx_word' id='word_1_514' title='bbox 1707 2265 1758 2304; x_wconf 92' lang='lat' dir='ltr'>de)</span> <span class='ocrx_word' id='word_1_515' title='bbox 1775 2266 1808 2294; x_wconf 91' lang='lat' dir='ltr'>in</span> <span class='ocrx_word' id='word_1_516' title='bbox 1826 2265 1948 2301; x_wconf 79' lang='lat' dir='ltr'>Castro,</span> <span class='ocrx_word' id='word_1_517' title='bbox 1967 2264 2179 2302; x_wconf 84' lang='lat' dir='ltr'>Lingonensis</span> <span class='ocrx_word' id='word_1_518' title='bbox 2197 2263 2228 2292; x_wconf 87' lang='lat' dir='ltr'>d.</span> 
     </span>
     <span class='ocr_line' id='line_1_88' title="bbox 1266 2317 2001 2361; baseline -0.011 -6"><span class='ocrx_word' id='word_1_519' title='bbox 1266 2326 1361 2361; x_wconf 85' lang='lat'>57973</span> <span class='ocrx_word' id='word_1_520' title='bbox 1379 2340 1417 2345; x_wconf 92' lang='lat'>—</span> <span class='ocrx_word' id='word_1_521' title='bbox 1435 2325 1489 2359; x_wconf 85' lang='lat' dir='ltr'>(ec.</span> <span class='ocrx_word' id='word_1_522' title='bbox 1508 2321 1564 2351; x_wconf 89' lang='lat' dir='ltr'>SS.</span> <span class='ocrx_word' id='word_1_523' title='bbox 1585 2320 1670 2350; x_wconf 78' lang='lat' dir='ltr'>Petri</span> <span class='ocrx_word' id='word_1_524' title='bbox 1687 2323 1716 2349; x_wconf 77' lang='grc'>01</span> <span class='ocrx_word' id='word_1_525' title='bbox 1735 2319 1827 2349; x_wconf 85' lang='grc' dir='ltr'><strong>Ρ31111</strong></span> <span class='ocrx_word' id='word_1_526' title='bbox 1843 2318 1894 2357; x_wconf 91' lang='lat' dir='ltr'>de)</span> <span class='ocrx_word' id='word_1_527' title='bbox 1912 2317 2001 2348; x_wconf 88' lang='lat'>5796.</span> 
     </span>
    </p>

    <p class='ocr_par' dir='ltr' id='par_1_64' title="bbox 1226 2373 1711 2415">
     <span class='ocr_line' id='line_1_89' title="bbox 1226 2373 1711 2415; baseline -0.016 -6"><span class='ocrx_word' id='word_1_528' title='bbox 1226 2379 1426 2415; x_wconf 82' lang='lat' dir='ltr'>Vandopera.</span> <span class='ocrx_word' id='word_1_529' title='bbox 1446 2375 1494 2405; x_wconf 85' lang='lat' dir='ltr'>Cf.</span> <span class='ocrx_word' id='word_1_530' title='bbox 1512 2373 1711 2411; x_wconf 87' lang='lat' dir='ltr'>Vendopera.</span> 
     </span>
    </p>

    <p class='ocr_par' dir='ltr' id='par_1_65' title="bbox 1226 2424 1939 2468">
     <span class='ocr_line' id='line_1_90' title="bbox 1226 2424 1939 2468; baseline -0.011 -7"><span class='ocrx_word' id='word_1_531' title='bbox 1226 2430 1419 2468; x_wconf 79' lang='lat' dir='ltr'>Vangaditia</span> <span class='ocrx_word' id='word_1_532' title='bbox 1436 2430 1536 2467; x_wconf 89' lang='lat' dir='ltr'>(mon.</span> <span class='ocrx_word' id='word_1_533' title='bbox 1555 2425 1616 2465; x_wconf 89' lang='lat' dir='ltr'>de).</span> <span class='ocrx_word' id='word_1_534' title='bbox 1637 2425 1685 2455; x_wconf 80' lang='lat' dir='ltr'>Cf.</span> <span class='ocrx_word' id='word_1_535' title='bbox 1703 2424 1939 2462; x_wconf 76' lang='lat' dir='ltr'>Wangadiuae.</span> 
     </span>
    </p>

    <p class='ocr_par' dir='ltr' id='par_1_66' title="bbox 1225 2477 2022 2517">
     <span class='ocr_line' id='line_1_91' title="bbox 1225 2477 2022 2517; baseline -0.011 -3"><span class='ocrx_word' id='word_1_536' title='bbox 1225 2482 1388 2517; x_wconf 85' lang='lat' dir='ltr'>Vannelli,</span> <span class='ocrx_word' id='word_1_537' title='bbox 1402 2484 1502 2510; x_wconf 82' lang='lat' dir='ltr'>rector</span> <span class='ocrx_word' id='word_1_538' title='bbox 1518 2488 1563 2509; x_wconf 84' lang='lat' dir='ltr'>ec.</span> <span class='ocrx_word' id='word_1_539' title='bbox 1581 2478 1613 2508; x_wconf 88' lang='lat' dir='ltr'>S.</span> <span class='ocrx_word' id='word_1_540' title='bbox 1630 2478 1741 2508; x_wconf 85' lang='lat' dir='ltr'>Jacobi</span> <span class='ocrx_word' id='word_1_541' title='bbox 1757 2477 1795 2507; x_wconf 86' lang='lat' dir='ltr'>de</span> <span class='ocrx_word' id='word_1_542' title='bbox 1809 2478 1919 2507; x_wconf 91' lang='lat' dir='ltr'>Avena</span> <span class='ocrx_word' id='word_1_543' title='bbox 1935 2477 2022 2506; x_wconf 89' lang='lat'>5526.</span> 
     </span>
    </p>

    <p class='ocr_par' dir='ltr' id='par_1_67' title="bbox 1225 2530 1872 2568">
     <span class='ocr_line' id='line_1_92' title="bbox 1225 2530 1872 2568; baseline -0.012 -1"><span class='ocrx_word' id='word_1_544' title='bbox 1225 2537 1349 2567; x_wconf 85' lang='lat' dir='ltr'>Vannis</span> <span class='ocrx_word' id='word_1_545' title='bbox 1364 2532 1592 2568; x_wconf 72' lang='lat' dir='ltr'>Fortem-aonii,</span> <span class='ocrx_word' id='word_1_546' title='bbox 1610 2535 1766 2561; x_wconf 81' lang='lat' dir='ltr'>mereator</span> <span class='ocrx_word' id='word_1_547' title='bbox 1782 2530 1872 2560; x_wconf 85' lang='lat'>6926.</span> 
     </span>
    </p>

    <p class='ocr_par' dir='ltr' id='par_1_68' title="bbox 1226 2582 1990 2626">
     <span class='ocr_line' id='line_1_93' title="bbox 1226 2582 1990 2626; baseline -0.012 -6"><span class='ocrx_word' id='word_1_548' title='bbox 1226 2589 1352 2620; x_wconf 83' lang='lat' dir='ltr'>Vaunis</span> <span class='ocrx_word' id='word_1_549' title='bbox 1366 2585 1522 2626; x_wconf 83' lang='lat' dir='ltr'>(Nerius),</span> <span class='ocrx_word' id='word_1_550' title='bbox 1540 2584 1715 2614; x_wconf 78' lang='grc'><strong>0300010115</strong></span> <span class='ocrx_word' id='word_1_551' title='bbox 1732 2583 1884 2613; x_wconf 91' lang='lat' dir='ltr'>Clusinus</span> <span class='ocrx_word' id='word_1_552' title='bbox 1901 2582 1990 2612; x_wconf 87' lang='lat'>4221.</span> 
     </span>
    </p>

    <p class='ocr_par' dir='ltr' id='par_1_69' title="bbox 1225 2634 2050 2679">
     <span class='ocr_line' id='line_1_94' title="bbox 1225 2634 2050 2679; baseline -0.011 -7"><span class='ocrx_word' id='word_1_553' title='bbox 1225 2644 1375 2677; x_wconf 87' lang='lat' dir='ltr'>Vannus,</span> <span class='ocrx_word' id='word_1_554' title='bbox 1396 2639 1479 2679; x_wconf 87' lang='lat' dir='ltr'>prior</span> <span class='ocrx_word' id='word_1_555' title='bbox 1494 2647 1539 2668; x_wconf 86' lang='lat' dir='ltr'>ee.</span> <span class='ocrx_word' id='word_1_556' title='bbox 1558 2637 1590 2667; x_wconf 90' lang='lat' dir='ltr'>S.</span> <span class='ocrx_word' id='word_1_557' title='bbox 1610 2636 1741 2666; x_wconf 88' lang='lat' dir='ltr'>Martini</span> <span class='ocrx_word' id='word_1_558' title='bbox 1758 2635 1796 2665; x_wconf 92' lang='lat' dir='ltr'>de</span> <span class='ocrx_word' id='word_1_559' title='bbox 1813 2635 1943 2665; x_wconf 75' lang='lat' dir='ltr'>Vitiana</span> <span class='ocrx_word' id='word_1_560' title='bbox 1961 2634 2050 2664; x_wconf 89' lang='lat'>5526.</span> 
     </span>
    </p>

    <p class='ocr_par' dir='ltr' id='par_1_70' title="bbox 1229 2691 1570 2725">
     <span class='ocr_line' id='line_1_95' title="bbox 1229 2691 1570 2725; baseline -0.018 0"><span class='ocrx_word' id='word_1_561' title='bbox 1229 2695 1357 2725; x_wconf 85' lang='lat' dir='ltr'>Vansio.</span> <span class='ocrx_word' id='word_1_562' title='bbox 1375 2692 1422 2722; x_wconf 83' lang='lat' dir='ltr'>Cf.</span> <span class='ocrx_word' id='word_1_563' title='bbox 1442 2691 1570 2721; x_wconf 76' lang='lat' dir='ltr'>Vantio.</span> 
     </span>
    </p>

    <p class='ocr_par' dir='ltr' id='par_1_71' title="bbox 1227 2739 2031 2782">
     <span class='ocr_line' id='line_1_96' title="bbox 1227 2739 2031 2782; baseline -0.011 -5"><span class='ocrx_word' id='word_1_564' title='bbox 1227 2749 1340 2782; x_wconf 78' lang='lat' dir='ltr'>Vama,</span> <span class='ocrx_word' id='word_1_565' title='bbox 1358 2746 1482 2775; x_wconf 83' lang='lat' dir='ltr'>Vantus</span> <span class='ocrx_word' id='word_1_566' title='bbox 1500 2742 1645 2778; x_wconf 79' lang='lat' dir='ltr'>Honesti,</span> <span class='ocrx_word' id='word_1_567' title='bbox 1664 2746 1820 2771; x_wconf 75' lang='lat' dir='ltr'>mercator</span> <span class='ocrx_word' id='word_1_568' title='bbox 1838 2740 1925 2777; x_wconf 89' lang='grc'><strong>3653,</strong></span> <span class='ocrx_word' id='word_1_569' title='bbox 1943 2739 2031 2769; x_wconf 86' lang='lat'>7199.</span> 
     </span>
    </p>

    <p class='ocr_par' dir='ltr' id='par_1_72' title="bbox 1227 2791 2230 2890">
     <span class='ocr_line' id='line_1_97' title="bbox 1227 2791 2230 2837; baseline -0.01 -7"><span class='ocrx_word' id='word_1_570' title='bbox 1227 2800 1343 2830; x_wconf 73' lang='lat' dir='ltr'>Vantio</span> <span class='ocrx_word' id='word_1_571' title='bbox 1362 2798 1419 2837; x_wconf 88' lang='grc'><strong>(00.</strong></span> <span class='ocrx_word' id='word_1_572' title='bbox 1437 2796 1505 2835; x_wconf 88' lang='lat' dir='ltr'>de),</span> <span class='ocrx_word' id='word_1_573' title='bbox 1523 2795 1693 2825; x_wconf 76' lang='lat' dir='ltr'>paduanae</span> <span class='ocrx_word' id='word_1_574' title='bbox 1709 2794 1739 2824; x_wconf 89' lang='lat' dir='ltr'>d.</span> <span class='ocrx_word' id='word_1_575' title='bbox 1757 2793 1902 2829; x_wconf 87' lang='lat'>645-647,</span> <span class='ocrx_word' id='word_1_576' title='bbox 1922 2792 2009 2827; x_wconf 88' lang='lat'>7017,</span> <span class='ocrx_word' id='word_1_577' title='bbox 2028 2791 2121 2828; x_wconf 88' lang='lat'>7018,</span> <span class='ocrx_word' id='word_1_578' title='bbox 2141 2792 2230 2828; x_wconf 85' lang='lat'>7278,</span> 
     </span>
     <span class='ocr_line' id='line_1_98' title="bbox 1266 2846 1873 2890; baseline -0.012 -8"><span class='ocrx_word' id='word_1_579' title='bbox 1266 2852 1414 2890; x_wconf 81' lang='lat'>72793—</span> <span class='ocrx_word' id='word_1_580' title='bbox 1429 2850 1488 2889; x_wconf 88' lang='grc'><strong>(00.</strong></span> <span class='ocrx_word' id='word_1_581' title='bbox 1507 2849 1539 2879; x_wconf 89' lang='lat' dir='ltr'>S.</span> <span class='ocrx_word' id='word_1_582' title='bbox 1559 2847 1700 2878; x_wconf 73' lang='lat' dir='ltr'>Mathaei</span> <span class='ocrx_word' id='word_1_583' title='bbox 1718 2847 1770 2886; x_wconf 89' lang='lat' dir='ltr'>de)</span> <span class='ocrx_word' id='word_1_584' title='bbox 1789 2846 1873 2876; x_wconf 89' lang='lat'>1235.</span> 
     </span>
    </p>

    <p class='ocr_par' dir='ltr' id='par_1_73' title="bbox 1227 2897 2111 2944">
     <span class='ocr_line' id='line_1_99' title="bbox 1227 2897 2111 2944; baseline -0.011 -8"><span class='ocrx_word' id='word_1_585' title='bbox 1227 2905 1344 2936; x_wconf 83' lang='lat' dir='ltr'>Vantio</span> <span class='ocrx_word' id='word_1_586' title='bbox 1361 2904 1529 2944; x_wconf 78' lang='lat' dir='ltr'>(prioratus</span> <span class='ocrx_word' id='word_1_587' title='bbox 1547 2902 1584 2932; x_wconf 89' lang='lat' dir='ltr'>B.</span> <span class='ocrx_word' id='word_1_588' title='bbox 1603 2901 1725 2930; x_wconf 87' lang='lat' dir='ltr'>Mariae</span> <span class='ocrx_word' id='word_1_589' title='bbox 1741 2899 1792 2939; x_wconf 91' lang='lat' dir='ltr'>de)</span> <span class='ocrx_word' id='word_1_590' title='bbox 1808 2899 1980 2928; x_wconf 83' lang='lat' dir='ltr'>Paduanus</span> <span class='ocrx_word' id='word_1_591' title='bbox 1999 2898 2044 2933; x_wconf 93' lang='lat'>11,</span> <span class='ocrx_word' id='word_1_592' title='bbox 2063 2897 2111 2927; x_wconf 87' lang='lat'>84.</span> 
     </span>
    </p>

    <p class='ocr_par' dir='ltr' id='par_1_74' title="bbox 1227 2949 2231 3041">
     <span class='ocr_line' id='line_1_100' title="bbox 1227 2949 2231 2995; baseline -0.012 -6"><span class='ocrx_word' id='word_1_593' title='bbox 1227 2957 1410 2989; x_wconf 86' lang='lat' dir='ltr'>Vanucario</span> <span class='ocrx_word' id='word_1_594' title='bbox 1426 2954 1592 2995; x_wconf 80' lang='lat' dir='ltr'>(Sanctius</span> <span class='ocrx_word' id='word_1_595' title='bbox 1608 2953 1678 2992; x_wconf 87' lang='lat' dir='ltr'>de),</span> <span class='ocrx_word' id='word_1_596' title='bbox 1695 2952 1816 2982; x_wconf 85' lang='lat' dir='ltr'>archid.</span> <span class='ocrx_word' id='word_1_597' title='bbox 1834 2951 1963 2980; x_wconf 83' lang='lat' dir='ltr'>Mensae</span> <span class='ocrx_word' id='word_1_598' title='bbox 1984 2949 2019 2978; x_wconf 91' lang='lat' dir='ltr'>in</span> <span class='ocrx_word' id='word_1_599' title='bbox 2040 2957 2085 2979; x_wconf 90' lang='lat' dir='ltr'>ec.</span> <span class='ocrx_word' id='word_1_600' title='bbox 2103 2949 2231 2987; x_wconf 81' lang='lat' dir='ltr'>Pampi-</span> 
     </span>
     <span class='ocr_line' id='line_1_101' title="bbox 1267 3008 1499 3041; baseline -0.017 0"><span class='ocrx_word' id='word_1_601' title='bbox 1267 3010 1395 3041; x_wconf 86' lang='lat' dir='ltr'>lonensi</span> <span class='ocrx_word' id='word_1_602' title='bbox 1412 3008 1499 3038; x_wconf 84' lang='lat'>6127.</span> 
     </span>
    </p>
   </div>
  </div>
 </body>
</html>
