2393 3496
248 326 323 356 1024

319 394 434 422 Ψιῗῦ

291 457 490 485 ..abbatissae
499 461 524 484 et
536 455 995 484 conventuinionasteriiSancti
1004 456 1136 485 Servatii
1145 456 1178 484 de
1187 457 1256 490 Oue-

248 508 455 546 delinyebnrcb
469 531 477 544 ‚
497 509 614 536 ordinis
635 508 665 537 S.
690 509 876 544 Anynstini,
896 509 1154 537 Halberstadensis
1176 509 1257 538 dioe-

246 563 337 596 cesis,
361 561 538 596 libertates,
556 561 776 589 immunitates
794 564 822 589 et
841 561 1057 599 exemptiones
1075 561 1255 593 confirmat.

290 625 302 640 ι
323 613 402 643 Cum
423 621 441 642 a
461 613 589 642 nobis...
614 630 651 634 —
671 613 742 641 Dat.
764 613 880 649 Reate,
898 623 916 642 x
934 613 1088 643 kalendas
1106 615 1254 652 augusti,

248 674 334 696 anno
351 666 464 704 primo.
486 678 497 691 ι
515 666 665 704 (Formi,
684 665 807 705 22756.)

833 393 920 426 Rieu,
941 393 974 420 23
992 393 1087 427 juillet
1109 392 1185 419 1288.

316 838 433 866 ’24⁶0’ss
871 839 959 873 Rieti,
982 841 997 866 5
1015 841 1084 867 nont
1104 840 1182 868 1288.

290 902 422 935 Pernae,
453 902 629 937 abbatissae,
665 908 691 931 et
722 905 885 932 conventui
915 905 1097 933 monasterii
1128 904 1256 934 Sanctae

245 956 351 984 Annae
373 956 407 984 tie
428 955 558 984 Nuceria
586 955 851 991 Christianorum,
874 957 993 985 ordinis
1018 957 1049 986 S.
1075 958 1252 994 Auynstini,

242 1007 459 1038 salernitanae
475 1009 623 1044 dioecesis,
640 1009 750 1039 omnia
764 1010 847 1040 hona
863 1018 944 1048 quae
963 1009 1064 1040 bonae
1080 1011 1254 1041 memoriae

245 1061 371 1097 Petrus,
382 1061 425 1091 Ca
432 1061 534 1100 pudaq
541 1062 648 1091 nensis
655 1062 831 1101 episcopus,
845 1062 924 1092 huic
933 1063 1253 1102 monasteriolegavit

239 1114 419 1145 confirmat.

285 1180 297 1194 ιι
316 1168 435 1198 Petilio
451 1172 554 1197 vestra
573 1168 701 1199 nobis...
722 1186 756 1190 —
779 1169 850 1199 Dat.
869 1169 978 1206 Reate,
1000 1170 1094 1200 nonis
1109 1171 1248 1209 augusti,

240 1230 327 1252 anno
343 1222 456 1260 primo.
477 1234 490 1247 υ
513 1222 661 1260 (Poma,
680 1222 804 1261 22762.)

313 1394 427 1422 ’74ξῖ
851 1395 938 1429 Rieti,
960 1396 991 1423 12
1011 1398 1079 1424 aoat
1101 1397 1178 1425 1288.

284 1480 303 1487 ..
326 1459 426 1495 priori
443 1458 581 1496 generali
602 1463 629 1488 et
651 1459 802 1495 fratribus
824 1460 945 1488 ordinis
959 1460 1066 1489 Beatae
1080 1461 1195 1490 Mariae
1216 1462 1252 1492 de

239 1511 337 1540 Monte
354 1511 487 1541 Carmeli
503 1511 665 1541 libertates
683 1515 712 1541 et
727 1512 949 1542 immunitates
963 1521 981 1542 a
998 1514 1250 1552 praedecessori-

239 1564 299 1595 bus
314 1565 381 1594 suis
397 1573 563 1595 concessas
579 1566 757 1595 confirmat.

285 1630 298 1644 «
317 1617 403 1647 Solet
421 1627 566 1648 annuere
586 1618 714 1648 sedes...
731 1635 769 1641 —
781 1619 852 1648 Dat.
869 1620 978 1655 Reate,
994 1629 1015 1649 11
1027 1619 1098 1650 idus
1109 1621 1248 1659 augusti,

238 1679 324 1702 anno
341 1672 455 1710 primo.
476 1683 489 1698 »
506 1672 657 1710 (Pomm,
676 1671 801 1710 22771.)

308 1845 425 1873 ’7428
853 1845 940 1879 Rieti,
959 1846 990 1873 13
1007 1847 1075 1874 aout
1095 1847 1173 1875 1288.

278 1930 298 1938 ..
321 1909 387 1945 regi
403 1908 531 1945 Anyliae
546 1907 750 1938 commendat
766 1907 938 1938 Alfonsum
953 1932 959 1945 ‚
981 1918 1076 1948 quem
1096 1909 1246 1941 Valascus

234 1960 375 1990 Gometii
391 1960 430 1990 de
444 1960 642 1998 Portugalia‚
655 1961 780 1991 ordinis
793 1961 968 1998 minorum,
983 1962 1060 1992 dum
1072 1963 1105 1992 in
1120 1963 1246 1994 saeculo

230 2018 423 2049 moraretur,
451 2023 487 2043 ex
513 2013 658 2052 legitima
679 2023 777 2045 uxore
804 2014 935 2052 habuit,
962 2016 1083 2055 quique
1105 2016 1138 2045 in
1164 2021 1246 2046 terra

232 2068 322 2105 regio
340 2067 486 2097 dominio
502 2068 643 2106 subjecta
660 2068 790 2098 habitat.

274 2133 288 2148 «
312 2122 411 2159 Rogie
430 2121 610 2151 devotionis
633 2122 839 2152 sinceritas...
857 2139 895 2144 —
915 2122 986 2152 Dat.
1005 2123 1120 2160 Reate,
1139 2123 1245 2154 idibus

231 2176 372 2212 augusti,
389 2184 475 2204 anno
494 2175 607 2214 primo.
629 2187 641 2201 υ
660 2175 811 2213 worm„
828 2174 953 2214 22772.)

303 2354 420 2382 2429
842 2354 931 2388 Rieti,
956 2356 985 2382 13
1005 2357 1073 2382 aoiit
1095 2356 1171 2383 1288.

272 2438 293 2446 ..
314 2418 414 2446 abbati
437 2417 542 2446 Sancti
564 2418 700 2452 Auberti,
729 2441 747 2447 ..
773 2418 883 2446 decano
908 2418 1013 2447 Sancti
1035 2418 1196 2457 Ganyerici
1217 2425 1243 2450 et

229 2471 377 2507 niayistro
394 2471 566 2506 Franconi‚
586 2471 731 2499 canonico
756 2470 1038 2508 cameracensibus,
1058 2472 1189 2501 mandat
1209 2477 1243 2502 ut

228 2531 357 2553 causan]
376 2523 460 2552 inter
473 2523 635 2561 judicem,
653 2522 816 2559 consules,
836 2523 982 2554 scabinos
998 2529 1029 2553 et
1046 2524 1239 2556 universita—

228 2581 291 2606 tem
315 2576 422 2615 oppidi
446 2576 702 2612 'si-emoniensis,
728 2581 876 2615 patronos
898 2577 1105 2607 ecclesiarum
1130 2587 1239 2617 parro-

229 2630 382 2660 chialinni
413 2630 546 2659 Sanctae
574 2630 694 2658 Mariae
726 2634 756 2659 et
780 2630 886 2659 Sancti
912 2630 1036 2660 Nicolai
1068 2635 1098 2661 et
1131 2631 1240 2662 altaris

227 2684 337 2714 Sancti
354 2684 515 2713 doli-annis
532 2683 692 2721 Baptistae
708 2683 741 2711 in
759 2683 889 2713 ecclesia
902 2683 1010 2713 Sancti
1024 2684 1183 2723 Beyuoldi
1200 2686 1239 2716 de

227 2737 415 2772 Toemoum,
435 2736 638 2766 Coloniensis
655 2736 825 2772 dioecesis,
842 2746 879 2766 ex
896 2742 983 2774 parte
1003 2746 1082 2774 una,
1100 2742 1130 2767 et
1144 2737 1238 2768 deca-

227 2799 304 2820 num
330 2790 481 2820 ecclesiae
508 2790 641 2819 sauctae
664 2790 784 2819 Mariae
808 2790 847 2819 ad
872 2790 997 2820 Gradus
1018 2790 1234 2827 Coloniensis,

225 2843 305 2874 salso
323 2849 518 2873 asserentem
539 2853 571 2872 se
591 2843 837 2882 parroclnalinm
854 2843 1063 2873 ecclesiarum
1082 2848 1112 2874 et
1128 2844 1237 2874 altaris

224 2898 458 2936 praedictorum
478 2900 657 2935 patronum,
677 2906 711 2926 ex
727 2896 836 2932 altera,
855 2902 1031 2927 vertentem
1049 2897 1234 2928 decernant.

265 2963 278 2978 κ
305 2950 369 2980 Sua
394 2949 487 2980 nobis
510 2950 646 2987 judex...
670 2966 709 2971 —
730 2949 800 2979 Dat.
825 2950 942 2986 Reate,
963 2950 1068 2980 idibus
1091 2951 1234 2989 augusti,

224 3013 310 3034 anno
326 3006 439 3043 primo.
462 3016 475 3030 r>
493 3004 641 3041 (Pom-n„
658 3003 782 3042 22774.)

997 326 1232 357 REGISTRES
1256 326 1310 355 DE
1333 325 1517 356 NICOLAS
1540 328 1596 357 IV.

1413 394 1529 422 ’243⁰
1939 395 2036 427 Rieti,
2058 396 2090 423 13
2109 397 2175 424 aoht
2197 397 2275 425 1288.

1380 456 1496 484 Eisdem
1515 457 1659 486 eamdem
1676 466 1804 487 cansam
1819 458 1931 497 repetit
1946 457 2128 497 additque..
2142 459 2297 491 decanum
2315 466 2345 494 et

1340 508 1569 545 Godesridum,
1586 510 1779 540 canonicum
1801 510 1954 541 ecclesiae
1973 511 2081 541 Sancti
2101 511 2229 550 Georgii
2251 512 2343 546 Colo·
2380 510 2383 541 ὲ

1340 560 1480 597 niensis,
1505 571 1668 593 recusasse
1689 567 1722 593 ut
1744 568 1812 593 acta
1837 564 2023 594 communia
2050 573 2104 602 per
2128 573 2208 603 quae
2235 565 2344 598 eadem

1339 623 1433 644 cansa
1449 615 1661 646 instrueretur
1674 617 1706 646 in
1722 617 1941 647 authenticam
1955 618 2145 656 scripturam
2160 618 2343 657 redigeren-

1339 670 1389 696 tur
1408 672 1438 696 et
1457 673 1567 697 contra
1588 669 1762 707 praedictos
1781 670 1942 708 judicem,
1963 669 2129 706 consules,
2148 671 2294 702 scabinos
2313 675 2343 704 ot

1340 720 1583 750 universitatem
1594 722 1785 752 sententiam
1796 722 1941 761 iniquam
1956 722 2184 761 promulgasse.
2197 723 2343 764 Denique

1338 773 1383 802 eis
1399 773 1531 803 mandat
1546 777 1581 804 ut
1597 774 1682 813 quod
1698 775 1890 805 canonicum
1908 775 2004 805 fuerit
2019 776 2204 806 decernant.

1380 838 1393 853 α
1417 826 1481 856 Sua
1504 827 1596 857 nobis
1617 827 1753 867 judex...
1774 845 1812 850 -
1836 828 1908 858 Dat.
1934 828 2048 865 Reate,
2073 828 2179 859 idibus
2202 829 2340 871 augusti,

1337 887 1423 909 anno
1443 879 1559 917 primo.
1578 891 1591 906 ι»
1608 880 1761 918 (Pomm,
1778 880 1902 918 22775.)

1408 1065 1518 1094 '243¹
1953 1067 2043 1097 Rieti.
2063 1067 2094 1094 13
2110 1069 2178 1095 aout
2194 1067 2272 1096 1288.

1377 1129 1508 1166 ..priori
1519 1133 1545 1157 et
1556 1129 1706 1165 fratribus
1716 1129 1853 1158 ecclesiae
1862 1130 1990 1159 Sanctae
2000 1130 2116 1160 Mariae
2126 1135 2211 1160 extra
2221 1131 2343 1162 Portam
2385 1128 2387 1133 '

1337 1180 1474 1210 Becciani
1496 1181 1530 1211 de
1549 1187 1647 1211 castro
1668 1182 1782 1220 Plebis,
1801 1183 1922 1212 ordinis
1947 1183 1977 1213 S.
1997 1184 2179 1221 Auyustini,
2203 1184 2342 1216 clusinae
2391 1221 2393 1227 ⁴

1335 1234 1484 1264 dioecesis.
1501 1235 1617 1265 Eorum
1632 1235 1860 1274 protectionem
1873 1236 2008 1275 suscipit
2021 1236 2168 1276 bonaque
2180 1241 2212 1267 et
2224 1245 2342 1277 posses-

1333 1288 1439 1317 siones
1458 1288 1637 1319 confirmat.

1376 1352 1388 1367 ιι
1413 1341 1515 1371 Justis
1534 1342 1709 1380 petentium
1732 1342 1939 1372 desideriis...
1958 1360 1996 1365 —
2013 1343 2084 1374 Dat.
2106 1343 2219 1381 Reate,
2236 1343 2340 1376 idibus

1333 1394 1471 1432 augusti,
1492 1403 1578 1425 anno
1596 1395 1710 1434 primo.
1730 1407 1744 1422 ι)
1762 1395 1914 1434 (Pom-ff,
1934 1396 2058 1435 22776.)

1405 1580 1521 1609 ’2432
1951 1581 2040 1615 Rieti,
2058 1582 2090 1610 13
2107 1583 2175 1610 aaut
2191 1582 2269 1611 1288.

1376 1666 1394 1673 ..
1412 1645 1514 1680 priori
1527 1649 1553 1672 et
1568 1645 1720 1680 fratribus
1733 1645 1870 1674 ecclcsiae
1880 1645 2007 1675 Sanctae
2017 1645 2133 1675 Mariae
2145 1646 2180 1675 de
2190 1645 2339 1685 Caphaqt'o

1331 1696 1525 1726 Florentinae
1554 1702 1642 1726 extra
1667 1698 1791 1727 Portam
1816 1699 1935 1733 Ballae,
1961 1699 2082 1728 ordinis
2106 1698 2137 1728 S.
2162 1699 2338 1737 Augustini.

1332 1749 1448 1779 Eorum
1480 1750 1706 1788 protectionem
1734 1751 1869 1790 suscipit
1896 1750 2042 1790 bonaque
2067 1755 2097 1782 et
2125 1752 2338 1791 possessiones

1330 1802 1510 1832 confirmat.

1371 1869 1385 1883 «
1404 1856 1509 1886 Justis
1531 1857 1707 1895 petentium
1725 1857 1933 1888 desideriis...
1952 1873 1992 1880 —
2008 1857 2081 1888 Dat.
2099 1858 2215 1894 Reate,
2233 1858 2336 1890 idibus

1329 1910 1467 1948 augusti,
1484 1918 1571 1940 anno
1586 1909 1700 1949 primo.
1717 1922 1730 1937 ι
1749 1909 1901 1950 (Porta,
1921 1911 2046 1951 22777.)

1400 2096 1516 2125 '2433
1950 2097 2038 2129 Rieu,
2054 2097 2087 2125 23
2103 2098 2171 2125 aout
2188 2097 2265 2127 1288.

1368 2160 1544 2188 Monasterii
1562 2159 1595 2188 in
1618 2159 1803 2189 Watasassen
1820 2159 2044 2190 immunitates
2061 2160 2242 2192 confirmat.
2261 2160 2331 2191 Dat.

1327 2222 1345 2242 x
1360 2212 1514 2242 kalendas
1532 2212 1733 2251 septembris,
1749 2221 1835 2243 anno
1853 2213 1966 2252 primo.
1985 2214 2134 2251 (porra,
2152 2213 2277 2253 22780.)

2228 2300 2249 2321 D

1399 2406 1516 2434 '2434
1946 2406 2035 2441 Rieu,
2051 2406 2085 2434 26
2101 2407 2169 2434 aout
2185 2406 2262 2435 1288.

1368 2491 1387 2498 ..
1407 2470 1594 2506 praeposito,
1613 2490 1633 2498 ..
1651 2469 1761 2498 decano
1786 2474 1812 2498 et
1834 2492 1852 2497 ..
1873 2469 2050 2499 scholastico
2065 2470 2203 2499 ecclesiae
2217 2470 2328 2500 Dauen-

1325 2525 1446 2559 irensis,
1470 2523 1662 2559 Trajectensis
1680 2523 1835 2557 dioecesis,
1862 2522 1993 2552 mandat
2014 2527 2048 2552 ut
2071 2531 2200 2553 causam
2223 2522 2327 2553 decer-

1324 2582 1404 2607 nant
1415 2581 1591 2607 vertentem
1605 2577 1689 2606 iuter
1703 2577 1943 2606 universitatem
1953 2576 2063 2615 oppidi
2074 2576 2325 2614 Tremoniensh,

1323 2640 1358 2660 ex
1373 2635 1460 2669 parte
1478 2639 1551 2667 una,
1569 2634 1600 2660 et
1613 2630 1889 2669 archiepiscopum
1907 2629 2148 2666 Coloniensem‚
2165 2638 2200 2659 ex
2217 2629 2323 2666 altera.

1322 2684 1376 2722 qui
1393 2683 1587 2713 Theoderico
1603 2683 1642 2712 de
1658 2682 1774 2712 Altena
1788 2688 1818 2712 et
1834 2683 1982 2719 Roberto‚
1998 2683 2162 2713 canonicis
2177 2681 2326 2713 ecclesiae

1321 2737 1526 2773 Susatiensis,
1545 2736 1748 2766 Coloniensis
1764 2736 1929 2772 dioecesis,
1947 2741 1978 2766 et
1995 2735 2188 2767 Godescalco
2203 2736 2242 2766 de
2259 2735 2325 2766 Mo·

1320 2791 1501 2828 lengassen,
1528 2790 1642 2820 clerico
1666 2788 1863 2825 Coloniensi,
1886 2789 2046 2820 commisit
2068 2793 2104 2820 ut
2125 2790 2324 2829 inquirerent

1319 2843 1357 2873 de
1373 2852 1521 2882 processu
1539 2843 1676 2872 Ertmari
1700 2843 1738 2873 de
1756 2842 1958 2882 Sunthcym,
1976 2841 2050 2873 laici
2069 2843 2175 2882 oppidi
2195 2842 2322 2872 Tremo·

1319 2897 1453 2927 niensis.

1360 2963 1373 2978 «
1394 2951 1457 2980 Sua
1474 2950 1713 2988 nobisjudex...
1733 2966 1772 2971 —
1794 2950 1865 2979 Dat.
1891 2950 2006 2984 Reate,
2026 2958 2069 2979 vn
2085 2948 2238 2979 kalendas
2252 2955 2320 2987 sep-

1318 3004 1460 3041 tembris,
1478 3012 1564 3034 anno
1579 3004 1693 3042 primo.
1714 3014 1728 3029 »
1746 3003 1897 3042 (Pom-rii„
1915 3002 2039 3042 22783.)
