2393 3496
925 303 1177 349 QUATRIEME
1201 302 1355 341 ANNEE.
2125 318 2181 347 775

97 380 282 420 gravamine
302 383 333 409 et
350 379 390 409 ab
407 379 517 409 eodem
534 379 690 409 cardinali
708 380 747 409 ad
768 380 875 410 sedem
896 379 1097 418 apostolicam

98 433 287 473 appellante,
304 432 390 462 idem
406 432 608 470 predecessor
630 432 787 463 cardinali
809 433 974 462 mandavit
994 432 1098 461 eidem

99 492 143 524 ut,
159 485 370 525 appellatione
388 494 453 515 non
472 485 616 515 obstante
632 486 781 525 predicta,
800 486 833 515 in
851 486 976 524 negotio
991 493 1097 523 proce-

98 539 186 570 deret
201 537 379 577 principali.
394 537 538 568 Prefatus
557 547 628 568 vero
640 539 835 575 Leonardus‚
849 538 1098 576 appellationum

99 591 311 631 predictarum
334 590 494 629 pendente
514 592 654 629 negotio,
682 592 862 629 procuravit
884 601 937 629 per
961 591 1099 620 eundem

99 643 310 684 patriarcham
338 644 516 674 temeritate
545 644 744 683 dampnabili
771 644 957 674 electionem
985 644 1099 682 hujus-

99 697 185 728 modi
200 697 394 733 confirmari‚
413 701 443 726 et
460 702 603 735 pretextu
620 697 873 727 confirmationis
891 697 1002 736 ipsius,
1020 697 1101 726 sicut

99 751 262 790 episcopus
281 750 316 779 in
333 749 553 788 spiritualibus
570 756 600 780 et
617 750 843 788 temporalibus
857 751 1099 786 administrans,

99 804 271 844 predictam
286 803 454 833 ecclesiam
466 803 672 841 Clugiensem
689 805 722 833 in
741 804 874 834 diversis
892 804 1101 843 pecuniarum

98 857 235 888 summis
257 857 395 886 diversis
419 856 630 886 creditoribus
660 857 821 894 obligavit.
851 858 889 886 Et
914 857 988 886 licet
1016 857 1102 886 idem

99 909 311 950 predecessor,
332 909 437 939 eidem
454 909 618 947 Clugiensi
635 909 767 940 ecclesie
785 910 980 948 compatiens
997 918 1033 939 ac
1050 910 1102 938 in-

101 963 235 994 tendens
246 963 403 992 dictorum
419 962 610 1001 patriarche,
623 962 780 992 Leonardi
796 967 826 992 et
842 962 1012 992 electorum
1030 970 1102 991 suo-

99 1025 172 1047 rum
189 1015 376 1046 temcritatis
391 1015 552 1045 audatiam
573 1015 746 1051 refrenare,
766 1016 849 1045 dicto
866 1015 1030 1045 Leonardo
1046 1015 1103 1044 ad-

99 1069 370 1101 ministrationem
383 1069 586 1099 interdixerit
601 1069 646 1099 sic
658 1074 886 1108 presumptam,
898 1069 983 1098 idem
996 1072 1102 1098 tamen

99 1123 294 1160 Leonardus‚
313 1123 352 1152 ad
368 1122 490 1152 malum
507 1131 564 1152 suo
580 1122 698 1152 directo
715 1124 884 1162 proposito,
902 1122 1102 1161 postmodum

97 1175 208 1213 libros,
229 1175 409 1215 privilegia,
433 1176 648 1205 instrumenta
671 1175 809 1214 publica,
836 1175 999 1212 utensilia,
1026 1185 1102 1214 pan-

99 1238 171 1266 nos,
195 1233 386 1259 ornamenta
407 1228 620 1258 ecclesiastica
643 1233 672 1258 et
696 1228 852 1258 nonnulla
875 1228 937 1258 alia
957 1229 1039 1258 bona
1064 1228 1102 1258 ad

100 1282 310 1323 episcopalem
329 1282 438 1312 sedem
457 1281 663 1319 Clugiensem
681 1282 854 1320 spectantia
870 1282 908 1311 ab
925 1282 1035 1311 eadem
1054 1291 1104 1312 ec-

100 1336 196 1366 clesia
212 1340 330 1365 temere
344 1335 516 1374 asportavit
533 1339 563 1365 et
575 1344 612 1364 ea
625 1335 767 1364 detinere
783 1335 948 1372 presumit,
962 1344 998 1365 ac
1013 1335 1104 1364 dictis

99 1389 245 1428 episcopo
260 1393 290 1418 et
307 1388 438 1418 ecclesie
453 1388 622 1426 Clugiensi
640 1388 806 1417 restituere
821 1388 962 1417 indebite
978 1392 1104 1418 contra-

100 1442 188 1479 dicit,
203 1442 239 1471 in
259 1442 367 1471 anime
387 1450 444 1471 sue
462 1441 639 1480 periculum
661 1450 696 1471 ac
715 1441 788 1470 dicti
806 1441 943 1480 episcopi
962 1444 991 1470 et
1006 1441 1106 1479 ipsius

100 1495 234 1526 ecclesie
244 1494 458 1534 prejudicium
475 1499 506 1524 et
520 1503 705 1532 gravamen.
719 1494 823 1530 Quare
839 1494 923 1524 idem
942 1494 1106 1533 episcopus

102 1548 286 1587 Clugiensis
305 1548 396 1578 nobis
414 1547 582 1577 humiliter
597 1547 788 1586 supplicavit
799 1552 833 1577 ut
844 1548 945 1586 ipsius
961 1547 1107 1586 dicteque

104 1601 288 1640 Clugiensis
305 1601 439 1631 ecclesie
456 1601 683 1640 indempnitati
703 1601 868 1640 providere
886 1601 919 1630 in
942 1601 1001 1631 hac
1021 1605 1108 1640 parte

103 1655 354 1685 misericorditer
374 1663 572 1684 curaremus.
592 1654 749 1690 Quocirca
769 1654 959 1684 fraternitati
981 1659 1034 1684 tue
1054 1664 1109 1693 per

104 1707 273 1748 apostolica
292 1708 408 1747 scripta
430 1708 622 1737 mandamus
639 1711 807 1746 quatenus,
825 1708 851 1737 si
873 1708 930 1738 tibi
947 1708 986 1738 de
1001 1708 1107 1746 plano,

104 1761 174 1792 sine
195 1761 328 1799 strepitu
350 1765 380 1791 et
402 1761 506 1799 figura
524 1761 637 1800 judicii
665 1762 841 1791 constiterit
867 1762 905 1791 de
932 1763 1106 1800 premissis,

103 1815 282 1855 predictum
297 1815 512 1850 Leonardum‚
526 1815 610 1853 quod
626 1815 752 1845 eosdem
767 1812 948 1854 episcopum
964 1819 994 1845 et
1009 1815 1107 1845 eccle-

104 1869 185 1899 siam
198 1868 387 1907 Clugienses
408 1869 448 1899 ab
468 1869 655 1908 hujusmodi
671 1869 785 1898 debitis
803 1869 1051 1907 obligationibus
1073 1878 1108 1899 ac

102 1921 176 1953 aliis
200 1922 458 1962 quibuscumque
483 1931 538 1961 per
566 1931 640 1952 eum
667 1923 755 1952 sactis
780 1923 912 1953 omnino
940 1923 1052 1953 liberet
1079 1927 1109 1952 et

103 1981 269 2007 conservet
283 1975 486 2014 indempnes,
503 1985 539 2006 ac
556 1975 666 2011 libros,
683 1975 863 2014 privilegia,
880 1976 1107 2013 instrumenta,

103 2028 267 2066 utensilia,
283 2037 416 2068 pannos,
435 2033 624 2058 ornamenta
642 2033 672 2058 et
687 2028 748 2058 alia
766 2029 848 2059 bona
867 2029 1007 2067 predicta
1023 2028 1107 2067 epis-

91 2087 180 2121 'copo
201 2086 232 2112 et
251 2081 383 2112 ecclesie
403 2081 534 2120 prefatis
558 2081 627 2111 sine
645 2081 788 2120 qualibet
808 2081 993 2111 difficultate
1018 2081 1108 2110 resti-

104 2138 185 2172 tuat,
202 2138 237 2164 ut
252 2138 394 2171 tenetur,
411 2134 590 2165 monitione
607 2135 778 2173 premissa,
798 2144 854 2174 per
869 2143 1039 2164 censuram
1057 2142 1107 2163 ec-

103 2188 325 2225 clesiasticam,
345 2188 557 2227 appellatione
581 2192 714 2223 remota,
739 2188 848 2226 previa
875 2189 997 2218 ratione
1021 2196 1107 2218 com-

103 2241 213 2280 pellas.
240 2242 347 2272 Testes
375 2246 499 2279 antem,
526 2246 585 2273 etc.
617 2242 689 2271 Dat.
716 2241 800 2280 apud
828 2241 1110 2277 Urbemveterem,¹

103 2303 125 2324 v
142 2293 295 2325 kalendas
309 2294 456 2331 octobris,
473 2303 560 2325 anno
576 2299 698 2333 quarto.
720 2308 733 2319 υ

175 2473 431 2503 ὅθΰι-ὄῖὖξ

139 2535 272 2563 Declarat
292 2544 343 2571 per
357 2536 468 2563 litteras
489 2536 595 2571 quibus
619 2536 668 2567 13„
687 2535 784 2562 Sancti
809 2535 920 2562 Nicolai
941 2535 969 2561 in
989 2534 1110 2561 Carcere

103 2584 232 2612 Tulliano
253 2577 374 2612 diacono
395 2584 547 2618 cardinali,
572 2584 779 2619 protectionem
803 2583 993 2617 Margaretae.
1012 2583 1110 2609 uxoris

104 2632 246 2660 Guidonis
267 2633 302 2660 de
325 2633 503 2664 Monteforti,
520 2634 664 2660 commisit
690 2633 799 2659 nullum
820 2632 1027 2667 praejudicium
1049 2639 1111 2658 mo-

105 2683 230 2710 nasterio
246 2682 345 2709 Sancti
366 2683 515 2709 Ancstasii
531 2682 566 2708 de
582 2682 660 2709 Urbe
675 2683 704 2708 in
727 2682 872 2713 ecclesiis,
891 2682 1007 2712 castris,
1027 2681 1111 2707 terris

105 2733 135 2758 et
147 2731 219 2758 locis
234 2732 312 2763 aliis,
332 2731 415 2758 bonis
431 2734 459 2757 et
470 2731 588 2765 juribus
603 2731 835 2765 quibuscumque
851 2739 922 2765 quae
939 2730 1011 2756 infra
1025 2730 1110 2756 comi-

105 2782 195 2807 tatum
212 2779 390 2806 Soanensem
406 2780 491 2806 habet
506 2783 555 2806 aut
569 2780 597 2805 in
614 2779 732 2805 seudum
748 2786 800 2805 seu
815 2779 844 2805 in
867 2779 1036 2805 locationem
1051 2786 1110 2804 em-

105 2828 298 2864 phyteuticam
312 2832 400 2862 tenet,
417 2827 558 2863 generari.
578 2827 660 2859 (Rea.
677 2827 721 2861 46,
736 2835 761 2854 c.
779 2827 839 2858 383,
857 2827 875 2853 f.
892 2827 925 2854 76
941 2828 990 2860 τι)

699 2474 830 2506 Orvieto‚
845 2473 861 2499 2
876 2474 943 2499 aout
962 2472 1036 2500 1291.

152 2953 172 2960 ..
198 2931 301 2960 abbati
325 2934 350 2959 et
377 2931 536 2959 conventui
566 2930 744 2958 monasterii
771 2929 876 2958 Sancti
902 2929 1053 2958 Anestasii
1078 2928 1111 2957 de

109 2983 194 3013 Urbe.

1222 378 1356 408 Litterae
1383 379 1498 417 quibus
1526 388 1603 418 papa
1628 379 1677 416 B„
1704 379 1814 409 Sancti
1841 380 1965 410 Nicolai
1992 382 2026 410 in
2051 382 2182 413 Carcere

1181 430 1328 460 Tulliano
1341 431 1474 461 diacono
1486 432 1653 468 cardinali,
1671 432 1833 462 commisit
1847 434 2075 470 protectionem
2094 435 2182 465 Mar-

1181 488 1306 521 garetae
1319 489 1394 513 sunt
1409 484 1482 514 illae
1501 494 1508 515 ε

1736 531 1861 563 Orvieto,
1882 532 1912 558 10
1925 533 2018 566 juillet
2038 533 2112 560 1‘291.

1228 606 1241 620 ι(
1266 595 1432 632 Nicolaus,
1458 596 1622 634 episcopus
1648 605 1757 625 servus
1782 605 1947 626 servorum
1970 597 2040 626 Dei.
2062 597 2184 628 Dilecto

1185 658 1197 672 n
1221 646 1286 676 filio
1306 647 1487 685 Benedicto,
1506 648 1615 678 Sancti
1630 649 1657 677 N
1663 648 1757 678 icolai
1767 649 1800 678 in
1813 648 1945 679 Carcere
1957 648 2106 679 Tulliano
2119 650 2184 680 dia-

1184 711 1198 726 »
1222 708 1302 729 cono
1319 700 1486 736 cardinali,
1500 700 1634 730 salutem
1652 707 1682 731 et
1696 701 1900 740 apostolicam
1917 703 2182 732 benedictionem.

1185 763 1198 777 n
1224 752 1394 781 Pastoralis
1415 753 1511 782 officii
1529 753 1709 785 debitum...
1727 754 1810 784 Saue
1829 755 2065 785 considerantes
2082 760 2186 785 atten-

1186 816 1199 830 n
1225 804 1287 834 tius
1313 804 1407 843 quod.
1434 814 1507 834 cum
1532 805 1664 835 dilectus
1690 806 1778 836 filius
1805 807 1920 837 nobilis
1945 808 1994 837 vir
2016 808 2121 838 Guido
2147 809 2185 838 de

1187 870 1199 883 n
1225 858 1408 888 Monteforti
1424 859 1636 888 carceralibus
1653 859 1791 889 vinculis
1807 861 1845 890 ab
1865 861 2008 891 hostibus
2030 866 2183 897 teneatur,

1187 922 1200 936 »
1225 911 1370 948 regimen
1391 916 1421 940 et
1438 911 1617 941 custodiam
1635 912 1804 941 comitatus
1822 913 1935 950 Soane,
1953 914 2009 952 qui
2030 915 2068 943 ab
2088 915 2185 944 eccle-

1187 976 1201 990 »
1226 964 1272 993 sia
1285 973 1418 994 romana
1434 968 1559 994 tenetur
1576 965 1611 993 iu
1628 965 1776 1002 seudum,
1797 965 1917 1004 quique
1932 966 1970 995 ad
1988 966 2135 996 dilectam
2151 968 2186 996 in

1187 1029 1200 1043 n
1226 1016 1352 1046 Christo
1368 1017 1468 1046 filiam
1485 1017 1624 1047 nobilem
1640 1017 1809 1048 mulierem
1822 1019 2044 1056 Margaretam,
2056 1028 2187 1049 uxorem

1188 1080 1202 1096 »
1227 1079 1329 1106 suam,
1354 1079 1390 1099 ex
1420 1074 1550 1108 paterna
1580 1071 1777 1100 successione
1808 1071 1950 1106 devenit,
1982 1072 2187 1109 personaliter

1189 1134 1202 1148 r>
1227 1131 1372 1152 exercere
1406 1131 1470 1152 nou
1498 1128 1634 1162 potest...
1667 1123 1722 1153 tibi
1742 1125 1993 1162 procurationem
2023 1131 2053 1156 et
2078 1136 2189 1156 curam

1188 1186 1202 1201 »
1227 1175 1370 1213 ejusdem
1399 1176 1575 1213 Margarete
1600 1180 1631 1205 et
1656 1176 1825 1206 comitatus
1848 1178 1981 1215 predicti
2006 1183 2035 1208 et
2052 1179 2188 1209 aliorum

1189 1240 1202 1254 ι)
1227 1233 1413 1265 castrorum,
1427 1234 1584 1259 terrarum
1601 1235 1631 1259 et
1645 1229 1787 1260 locorum
1802 1230 1842 1259 ad
1855 1231 1992 1261 eundem
2007 1232 2189 1262 Guidonem

1190 1294 1203 1308 n
1228 1283 1349 1312 ratione
1371 1284 1478 1313 uxoris
1503 1288 1557 1313 aut
1585 1291 1714 1313 uxorem
1741 1284 1844 1322 ipsam
1871 1286 2079 1322 spectantium
2107 1287 2189 1316 circa

1190 1346 1204 1361 »
1228 1336 1413 1365 comitatum
1434 1336 1625 1374 predictum,
1643 1337 1809 1375 presertim
1829 1346 1902 1367 cum
1924 1339 2041 1377 prefata
2061 1340 2188 1377 Marga-

1192 1400 1205 1413 η
1230 1392 1296 1417 reta
1318 1393 1444 1427 propter
1461 1389 1519 1418 hoc
1544 1389 1634 1419 nobis
1657 1398 1711 1428 per
1734 1391 1862 1419 nuutios
1881 1396 1910 1420 et
1929 1390 2062 1428 litteras,
2083 1397 2134 1422 tuo
2154 1392 2188 1421 in

1192 1452 1205 1467 »
1231 1441 1276 1470 eis
1298 1450 1444 1480 expresso
1462 1442 1602 1478 nomine,
1623 1442 1743 1480 pluries
1763 1452 1835 1472 cum
1859 1443 2011 1473 instantia
2034 1445 2190 1483 supplica-

1193 1506 1205 1520 »
1232 1494 1288 1529 vit,
1303 1495 1498 1532 presentium
1510 1496 1693 1525 auctoritate
1704 1496 1944 1533 committimus,
1959 1501 1992 1526 ut
2007 1497 2041 1526 in
2056 1498 2190 1536 premis-

1193 1559 1207 1573 »
1232 1548 1274 1576 sis
1290 1548 1462 1577 ministerii
1480 1548 1730 1578 sollicitudinem
1746 1558 1801 1587 per
1818 1554 1846 1579 te
1862 1550 1910 1579 vel
1925 1550 2024 1580 alium
2042 1556 2096 1580 aut
2112 1551 2190 1581 alios

1194 1612 1207 1626 υ
1232 1601 1410 1639 exequaris.
1427 1601 1586 1631 Volumus
1604 1606 1709 1631 autem
1730 1607 1759 1631 et
1778 1607 1884 1632 nostre
1902 1603 2089 1633 intentionis
2109 1604 2189 1634 exis-

1194 1666 1207 1680 »
1234 1654 1270 1683 tit
1286 1658 1321 1683 ut
1339 1659 1448 1690 castra,
1473 1654 1626 1684 fortelicie
1648 1664 1683 1685 ac
1704 1663 1793 1685 rocce
1816 1656 1982 1686 comitatus
2005 1661 2035 1686 et
2053 1657 2191 1687 aliorum

1195 1718 1208 1733 r>
1231 1707 1445 1745 predictorum
1468 1707 1609 1737 locorum
1634 1708 1673 1737 ad
1697 1716 1775 1746 opus
1801 1713 1830 1738 et
1855 1709 2025 1739 utilitatem
2048 1710 2191 1748 ejusdem

1195 1772 1208 1786 n
1233 1760 1404 1798 Margarite
1422 1765 1451 1790 et
1471 1760 1625 1790 heredum
1642 1769 1772 1790 suorum
1788 1766 1818 1791 et
1836 1762 1946 1800 prefati
1962 1762 2117 1792 Guidonis
2137 1772 2189 1793 co-

1194 1824 1208 1839 »
1232 1813 1331 1849 mitis,
1357 1813 1419 1842 viri
1444 1814 1503 1848 sui,
1533 1818 1624 1852 prout
1649 1818 1766 1852 spectat
1791 1814 1831 1844 ad
1859 1816 1976 1853 ipsum,
2002 1825 2056 1853 per
2082 1816 2192 1846 fideles

1194 1877 1208 1892 υ
1233 1865 1382 1896 homines
1402 1871 1431 1896 et
1449 1867 1599 1897 vassallos
1620 1867 1788 1897 comitatus
1808 1868 1920 1906 ipsius,
1940 1878 1994 1907 per
2016 1869 2115 1907 ipsam
2138 1878 2190 1899 co-

1192 1931 1204 1945 »
1232 1920 1400 1955 massam,
1421 1920 1459 1949 de
1475 1924 1526 1950 tuo
1545 1925 1649 1950 tamen
1666 1920 1799 1950 consilio
1816 1926 1845 1950 et
1862 1930 2004 1956 assensu,
2023 1931 2190 1952 assumen-

1194 1985 1208 1999 ιι
1232 1973 1299 2009 dos,
1316 1978 1469 2011 regantur
1486 1978 1515 2003 et
1531 1973 1748 2004 custodiantur
1766 1979 1796 2004 et
1817 1974 1966 2004 fidelitate
1989 1975 2093 2005 debita
2116 1984 2192 2006 con-

1194 2037 1208 2052 »
1233 2031 1410 2056 serventur.
1424 2027 1530 2056 Liceat
1547 2036 1671 2066 quoque
1686 2027 1740 2057 tibi
1757 2031 1787 2056 et
1800 2028 1901 2057 eidem
1917 2029 2091 2066 Margarete
2105 2037 2191 2058 com-

1195 2090 1208 2104 »
1232 2079 1374 2108 muniter
1395 2079 1435 2108 ad
1458 2078 1599 2117 predicta
1621 2078 1751 2109 aliunde
1774 2080 1858 2109 viros
1880 2079 1988 2109 fideles
2013 2089 2189 2118 assumere,

1195 2144 1208 2159 x>
1232 2132 1259 2162 si
1286 2133 1320 2162 in
1344 2132 1404 2162 hoc
1428 2132 1553 2162 fueritis
1577 2132 1670 2162 ambo
1697 2132 1877 2162 concordes.
1907 2133 2039 2163 Fructus
2066 2138 2189 2169 autem,

1195 2199 1207 2210 ι»
1232 2185 1373 2215 redditus
1391 2189 1421 2215 et
1438 2190 1609 2223 proventus
1631 2186 1800 2215 comitatus
1821 2190 1851 2214 et
1873 2190 2046 2216 castrorum
2066 2190 2095 2215 et
2112 2186 2190 2216 alio-

1194 2250 1208 2265 »
1232 2247 1303 2268 rum
1329 2238 1472 2268 locorum
1501 2238 1731 2277 predictorum,
1756 2239 1899 2268 deductis
1924 2240 2070 2277 expensis
2093 2240 2191 2278 ipsius

1194 2303 1207 2318 τι
1231 2292 1408 2329 Margarete
1441 2292 1617 2321 secuudum
1652 2301 1707 2321 sue
1743 2292 1919 2322 nobilitatis
1954 2292 2130 2322 decentiam
2163 2297 2192 2322 et

1194 2356 1207 2371 »
1228 2346 1318 2383 juxta
1337 2349 1388 2374 tue
1409 2344 1612 2374 discretionis
1632 2345 1811 2381 arbitrium,
1828 2345 1869 2374 ad
1885 2354 1962 2383 opus
1980 2349 2009 2374 et
2024 2345 2191 2375 utilitatem

1194 2410 1207 2424 ι»
1232 2398 1332 2436 ipsius
1352 2397 1529 2435 Margarete
1545 2402 1575 2427 et
1590 2397 1744 2427 heredum
1763 2406 1894 2427 suorum
1914 2402 1944 2427 et
1959 2398 2071 2436 prefati
2092 2398 2191 2428 comi-

1194 2462 1207 2477 »
1233 2451 1272 2479 tis
1292 2450 1353 2479 viri
1373 2450 1436 2486 sui,
1453 2455 1545 2488 prout
1565 2454 1682 2488 spectat
1703 2451 1742 2479 ad
1763 2451 1867 2489 ipsum
1886 2455 1915 2480 et
1938 2451 2191 2489 redemptionem

1194 2516 1207 2530 n
1232 2504 1343 2542 ipsius,
1365 2504 1392 2533 si
1413 2513 1469 2533 sua
1494 2504 1591 2542 possit
1614 2504 1725 2534 haberi
1751 2504 1937 2542 redemptio,
1961 2509 2012 2534 tue
2034 2513 2069 2533 ac
2092 2504 2191 2543 ipsius

1195 2569 1208 2584 n
1233 2558 1409 2595 Margarete
1435 2557 1603 2595 diligentie
1636 2557 1740 2588 studio
1769 2562 2010 2588 conserventur.
2044 2558 2191 2587 Alienata

1195 2622 1208 2637 n
1234 2620 1317 2646 vero,
1335 2615 1494 2649 occupata,
1513 2611 1641 2640 detenta
1658 2611 1726 2640 sive
1744 2611 1892 2640 distracta
1907 2611 1945 2640 de
1960 2611 2191 2649 pertinentibus

1195 2675 1209 2690 n
1233 2664 1271 2693 ad
1289 2663 1426 2702 predicta
1441 2663 1567 2693 studeas
1584 2663 1623 2693 ad
1640 2660 1822 2699 utilitatem,
1839 2664 2008 2694 comodum
2024 2668 2053 2693 et
2071 2664 2190 2702 protec-

1196 2728 1209 2743 ι
1234 2720 1299 2746 tum
1319 2716 1462 2755 eiusdem
1482 2716 1641 2746 comitisse
1661 2721 1690 2746 et
1710 2716 1865 2746 heredum
1886 2725 2015 2746 suorum
2032 2722 2061 2745 et
2079 2716 2190 2755 prefati

1196 2780 1209 2795 ι)
1233 2769 1357 2798 comitis
1379 2769 1439 2798 viri
1462 2769 1525 2805 sui,
1548 2774 1640 2807 prout
1666 2773 1784 2808 spectat
1807 2769 1846 2798 ad
1867 2770 1987 2807 ipsum,
2014 2773 2063 2798 tua
2085 2768 2189 2797 solerti

1195 2833 1209 2847 n
1232 2821 1400 2859 diligentia
1416 2830 1600 2852 revocare...
1619 2822 1689 2851 Dat.
1703 2821 1786 2860 apud
1802 2821 2073 2853 Urbemveterem,
2090 2830 2119 2849 Vt
2137 2829 2190 2850 no-

1195 2885 1208 2899 n
1233 2882 1292 2903 nas
1304 2873 1391 2912 julii,
1409 2882 1494 2904 anno
1509 2879 1632 2912 quarto.
1653 2887 1666 2900 »

1235 2938 1248 2953 α
1274 2926 1384 2964 Nuper
1405 2926 1518 2956 dilecto
1539 2927 1644 2957 filio...
1664 2944 1702 2948 —
1722 2928 1792 2956 Dat.
1814 2926 1896 2965 apud
1916 2926 2186 2960 Urbemveterem‚

1193 2988 1239 3008 1111
1263 2987 1364 3009 nonas
1381 2980 1519 3017 augusti,
1536 2987 1621 3009 anno
1636 2983 1759 3018 quarto.
1780 2990 1792 3005 ιι
