2393 3496
877 312 1088 343 REGISTRE
1109 301 1325 341 CAMnRAL.
2088 307 2141 338 951

60 391 160 430 partes
180 385 251 415 illas
270 381 461 413 fiducialiter
481 385 682 411 transeuntes
700 390 735 410 ac
753 379 831 409 alias
850 379 969 409 inferre
988 386 1058 417 spo-

62 441 144 473 liatis
162 437 298 477 injurias
316 444 379 465 non
402 440 543 471 veretur,
565 446 579 461 »
597 434 673 464 citet
689 437 720 463 ut
738 433 822 463 infra
837 436 905 462 octo
924 432 992 461 dies
1008 438 1058 460 co-

62 503 127 526 ram
144 491 215 523 sede
229 489 398 529 apostolica
412 492 601 527 compareat.

104 559 116 574 «
133 544 282 576 Pervenit
296 543 335 572 ad
353 551 447 572 nos...
467 559 503 563 —
521 542 592 571 Dat.
611 541 720 578 Reate,
739 550 759 570 v
774 539 954 578 idusjunii.
976 550 988 565 n

134 743 249 774 ’2043
700 738 788 771 Rieti,
805 739 821 766 9
834 739 896 773 juin
916 737 992 764 1288.

99 806 243 838 Mathaeo,
261 803 382 829 Sanctae
402 801 509 828 Mariae
532 801 560 827 in
578 800 711 833 Porticu,
728 804 755 826 et
773 799 944 829 Benedicto,
969 798 1066 825 Sancti

66 854 172 885 Nicolai
187 854 214 880 in
231 851 350 878 Cat-cere
365 850 495 877 Tulliano
511 849 639 876 diaconis
656 849 859 879 cardinalibus,
877 847 1020 881 significat
1035 854 1066 872 se

66 912 164 933 eorum
179 903 286 929 litteras
303 901 461 935 recepisse,
479 908 586 934 eosque
603 902 684 933 rogat
701 902 730 924 ut
751 898 864 932 incepto
884 898 962 932 operi
979 897 1068 923 insis-

67 956 134 981 tant.
150 951 219 987 (Fol.
238 951 268 978 13
285 951 337 983 vo.)

106 1065 221 1097 Dilectis
239 1065 315 1103 filiis
337 1065 463 1100 Matheo,
488 1063 595 1092 Sancte
610 1063 704 1091 Marie
722 1063 753 1091 in
774 1062 916 1097 Portica,
937 1066 963 1089 et
979 1062 1068 1090 Bene-

66 1121 153 1158 diolo,
171 1119 274 1149 Sancti·
289 1118 406 1148 Nicolai
420 1118 454 1146 in
472 1117 595 1146 Carcere
615 1116 756 1145 Tulliano
771 1116 907 1144 diaconis
923 1115 1069 1149 cardina-

66 1175 153 1205 libus.

108 1238 122 1252 u
140 1226 275 1255 Paterne
293 1223 500 1261 benignitatis
518 1222 671 1252 affectu...
691 1238 729 1243 -
748 1221 819 1250 Dat.
839 1225 872 1250 ut
889 1229 994 1259 supra.
1016 1232 1028 1247 n

139 1407 256 1454 ‘305⁰
690 1420 778 1453 Rieu,
799 1419 827 1445 12
840 1419 906 1454 juin
925 1419 1002 1446 1288.

105 1487 218 1514 Mandat
233 1488 264 1512 ut
279 1485 373 1512 nuntii
387 1483 488 1510 Jacobi
505 1483 666 1517 Aragonis,
684 1482 733 1517 qui
758 1482 867 1508 Romae
888 1485 970 1515 sunt,
989 1490 1074 1516 quam

69 1536 128 1564 cito
141 1535 176 1563 ad
190 1534 298 1562 curiam
314 1533 500 1569 apostolicam
517 1532 643 1558 veniant.
661 1531 731 1565 (Fol.
749 1531 780 1557 ι13
797 1537 846 1562 v⁰.t

114 1652 221 1682 Dilecto
235 1650 300 1688 filio
312 1649 408 1679 nobili
418 1649 485 1678 viro
500 1648 636 1677 Bertolcio
650 1647 766 1684 delitiis
781 1648 859 1681 Ursi,
874 1648 1006 1676 senatori
1022 1647 1078 1676 Ur-

75 1704 128 1736 bis.
143 1716 156 1732 α
171 1703 349 1734 Affectione
361 1706 491 1740 paterna
504 1701 683 1738 recepimus
697 1699 819 1729 litteras
831 1708 909 1737 quas
921 1700 1012 1729 nobis
1025 1708 1079 1737 per

78 1782 99 1789 ..
117 1758 248 1788 latorem
268 1755 464 1795 presentium
481 1754 627 1784 direxisti
649 1757 679 1783 et
698 1762 808 1783 earum
826 1757 968 1783 tenorem
988 1752 1080 1792 pleno

77 1811 264 1849 collegimus
285 1808 466 1844 intellectu,
483 1807 708 1838 sollicitudinis
729 1811 780 1836 tue
800 1806 942 1836 studium
967 1811 1081 1845 tueque

75 1863 369 1903 circumspectionis
377 1862 569 1891 industriam
580 1860 800 1899 multipliciter
808 1860 1080 1890 commendantes.

76 1919 143 1949 Nos
163 1922 270 1948 autem
285 1941 291 1953 ,
314 1925 410 1954 super
430 1915 596 1945 nonnullis
617 1913 776 1945 contentis
792 1914 826 1942 in
842 1913 955 1943 litteris
972 1923 1083 1952 snpra-

74 1971 184 2007 dictis,
202 1978 274 2000 cum
293 1968 484 2008 quibusdam
505 1976 541 1997 ex
564 1967 716 1997 fratribus
739 1968 855 1997 nostris
876 1967 1083 2004 diligentibus

77 2023 194 2055 bonum
219 2027 249 2052 et
270 2022 439 2060 pacificum
462 2024 579 2050 statum
604 2020 700 2050 Urbis
717 2019 947 2049 deliberatione
969 2020 1083 2058 preha-

79 2077 144 2109 bita
166 2075 334 2113 diligenti,
359 2074 413 2104 tibi
430 2083 525 2112 super
543 2074 589 2103 eis
610 2078 718 2102 tenore
737 2072 932 2111 presentium
954 2081 1084 2111 respon-

78 2130 206 2166 dentes,
230 2129 378 2158 volumus
401 2131 431 2157 et
453 2127 614 2157 nobilitati
637 2130 688 2156 tue
706 2136 762 2165 per
782 2126 953 2164 apostolica
971 2126 1085 2164 scripta

80 2184 271 2215 mandamus
295 2181 617 2222 quatinus,⁷sublato
639 2190 727 2211 more
750 2181 935 2219 dispendio,
964 2181 1085 2210 nuntiis

80 2238 206 2274 Jacobi,
224 2237 290 2267 nati
306 2236 468 2275 quondam
488 2235 591 2271 Petri,
609 2235 686 2265 olim
703 2235 787 2272 regis
807 2236 992 2272 Aragonum
1007 2258 1013 2271 ,
1031 2234 1086 2273 qui
1118 2254 1120 2257 f

81 2300 181 2330 nuper
202 2300 274 2320 cum
298 2290 421 2320 duabus
443 2288 543 2327 galeis
561 2292 591 2318 et
610 2288 704 2318 unico
723 2288 855 2325 galeone
872 2291 1087 2325 pervenerunt

83 2344 121 2374 ad
137 2344 269 2380 Urbem,
286 2346 380 2382 prout
396 2342 504 2372 eedem
521 2341 627 2371 littere
643 2341 839 2376 retulerunt,
857 2340 1021 2370 curialiter
1037 2339 1085 2369 di-

83 2407 133 2428 cas
155 2407 209 2428 seu
230 2397 293 2426 dici
314 2396 411 2426 facias
433 2399 463 2425 et
481 2403 629 2434 procures
650 2394 783 2424 omnino
805 2398 839 2423 ut
855 2393 915 2432 ipsi
935 2392 1040 2430 galeas
1059 2395 1088 2422 et

84 2450 248 2489 galeonem
277 2449 433 2488 predictos
462 2447 571 2478 reduci
600 2447 718 2477 faciant
747 2446 828 2476 ultra
857 2445 1088 2475 monasterium

79 2503 191 2534 Sancti
201 2502 294 2533 Pauli
304 2501 453 2541 ibiquein
465 2501 573 2531 Tiberi
585 2504 836 2535 commorentur,
847 2504 938 2538 prout
950 2503 1089 2537 tempore

82 2556 183 2587 felicis
204 2555 432 2586 recordationis
458 2555 596 2585 Honorii
621 2563 699 2593 pape
725 2552 831 2589 ΙΠΙῑῑ,
857 2553 1089 2592 predecessoris

84 2610 192 2647 nostri,
207 2609 241 2639 in
259 2618 333 2639 casu
349 2607 450 2638 simili
465 2608 583 2638 factum
600 2607 668 2643 fuit,
687 2606 835 2646 quodque
851 2606 963 2645 prefati
983 2605 1090 2635 nuntii

82 2671 179 2702 quam
202 2662 263 2692 cito
287 2665 435 2700 poterunt
459 2661 500 2691 ad
522 2660 729 2699 apostolicam
754 2659 862 2689 sedem
888 2659 1036 2689 studeant
1057 2667 1090 2688 se

84 2716 237 2753 conferre,
251 2724 290 2745 ne
304 2715 382 2745 forte
395 2723 483 2745 mora
497 2714 639 2753 ipsorum
655 2713 690 2742 in
708 2713 795 2743 Urbe
811 2712 991 2751 periculum
1007 2712 1091 2741 inibi

86 2769 182 2808 possit
199 2768 436 2808 quomodolibet
451 2776 616 2806 generare.
635 2767 683 2796 Tu
701 2775 787 2803 vero,
807 2771 969 2805 tamquam
986 2770 1091 2795 custos

86 2821 220 2861 pervigil
239 2826 268 2851 et
283 2824 423 2851 attentus
440 2821 524 2850 cirea
539 2820 727 2850 continuam
746 2819 834 2849 urbis
850 2818 1003 2857 prelibate
1019 2827 1091 2848 cus-

87 2874 216 2912 todiam,
236 2873 442 2912 vigilantiam
465 2877 495 2902 et
516 2872 766 2903 sollicitudinem
783 2871 936 2900 adhibeas
954 2870 1091 2908 diligen-

87 2930 162 2964 tem,
178 2932 213 2958 ut
226 2931 324 2957 status
340 2928 408 2966 ejus
423 2926 583 2965 pacificus,
601 2929 628 2954 te
642 2924 783 2961 custode,
798 2924 923 2954 favente
940 2923 1091 2960 Domino,

89 2980 124 3010 in
139 2980 245 3020 aliquo
259 2988 324 3010 non
341 2980 522 3009 turbetur...
542 2978 614 3008 Dat.
634 2977 742 3013 Reate,
760 2986 782 3006 11
798 2977 869 3006 idus
884 2976 983 3015 junii.
1004 2988 1016 3002 υ

1214 377 1325 406 ’ἵθόἱ
1757 374 1847 406 Rieti,
1866 375 1904 400 10⁷
1915 374 1979 409 juin
1997 374 2074 402 1288.

1178 439 1310 466 Nicolino
1326 439 1360 465 de
1376 439 1492 466 Camilla
1516 439 1667 466 rectoriam
1690 438 1857 464 Patrimonii
1875 437 1956 464 Beati
1972 436 2051 463 Petri
2066 444 2147 463 com-

1144 489 1240 516 mittit.
1253 488 1324 524 (Fol.
1343 488 1374 514 14
1391 489 1437 520 νῦ.)

1185 591 1305 627 [Dilecto
1331 592 1396 628 filio
1420 589 1579 628 magistro]
1609 590 1745 619 Nicolino
1773 589 1807 618 de
1831 589 1977 625 Camilla,
2005 589 2150 617 canonico

1146 643 1357 680 Ambianensi,
1376 644 1550 681 cappellano
1570 648 1688 679 nostro,
1708 643 1817 672 rectori
1839 641 2037 680 Patri[monii
2057 639 2150 679 Beati]

1147 697 1229 726 Petri
1247 699 1279 726 in
1298 698 1413 726 Tuscia.

1190 761 1205 777 «
1225 749 1313 779 Licet
1328 749 1366 778 de
1384 748 1558 786 singulis...
1579 764 1614 770 —
1631 748 1703 777 Dat.
1724 749 1832 785 Reate,
1851 747 1999 777 kalendis
2014 746 2110 786 junii.
2136 758 2151 773 »

1223 948 1341 978 *2052

1187 1010 1229 1037 De
1246 1010 1346 1037 eodem
1364 1010 1488 1043 negotio.
1506 1008 1577 1042 (Fol.
1595 1009 1626 1035 14
1643 1009 1690 1041 r0.)

1769 947 1856 977 Rieu,
1875 947 1913 972 ier
1923 948 1987 981 juin
2006 947 2082 974 1288.

1197 1112 1422 1142 Venerabilibus
1442 1112 1594 1148 fratribus
1615 1111 1756 1148 episcopis
1774 1115 1800 1139 et
1818 1110 1934 1139 dilectis
1950 1110 2026 1146 filiis
2041 1111 2159 1139 abbati-

1153 1166 1206 1194 bus
1218 1188 1224 1200 ,
1239 1163 1393 1202 prioribus
1409 1167 1435 1191 et
1453 1163 1646 1191 conventibus
1663 1162 1866 1191 Cisterciensis
1883 1166 1908 1190 et
1924 1162 2060 1190 aliorum
2074 1161 2160 1190 ordi-

1154 1227 1230 1247 num
1246 1226 1279 1247 ac
1296 1218 1427 1253 decanis,
1445 1217 1614 1255 prepositis,
1632 1216 1867 1251 archidiaconis,
1888 1215 2159 1253 archipresbiteris,

1151 1270 1303 1309 plebanis,
1322 1271 1467 1308 capitulis
1485 1276 1510 1299 et
1526 1271 1598 1299 aliis
1615 1270 1807 1299 ecclesiarum
1823 1270 1950 1306 prelatis
1965 1278 2017 1298 seu
2035 1270 2161 1298 rectori-

1156 1326 1209 1354 bus
1225 1325 1387 1361 ceterisque
1399 1325 1535 1361 personis
1548 1322 1760 1358 ecclesiasticis,
1775 1324 1917 1360 eatemptis
1929 1327 1954 1351 et
1969 1331 2030 1351 non
2044 1330 2162 1359 eremp-

1157 1379 1205 1414 tis,
1219 1386 1252 1406 ac
1264 1377 1423 1414 hospitalis
1435 1377 1677 1405 Jerosolitnitani
1693 1382 1717 1404 et
1735 1376 1848 1404 militie
1866 1376 1979 1413 Templi
1995 1374 2162 1412 mayistris‚

1154 1431 1376 1469 preceptoribus
1394 1439 1449 1467 per
1470 1431 1698 1459 Patrimonium
1718 1429 1799 1458 Beati
1815 1429 1896 1458 Petri
1916 1429 1948 1457 in
1969 1429 2074 1457 Tuscia
2093 1436 2164 1457 con-

1157 1485 1284 1513 stitutis.

1199 1549 1213 1564 α
1232 1537 1319 1566 Licet
1335 1537 1372 1566 de
1390 1536 1567 1575 singulis...
1584 1553 1622 1559 —
1643 1537 1711 1565 Dat.
1729 1540 1764 1565 ut
1782 1544 1888 1574 supra.
1908 1547 1921 1561 »

1233 1730 1352 1758 ’ἳο53

1198 1792 1241 1818 De
1257 1792 1357 1818 eodem
1375 1791 1499 1826 negotio.
1520 1790 1589 1823 (Fol.
1608 1790 1637 1816 14
1656 1791 1701 1823 1¹⁰.)

1778 1727 1865 1762 Rieti,
1883 1728 1922 1754 1⁶r
1935 1727 1999 1762 juin
2016 1727 2094 1754 1288.

1207 1895 1362 1923 Universis
1378 1894 1538 1929 nobilibus,
1558 1893 1750 1930 potestatibus
1764 1901 1813 1921 seu
1830 1893 2012 1928 rectoribus,
2033 1900 2167 1921 commu-

1164 1949 1312 1977 nitatibus
1332 1952 1357 1975 et
1378 1948 1632 1976 universitatibus
1652 1947 1813 1984 ceterisque
1830 1947 1966 1982 personis
1984 1945 2168 1974 secularibus

1165 2002 1338 2037 civitatum,
1352 2005 1523 2030 castrorum
1539 2005 1565 2028 et
1578 2000 1711 2028 aliorum
1727 1999 1859 2028 locorum
1873 2008 1928 2036 per
1942 1999 2168 2028 Patrimonium

1166 2055 1248 2084 Beati
1267 2054 1350 2082 Petri
1364 2054 1397 2081 in
1419 2053 1523 2082 Tuscia
1539 2053 1719 2082 constitutis.

1208 2119 1219 2133 u
1241 2106 1327 2136 Licet
1344 2106 1382 2135 de
1399 2105 1572 2143 singulis...
1592 2122 1630 2126 —
1649 2105 1718 2134 Dat.
1736 2109 1770 2134 ut
1788 2113 1892 2143 supra.
1912 2116 1925 2131 n

1241 2299 1356 2327 ποῖ-,4
1783 2297 1873 2330 Rieu,
1892 2297 2005 2331 terjuin
2023 2296 2099 2323 1288.

1204 2361 1346 2395 Regimen
1364 2360 1489 2386 civitatis
1511 2360 1650 2386 Reatinae
1670 2361 1792 2394 ejusque
1816 2360 1965 2386 districtus
1987 2359 2119 2386 Nicolino
2139 2359 2173 2385 de

1169 2410 1286 2437 Camilla
1301 2409 1463 2436 committit.
1480 2408 1551 2442 (Fol.
1571 2409 1601 2435 14
1618 2410 1669 2442 νο.)

1210 2513 1317 2542 Dilecto
1335 2513 1399 2549 filio
1416 2513 1563 2549 magistro
1579 2512 1717 2541 Nicolino
1733 2512 1767 2541 de
1784 2511 1926 2548 Camilla,
1944 2516 1997 2542 etc.

1212 2578 1226 2592 <1
1244 2565 1415 2604 Cupientes
1431 2568 1466 2594 ut
1483 2564 1633 2595 civitas...
1650 2582 1688 2586 —
1704 2564 1776 2594 Dat.
1795 2570 1950 2603 utsupra.
1970 2576 1984 2591 »

1246 2757 1362 2786 *2055

1210 2820 1252 2846 De
1268 2819 1368 2846 eodem
1385 2819 1509 2853 negotio.
1527 2818 1596 2850 (Fol.
1613 2819 1645 2845 14
1662 2820 1713 2851 v0.)

1792 2756 1878 2787 Rieti,
1897 2756 1934 2782 1²¹·
1947 2756 2010 2790 juin
2028 2755 2104 2782 1288.

1216 2922 1336 2951 Dilectis
1350 2920 1425 2957 filiis
1442 2942 1462 2949 ..
1477 2921 1627 2958 potestati,
1642 2921 1766 2949 consilio
1783 2925 1807 2949 et
1823 2920 1978 2949 communi
1993 2919 2136 2948 Reatinis.

1219 2986 1232 3001 α
1250 2975 1419 3013 Cupientes
1436 2976 1469 3002 ut
1486 2972 1634 3002 civitas...
1652 2990 1690 2994 —
1708 2973 1779 3002 Dat.
1798 2977 1832 3002 ut
1850 2981 1955 3010 supra.
1976 2984 1988 2998 n
