2393 3496
939 280 1192 326 QUATRIEME
1215 280 1372 318 ANNEE.
2147 289 2202 318 327

113 364 214 399 Marte,
234 362 273 390 ad
290 369 452 390 romanam
471 360 623 389 ecclesiam
638 360 725 389 nullo
744 360 842 388 medio
858 358 1048 396 pertinentis,
1065 364 1113 384 01·-

113 416 194 446 dim's
204 415 310 444 sancte
322 414 418 449 Clare,
431 413 625 442 Carnolensis
636 413 770 442 diocesis.
788 424 801 438 «
815 411 991 441 Desideriis
1003 411 1115 439 vestris

112 470 148 499 in
166 468 230 497 hiis
251 466 388 496 libenter
410 465 586 494 annuimus
609 474 671 503 que
694 464 829 494 salutem
850 464 1025 502 respiciunt
1042 464 1114 492 aui-

112 529 249 551 marum.
268 518 389 548 Vestris
406 519 505 556 igitur
522 518 807 557 supplicationibus
823 517 987 553 inclinati,
1009 522 1116 546 tenore

112 574 200 605 vobis
215 572 410 611 presentium
429 571 636 609 indulgemus
658 576 694 600 ut
716 570 892 610 presbyteri
915 570 971 608 qui
994 570 1033 599 ad
1057 579 1116 599 au-

112 626 264 657 diendum
289 625 507 654 consessiones
529 629 649 653 vestras
675 624 708 653 iu
731 624 797 653 foro
821 622 1021 662 penitentiali
1042 626 1116 651 sunt

114 679 163 709 vel
189 679 319 708 fuerunt
346 687 401 715 per
424 676 612 706 ministrum
640 677 764 707 ordinis
793 676 927 705 fratrum
950 675 1115 705 minorum

113 731 310 763 Turonensis
327 731 486 768 provintie
501 730 654 768 deputati,
670 730 818 768 quotiens
836 729 974 758 extiterit
988 732 1116 766 oportu-

113 794 203 822 num,
221 793 276 814 vos
291 785 476 813 auctoritate
493 787 600 812 nostra
615 783 654 812 ab
673 783 823 812 omnibns
842 781 978 820 peccatis
993 790 1054 819 que
1067 780 1116 818 ip-

113 839 156 868 sis
170 837 314 867 confesse
331 837 453 866 fueritis
469 835 631 865 absolvere
648 835 785 871 valeant,
804 835 955 873 vobisque
974 842 1029 872 pro
1048 842 1116 872 pec-

113 890 189 921 catis
212 889 290 928 ipsis
313 889 523 927 penitentiam
548 889 719 927 injungere
738 888 927 923 salutarem,
951 887 1016 916 nisi
1039 887 1116 916 sorte

114 943 186 974 talia
200 943 321 972 fuerint
339 947 465 981 propter
485 951 546 981 que
563 941 652 971 sedes
675 941 846 979 apostolica
860 942 899 970 sit
914 941 1027 970 merito
1044 949 1116 970 con-

112 997 256 1027 sulenda.
284 995 374 1026 Nulli
397 1004 486 1033 ergo,
504 999 563 1024 etc.
580 999 689 1024 nostre
705 994 938 1027 concessionis,
965 998 1022 1023 etc.
1044 993 1114 1022 Dat.

112 1049 195 1089 apud
207 1049 481 1085 Urhemveterem,
494 1058 526 1077 Vi
541 1048 694 1077 kalendas
704 1047 851 1083 octobris,
865 1055 951 1076 anno
966 1051 1088 1085 quarto.
1103 1058 1115 1072 »

182 1213 301 1243 814⁰

147 1276 212 1311 W„
229 1276 447 1303 Cameracensis
462 1277 628 1311 episcopus,
640 1276 675 1302 ab
692 1276 863 1302 executione
879 1275 1049 1309 pontificalis
1061 1275 1120 1301 offi-

113 1327 151 1353 cii
172 1329 202 1352 et
225 1326 376 1352 collatione
401 1324 607 1351 beneficiorum
634 1333 684 1359 per
712 1328 771 1351 tres
800 1332 892 1350 annos
921 1324 1118 1358 suspenditur⁴

115 1374 197 1407 (Rea.
214 1374 258 1406 46,
275 1382 300 1400 c.
317 1374 379 1408 551,
394 1373 413 1400 f.
435 1373 546 1405 1091-0.)

657 1212 788 1243 Orvieto‚
806 1212 820 1239 3
835 1212 952 1239 octobre
973 1211 1047 1239 1291.

153 1477 198 1506 Ad
216 1481 394 1513 perpetuam
415 1478 462 1505 rei
482 1477 675 1504 memoriam.
696 1487 708 1501 ιι
727 1475 826 1506 Solita
849 1475 932 1505 sedis
952 1475 1121 1513 apostolice

113 1529 285 1566 rectitudo,
301 1529 361 1558 etsi
378 1529 502 1568 justitie
524 1528 647 1559 limites
664 1529 699 1558 in
718 1528 786 1558 suis
807 1529 931 1558 studeat
952 1528 1121 1559 observare

113 1581 325 1620 processibus,
341 1590 359 1610 a
377 1581 595 1611 misericordie
613 1586 718 1611 tamen
735 1582 884 1620 operibus
903 1590 967 1612 non
984 1581 1118 1617 recedit,

115 1638 149 1664 ut
164 1639 196 1664 et
209 1635 292 1664 circa
307 1634 487 1664 devotionis
506 1634 590 1664 filios
612 1644 674 1673 que
695 1640 771 1664 sunt
790 1635 901 1664 matris
921 1635 1068 1664 exhibeat
1092 1639 1122 1664 et

113 1687 338 1717 indevotorum
364 1696 528 1723 excessus,
557 1692 590 1717 ut
612 1692 744 1717 conatus
768 1688 911 1723 ipsorum
937 1688 1121 1718 temerarios

113 1741 277 1779 reprimat,
295 1748 362 1769 non
377 1740 503 1770 omittat
519 1740 568 1770 vel
586 1740 710 1770 deserat
725 1741 912 1779 impunitos.
931 1741 1062 1771 Dudum
1081 1741 1121 1770 si-

114 1794 244 1833 quidem
271 1793 311 1822 ad
333 1798 476 1823 nostram
500 1793 620 1832 perlato
645 1794 791 1824 notitiam
817 1795 900 1832 quod
927 1794 1120 1824 venerabilis

113 1847 211 1877 frater
226 1850 333 1876 noster
353 1846 427 1882 W.‚
451 1846 690 1876 Cameracensis
707 1849 887 1885 episcopus,
908 1847 1083 1886 pontificali
1102 1857 1120 1877 a

114 1909 148 1931 se
163 1899 319 1930 modestia
333 1900 460 1938 penitus
476 1899 628 1939 relegata,
651 1900 776 1939 sibique
795 1900 950 1930 associata
968 1909 1031 1931 non
1050 1910 1119 1931 mo-

113 1953 182 1983 dica
206 1952 416 1982 multitudine
440 1958 657 1989 armatorum,
684 1953 718 1982 in
745 1953 960 1983 venerabilem
987 1954 1119 1983 fratrem

114 2010 260 2037 nostrum
281 2006 485 2043 Johannem,
510 2007 695 2045 episcopum
719 2007 956 2044 Tusculanum,
987 2012 1061 2037 tunc
1084 2008 1119 2036 in

89 2080 93 2083 -
111 2060 254 2098 partibus
269 2059 335 2089 illis
360 2059 533 2098 apostolice
557 2060 640 2089 sedis
660 2059 819 2098 legatum,
843 2065 873 2090 et
894 2060 1017 2090 nobiles
1036 2061 1119 2091 viros

112 2113 282 2143 Nicolaum
294 2136 302 2149 ‚
320 2113 450 2142 fratrem
465 2137 471 2148 ,
489 2113 690 2143 Nicolutium
706 2122 742 2143 ac
760 2113 997 2150 Audi-eutium,
1020 2123 1118 2152 nepo-

115 2170 170 2203 tes,
187 2170 218 2195 et
231 2165 310 2195 alios
326 2165 499 2195 familiares
523 2166 625 2204 ipsius
638 2189 646 2203 ,
673 2170 748 2196 tunc
771 2167 804 2195 in
827 2167 954 2196 civitate
969 2167 1118 2197 Camera-

112 2219 199 2248 censi
224 2224 402 2255 morantes,
428 2219 557 2249 insilire
581 2224 831 2258 presumpserat,
854 2225 884 2250 et
908 2220 992 2259 quod
1017 2220 1120 2259 ipsius

111 2270 208 2309 legati
232 2271 390 2302 hostiliter
412 2272 578 2309 ingressus
602 2273 795 2311 hospitium,
816 2273 933 2303 exertis
953 2273 1068 2311 gladiis
1091 2277 1120 2303 et

111 2330 220 2354 contra
226 2325 252 2363 ej
259 2333 295 2354 us
301 2325 510 2362 personamin
519 2325 626 2355 furore
638 2325 782 2362 vibratis,
790 2326 926 2364 prefatos
935 2326 1118 2361 Nicolaum,

112 2385 207 2416 quem
230 2376 404 2406 cardinalis
425 2377 494 2415 ipse
511 2386 568 2416 pro
586 2377 637 2407 sui
657 2378 754 2408 tutela
767 2379 851 2408 inter
869 2380 937 2417 ejus
952 2379 1120 2418 amplexus

114 2434 189 2459 tunc
214 2430 351 2468 positum
373 2430 454 2469 (sic),
475 2438 510 2460 ac
530 2430 729 2461 Nicolutium
755 2431 826 2470 capi
851 2437 881 2461 et
903 2432 1119 2461 Audi-eutium

113 2484 254 2522 graviter
272 2493 329 2522 per
354 2492 428 2513 suos
450 2483 603 2514 satellites
625 2485 741 2514 fecerat
763 2484 947 2521 vulnerari,
970 2484 1120 2523 quodque

112 2537 191 2575 ipse,
208 2538 446 2575 presumptione
463 2537 649 2575 hujusmodi
664 2546 730 2568 non
748 2542 927 2575 contentus,
947 2542 1056 2568 contra
1072 2538 1120 2567 le-

113 2594 223 2628 gatum
235 2593 266 2619 et
279 2589 436 2619 familiam
450 2590 646 2629 supradictos
658 2591 796 2620 furentis
813 2591 956 2629 nequitie
972 2591 1120 2620 relaxatis

114 2641 263 2679 habenis,
283 2641 356 2672 illos
371 2643 406 2672 in
423 2643 552 2672 civitate
569 2643 721 2682 predicta,
739 2644 772 2673 in
790 2653 852 2683 qua
869 2643 1077 2683 spiritualiter
1092 2648 1122 2673 et

115 2695 328 2732 temporaliter
343 2696 382 2725 ad
396 2695 535 2725 eundem
544 2695 810 2726 Cameracensem
825 2698 1006 2735 episcopum
1017 2696 1120 2735 juris-

112 2747 210 2778 dictio
227 2747 345 2778 dicitur
361 2748 540 2787 pertinere,
556 2748 643 2778 velut
658 2749 759 2779 hostis
773 2750 937 2779 invaserat
957 2755 987 2779 et
1006 2749 1120 2788 obpro-

112 2799 217 2830 briose
240 2800 381 2840 fugarat,
401 2800 555 2830 adversus
577 2801 718 2839 legatum
740 2802 877 2831 eundem
900 2801 1121 2840 multiplicatis

111 2853 252 2892 inJuriis,
274 2853 480 2883 contumeliis
498 2858 528 2883 et
539 2855 684 2891 jacturis,
704 2855 932 2894 propterquod
951 2864 1005 2893 per
1022 2854 1121 2884 dilec-

114 2910 183 2936 tum
193 2905 297 2935 filium
314 2910 460 2936 nostrum
474 2906 519 2943 J„
535 2906 616 2935 tituli
632 2906 747 2936 Sancte
763 2907 882 2937 Cecilie
900 2908 1121 2946 presbyterum

112 2957 326 2996 cardinalem,
346 2962 422 2989 tunc
443 2959 478 2988 in
506 2967 605 2997 regno
633 2959 768 2990 Francie
793 2969 829 2991 ac
853 2960 1021 2991 nonnullis
1046 2959 1121 2989 aliis

1198 356 1340 393 partibus
1356 355 1526 393 legationis
1544 355 1732 392 fungentem
1749 353 1862 389 officio,
1883 354 1995 392 primo,
2015 360 2043 383 et
2062 364 2116 392 per
2134 355 2203 384 dic-

1200 414 1265 438 tum
1292 408 1509 438 Tusculanum
1531 408 1713 446 episcopum
1738 405 1937 445 postmodum
1959 406 2075 435 diversi
2104 407 2205 436 hahiti

1198 467 1272 491 sunt
1291 470 1465 500 processus.
1484 461 1550 491 Nos
1569 461 1683 498 igitur,
1702 459 1846 489 nolentes
1862 459 1945 497 quod
1962 459 2036 488 dicti
2052 459 2204 489 Camera-

1198 514 1303 544 censis
1328 514 1467 552 episcopi
1496 519 1559 543 tani
1586 513 1746 543 horrenda
1775 513 1935 541 temeritas
1962 516 1993 541 et
2021 512 2206 541 detestanda

1199 566 1393 605 presumptio
1417 566 1576 604 impunite
1600 566 1791 600 transirent,
1815 564 1999 603 episcopum
2021 564 2125 602 ipsum
2150 574 2206 602 per

1199 619 1396 648 venerabiles
1419 620 1530 648 fratres
1546 623 1669 648 nostros
1684 641 1704 648 ..
1724 618 1998 656 archiepiscopum
2011 618 2205 647 Reniensem

1199 678 1228 703 et
1248 694 1269 702 ..
1287 673 1540 702 Noviomensem
1557 672 1739 710 episcopum
1757 681 1791 700 ex
1811 676 1896 709 parte
1911 676 2017 700 nostra
2034 675 2206 709 perempto·

1199 726 1244 754 rie
1253 725 1342 754 citari
1355 725 1487 753 fecimus
1501 729 1533 752 ut
1546 724 1629 752 infra
1645 723 1890 760 quadrimestris
1901 722 2052 760 temporis
2066 722 2204 761 spatium

1198 783 1267 816 post
1280 777 1464 806 citationem
1483 776 1665 814 hujusmodi
1676 784 1781 804 coram
1798 776 1890 804 nobis
1904 775 2112 813 personaliter
2123 784 2206 805 com-

1199 839 1308 869 parere
1324 834 1465 864 curaret,
1481 830 1565 867 juste
1584 837 1638 866 pro
1656 828 1777 857 meritis
1795 833 1998 866 recepturus;
2016 837 2078 858 non
2098 829 2206 857 inten-

1199 884 1309 912 dentes
1333 881 1417 920 qnod
1442 884 1585 919 pretextu
1609 880 1768 909 citationis
1791 879 1978 917 hujusmodi
2004 880 2151 918 predictis
2171 881 2207 909 in

1199 937 1307 974 aliquo
1325 935 1531 972 derogaretur
1547 932 1758 971 processibus,
1777 933 1950 970 quominus
1967 933 2001 961 in
2022 942 2077 962 sua
2092 934 2206 971 persis—

1202 992 1303 1018 terent
1319 988 1480 1016 firmitate.
1501 988 1541 1015 At
1554 985 1638 1015 idem
1652 985 1891 1014 Cameracensis
1908 986 2072 1023 episcopus
2088 986 2126 1014 ad
2140 986 2208 1015 ino-

1199 1041 1398 1072 bedientiam
1419 1049 1451 1069 se
1471 1043 1673 1073 convertens,
1693 1039 1727 1066 in
1752 1038 1913 1075 assignato
1939 1038 1997 1067 sibi
2023 1038 2158 1067 termino
2179 1043 2209 1067 et

1201 1100 1269 1134 post
1292 1095 1397 1133 ipsum
1424 1092 1598 1122 terminum
1622 1091 1744 1120 diutius
1769 1094 1965 1128 expectatus,
1985 1099 2090 1120 coram
2118 1091 2209 1120 nohis

1197 1149 1288 1188 juxta
1301 1147 1488 1176 mandatum
1502 1144 1708 1184 apostolicum
1722 1152 1906 1181 comparere
1921 1143 2128 1182 personaliter
2142 1152 2207 1173 non

1201 1201 1334 1237 curavit,
1359 1199 1551 1239 quibusdam
1568 1197 1826 1236 procuratoribus
1842 1196 1909 1225 suis
1925 1196 1964 1225 ad
1982 1201 2121 1225 nostram
2139 1205 2206 1234 pre-

1202 1255 1338 1285 sentiam
1353 1252 1529 1287 destinatis,
1548 1251 1603 1290 qui
1618 1250 1657 1280 ad
1676 1249 1912 1279 excusationem
1931 1250 1999 1287 ejus
2016 1250 2210 1278 contumatia

1201 1309 1393 1342 innitentes,
1411 1305 1566 1345 quasdam
1584 1303 1782 1342 exceptiones
1798 1311 1902 1332 coram
1923 1302 2014 1331 nobis
2032 1302 2064 1331 in
2085 1302 2210 1340 scriptis

1203 1370 1379 1401 proponere
1393 1362 1598 1389 curaverunt.
1621 1357 1686 1387 Nos
1705 1365 1794 1391 vero,
1819 1355 2059 1394 exceptionibus
2082 1355 2161 1393 ipsis
2181 1361 2212 1384 et

1203 1415 1372 1454 qualitate,
1395 1413 1490 1443 modo
1508 1414 1538 1441 et
1557 1411 1659 1441 forma
1680 1411 1822 1448 ipsarum
1844 1413 1874 1438 et
1893 1409 2041 1438 omnium
2067 1408 2209 1447 proposi-

1205 1474 1309 1499 torum
1329 1477 1366 1497 ex
1382 1471 1469 1505 parte
1488 1465 1601 1505 prefati
1623 1462 1864 1493 Cameracensis
1890 1462 2028 1501 episcopi
2057 1462 2160 1499 quoad
2178 1461 2210 1490 id

1204 1531 1268 1553 una
1283 1530 1356 1552 cum
1374 1520 1524 1550 fratribus
1543 1518 1659 1548 nostris
1674 1516 1821 1554 diligenti
1835 1516 2072 1545 examinatione
2089 1515 2210 1544 discus-

1204 1578 1257 1611 sis,
1276 1584 1339 1609 eas‚
1353 1575 1391 1604 de
1407 1574 1541 1602 fratrum
1556 1572 1698 1610 ipsorum
1715 1569 1860 1606 consilio,
1879 1569 1987 1598 minus
2003 1568 2164 1606 legitimas
2181 1572 2213 1597 et

1202 1628 1362 1659 invalidas
1389 1630 1594 1664 reputantes,
1625 1624 1824 1662 exceptiones
1854 1622 1981 1651 easdem
2007 1630 2210 1660 nequaquam

1203 1682 1409 1717 admisimus,
1425 1679 1478 1709 sed
1498 1680 1581 1717 ipsas
1597 1678 1701 1716 potius
1718 1677 1868 1705 duximus
1886 1675 2100 1713 repellendas,
2118 1679 2148 1703 et
2165 1683 2211 1703 se-

1203 1736 1343 1775 pefatum
1358 1734 1623 1764 Cameracensem
1640 1730 1833 1768 episcopum,
1851 1728 1995 1766 exigente
2008 1728 2142 1766 justitia,
2161 1736 2211 1756 re-

1203 1789 1385 1828 putavimus
1401 1791 1431 1816 et
1446 1783 1729 1824 pronuntiavimus
1745 1787 1965 1812 contumacem
1980 1805 1986 1817 ,
2011 1790 2045 1810 ac
2071 1780 2211 1810 nichilo-

1203 1844 1311 1873 minus
1337 1842 1443 1880 ipsum
1469 1840 1508 1868 ab
1534 1837 1718 1867 executione
1738 1835 1970 1874 pontificalium
1991 1840 2021 1863 et
2043 1833 2211 1864 collatione

1202 1895 1434 1926 beneficiorum
1458 1892 1606 1922 omnium
1625 1890 1665 1919 ad
1683 1891 1752 1928 ejus
1775 1888 1975 1918 collationem
1999 1887 2210 1925 spectantium

1202 1950 1355 1980 duximus
1373 1944 1645 1985 suspendendum,
1664 1951 1799 1982 quorum
1816 1943 1964 1971 omnium
1980 1940 2210 1970 beneficiorum

1202 2003 1406 2034 collationem
1429 1999 1559 2029 interim
1582 1995 1753 2035 apostolice
1777 1995 1844 2024 sedi
1867 1995 2018 2023 duximus
2040 2001 2208 2022 reservan-

1202 2057 1294 2092 dam,
1311 2055 1517 2084 decernentes
1539 2059 1576 2080 ex
1596 2055 1672 2079 tunc
1690 2049 1816 2078 irritum
1836 2052 1865 2076 et
1882 2047 1980 2076 inane
2001 2046 2026 2075 si
2046 2054 2136 2074 secns
2155 2054 2210 2074 su-

1202 2120 1257 2149 per
1281 2106 1448 2138 beneficiis
1468 2105 1545 2143 ipsis
1563 2103 1710 2135 existeret
1737 2105 1970 2138 attemptatum.
1999 2100 2051 2134 Et,
2076 2099 2151 2128 licet
2175 2107 2211 2127 ex

1202 2163 1355 2203 qualitate
1381 2158 1612 2198 premissorum
1641 2155 1854 2194 potuissemus
1884 2154 2011 2191 gravius
2042 2151 2210 2191 procedere

1202 2222 1311 2247 contra
1326 2216 1443 2253 ipsum,
1462 2211 1603 2241 volentes
1624 2214 1684 2238 tam
1705 2209 1764 2237 sibi
1781 2216 1902 2245 suoque
1925 2206 2036 2244 generi
2058 2205 2097 2234 de
2119 2213 2210 2243 apos-

1203 2269 1295 2300 tolica
1309 2265 1506 2303 benignitate
1523 2263 1662 2298 deferre,
1680 2261 1837 2300 prefatum
1859 2260 2042 2298 episcopum
2059 2258 2209 2288 Camera-

1202 2330 1343 2357 censem,
1356 2328 1411 2358 per
1426 2316 1700 2354 archiepiscopum
1717 2319 1747 2343 et
1762 2313 2012 2343 Noviomensem
2027 2312 2210 2349 episcopum

1202 2374 1378 2405 antedictos
1408 2368 1619 2408 peremptorie
1644 2366 1734 2396 citari
1760 2365 1893 2395 fecimus
1919 2364 2033 2393 iterato
2064 2368 2097 2392 ut
2126 2362 2212 2391 infra

1202 2432 1337 2467 quatuor
1353 2432 1480 2454 menses
1500 2426 1568 2461 post
1581 2420 1765 2450 citationem
1781 2427 1891 2448 eorum
1908 2417 1966 2446 suh
1984 2426 2065 2455 pena
2081 2424 2211 2453 suspen-

1202 2480 1303 2511 sionis
1315 2477 1415 2508 osficii
1426 2481 1456 2505 et
1471 2474 1631 2510 beneficii,
1644 2482 1740 2512 quam
1754 2471 1931 2510 predictum
1946 2470 2209 2500 Cameracensem

1202 2535 1384 2573 episcopum
1407 2530 1435 2559 si
1459 2536 1568 2568 parere
1591 2529 1832 2564 contempneret
1856 2525 2022 2553 incurrere
2051 2521 2211 2551 voluimus

1203 2589 1270 2626 ipso
1286 2586 1380 2620 facto,
1397 2592 1430 2612 se
1446 2583 1554 2611 nostro
1571 2579 1753 2618 conspectui
1771 2576 1978 2616 personaliter
1995 2578 2189 2614 presentaret
2201 2597 2208 2609 ,

1203 2641 1344 2670 [acturus
1359 2641 1390 2666 et
1405 2638 1590 2673 recepturus
1605 2641 1660 2671 pro
1677 2631 1799 2660 meritis
1815 2629 1899 2668 quod
1912 2628 2032 2667 justitia
2050 2626 2207 2656 suaderet.

1202 2695 1319 2732 Aperte
1333 2689 1532 2729 predicentes
1550 2686 1654 2715 eidem
1671 2684 1766 2723 quod,
1785 2684 1810 2712 si
1827 2692 1900 2712 eum
1918 2681 2100 2720 hujusmodi
2118 2687 2209 2708 man-

1202 2747 1348 2776 datorum
1362 2747 1544 2772 nostrorum
1555 2738 1790 2778 repperiremus
1801 2736 1934 2765 ulterius
1945 2736 2068 2764 contem
2076 2737 2206 2771 piorem,

1204 2807 1268 2829 non
1293 2797 1438 2827 obstante
1461 2792 1562 2831 ipsius
1584 2786 1744 2826 absentia,
1766 2787 1976 2827 spiritualiter
1997 2791 2026 2815 et
2050 2788 2208 2822 tempora-

1203 2852 1276 2881 liter
1301 2853 1411 2880 contra
1433 2854 1507 2876 eum
1530 2847 1622 2883 prout
1643 2844 1765 2882 justum
1793 2840 1942 2871 existeret
1967 2846 2003 2867 ac
2030 2837 2210 2866 videremus

1204 2903 1376 2942 expediens
1394 2898 1561 2939 procedere
1585 2903 1794 2930 curaremus;
1819 2901 1884 2922 non
1905 2889 2101 2920 intendendo
2124 2888 2210 2926 quod

1203 2953 1391 2995 hujusmodi
1415 2950 1577 2982 citationis
1602 2952 1746 2988 pretextu
1775 2944 1920 2985 pretactis
1946 2941 2146 2982 processibus
2174 2940 2209 2968 in
