2393 3496
892 311 1145 359 QUATRIEME
1167 310 1322 349 ANNEE.
2097 317 2157 347 835

69 398 242 440 Synibaldo
262 396 423 431 Adorisii,
441 393 582 433 acolyto,
608 393 712 431 priore
727 390 899 421 saecularis
917 388 1068 419 ecclesiae

71 453 176 485 Sancti
196 449 319 481 Nicolai
345 449 382 478 de
401 448 516 478 Sancto
532 446 636 476 Felice
660 446 698 475 de
714 445 827 479 Trasa,
850 443 1070 473 Urbevetanae

71 504 237 540 dioecesiS,
262 503 316 541 qui
341 506 411 540 post
430 498 652 538 vreceptionem
681 497 823 536 ejusdem
854 496 1010 534 prioratus
1038 501 1070 522 se

71 559 211 590 nondum
229 556 300 586 fecit
316 555 355 584 ad
371 562 474 584 sacros
495 553 624 583 ordines
640 551 836 591 promoveri,
856 549 931 587 quia
953 547 1071 585 episco-

71 621 129 652 pus
143 610 363 641 Urhevetanus
374 607 503 636 ordines
520 615 584 636 non
601 604 773 635 celebravit
789 611 846 633 nec
856 601 959 632 eidem
976 599 1070 638 Syrii-

71 665 161 696 haldo
175 662 336 693 licentiam
354 660 511 690 concessit
526 668 577 689 eos
593 657 768 697 recipiendi
785 657 823 686 ab
839 655 902 685 alio
914 655 1069 693 episcopo,

72 718 229 757 dispenset
257 719 290 744 ut
320 718 389 752 post
419 721 542 742 annum
569 715 722 741 statutum
755 709 930 748 praefatum
964 706 1072 745 priora

73 775 138 802 tum
155 768 293 799 retinere
308 766 424 802 valeat,
443 764 616 795 dummodo
633 768 706 793 ante
723 763 837 792 festum
854 760 1072 791 Resurrectio—

73 824 124 854 nis
147 821 324 852 dominicae
349 818 494 858 proximo
516 821 688 846 venturum
716 825 748 845 se
770 815 810 844 ad
832 823 943 844 omnes
968 820 1072 843 sacros

71 875 196 908 ordines
210 874 386 913 promoveri
403 872 507 901 faciat.

113 940 127 956 α
144 927 284 957 Dilectus
300 925 386 955 filius
402 923 636 963 Synibaldus...
657 938 696 944 —-
712 922 782 951 Dat.
799 921 882 959 apud
900 921 1073 951 Urbemve-

73 987 168 1013 terem
182 1005 188 1017 ,
205 989 251 1010 1111
267 978 420 1008 kalendas
436 977 590 1012 octobris,
611 983 697 1005 anno
714 979 836 1013 quarto.
857 986 870 1000 ι)

140 1165 257 1194 (32⁰⁰

107 1228 238 1256 Castrum
263 1226 412 1253 Monticuli
436 1225 471 1252 de
495 1225 685 1252 Normannis.
711 1224 745 1250 ad
771 1223 978 1250 monasterium
1005 1222 1077 1248 Vul-

606 1162 739 1192 Orvieto,
758 1163 773 1187 5
792 1161 908 1187 octobre
927 1159 1002 1187 1291.

75 1281 188 1310 tuense,
205 1276 379 1312 Rapollanae
394 1275 551 1301 dioecesis.
569 1275 730 1309 pertinens,
749 1273 835 1300 nobili
851 1274 912 1299 viro
927 1272 1076 1307 Raynaldo

76 1327 110 1354 de
124 1326 232 1353 Avellis
245 1325 364 1351 locatur.
381 1324 464 1357 (Res.
481 1324 523 1354 46,
540 1331 564 1349 c.
583 1324 643 1353 578,
661 1324 679 1349 f.
700 1323 747 1349 115
763 1324 809 1354 r0.)

120 1428 341 1458 Venerabilibus
372 1428 523 1463 fratribus
559 1449 578 1456 ..
618 1426 838 1462 archiepiscopo
877 1424 1013 1453 Consano
1051 1429 1078 1452 et

79 1505 98 1512 ..
130 1483 260 1519 episcopo
294 1481 437 1517 Melfiensl
475 1479 646 1510 committit
681 1482 715 1507 ut
748 1501 767 1507 ..
801 1478 907 1508 abbati
943 1482 972 1506 et
1003 1485 1079 1507 con-

77 1535 187 1565 ventui
213 1534 397 1564 monasterii
420 1533 626 1568 Vultuensis,
655 1532 694 1561 ad
719 1540 884 1561 romanam
912 1530 1078 1560 ecclesiam

77 1588 164 1619 nullo
183 1588 287 1618 medio
309 1587 515 1626 pertinentis,
539 1586 660 1616 ordinis
677 1586 709 1616 S.
730 1585 912 1620 Benedicti,
931 1584 1077 1622 Rapolla-

78 1651 135 1672 nae
151 1641 316 1677 dioecesis„
332 1640 516 1670 facultatem
541 1639 716 1669 concedant
738 1638 864 1668 locandi
886 1637 987 1667 nobili
1009 1637 1078 1667 viro

77 1694 242 1733 Raynaldo
271 1694 310 1723 de
334 1693 473 1730 Avellis,
499 1693 616 1729 militi,
646 1697 676 1722 et
702 1692 770 1730 ejus
800 1691 972 1721 heredibus
1003 1691 1080 1728 legi-

78 1748 163 1778 timis
181 1757 280 1786 usque
295 1747 334 1776 ad
351 1747 466 1784 viginti
483 1751 513 1775 et
527 1755 643 1776 novem
659 1753 771 1781 annos,
788 1753 843 1783 pro
858 1753 955 1774 censu
971 1753 1080 1774 annuo

79 1801 288 1841 quadraginta
303 1800 471 1830 unciarum
488 1800 575 1835 auri,
595 1803 734 1828 castrum
754 1798 920 1828 Monticuli
940 1798 977 1827 de
997 1798 1079 1827 Nor-

78 1855 221 1891 mannis,
238 1855 276 1884 ad
296 1854 416 1884 dictum
440 1853 670 1883 monasterium
695 1853 874 1891 pertinens,
891 1855 1081 1882 consuetum

79 1908 175 1939 locari
212 1908 303 1938 laicis
332 1908 390 1938 sub
422 1916 519 1937 censu
553 1915 671 1936 annuo.
702 1906 775 1935 Jam
806 1906 927 1944 pridem
960 1905 1080 1935 eisdem

79 1961 312 2000 archiepiscopo
354 1966 384 1990 et
419 1960 565 1999 episcopo
602 1959 810 1989 mandaverat
850 1968 927 1997 papa
969 1963 1003 1988 ut
1043 1959 1081 1988 de

77 2014 259 2053 hujusmodi
282 2014 438 2044 locatione
462 2013 646 2051 inquirant,
675 2013 801 2051 hiisque
825 2012 967 2042 constitit
990 2021 1080 2050 prae-

77 2067 197 2109 dictum
218 2071 357 2096 castrum
380 2066 478 2095 fuisse
497 2066 651 2095 hactenus
669 2065 759 2095 laicis
778 2065 836 2094 sul)
852 2073 961 2094 annuo
983 2073 1079 2094 censu

78 2129 140 2151 non
166 2121 284 2159 majore
308 2128 404 2158 quam
427 2119 563 2157 quatuor
587 2118 756 2147 unciarum
779 2118 851 2147 auri
874 2126 1078 2154 concessum,

78 2163 310 2214 proventusque
335 2174 402 2211 ejus
425 2182 480 2211 per
502 2172 694 2202 industriam
713 2171 865 2210 praedicti
883 2171 999 2201 nobilis
1017 2180 1079 2201 uon

77 2227 238 2257 modicum
254 2226 455 2264 augmentari
472 2226 505 2254 in
522 2225 668 2255 futurum
686 2233 786 2263 posse.

118 2292 132 2307 «
151 2280 280 2310 Dudum
294 2278 554 2317 significantibus
571 2278 753 2308 nobis...—
766 2278 836 2307 Dat.
852 2278 935 2316 apud
951 2277 1081 2307 Urbem-

79 2337 226 2371 veterem,
244 2343 278 2363 111
296 2341 398 2363 nonas
414 2332 568 2367 octobris,
587 2340 673 2361 anno
690 2336 813 2369 quarto.
836 2343 849 2357 5)

149 2512 260 2541 82⁰1
266 2511 397 2539 -8202

114 2575 231 2603 Collatio
246 2575 450 2602 beneficiorum
465 2578 493 2601 et
507 2574 684 2608 dispensatio
700 2582 786 2609 super
802 2574 960 2608 pluralitate
977 2574 1083 2600 benefi-

81 2625 189 2652 ciorum
204 2630 233 2652 et
246 2625 358 2651 defectu
375 2623 486 2650 aetatis.
505 2623 587 2655 (Rso.
604 2623 647 2654 46,
663 2630 688 2650 c.
707 2623 767 2656 579,
784 2623 802 2649 f.
824 2623 871 2649 115
888 2625 934 2655 ru.)

561 2510 687 2541 Orvieto‚
708 2510 738 2535 15
753 2509 916 2544 septembre
933 2509 1010 2536 1291.

120 2727 239 2756 Nicolao
258 2726 290 2755 de
306 2725 492 2761 Monterano,
509 2725 652 2754 canonico
672 2724 820 2759 Toletano,
839 2725 993 2761 capellano
1013 2733 1083 2753 nos-

83 2785 139 2810 tro.
163 2778 201 2808 Ei
217 2777 440 2808 canonicatum
458 2777 491 2805 in
507 2776 659 2806 Toletana
674 2776 809 2806 ecclesia
825 2781 854 2805 et
872 2777 1083 2814 praebendam

81 2831 239 2870 integram
266 2839 328 2860 non
351 2829 594 2869 sacerdotalem,
615 2838 688 2858 cum
717 2830 951 2868 praestimoniis
980 2830 1083 2860 eidem

83 2885 279 2924 praebendae
299 2884 431 2919 debitis,
456 2891 582 2912 necnon
605 2888 635 2912 et
656 2883 846 2920 dignitatem
863 2893 918 2913 seu
935 2892 1085 2922 persona-

84 2943 168 2975 tum,
194 2938 346 2968 decanatu
373 2936 538 2966 dumtaxat
563 2940 706 2974 excepto,
737 2936 762 2965 si
789 2941 902 2966 vacent
929 2937 967 2966 ad
1000 2945 1085 2975 prae-

84 3000 176 3028 sens,
193 2990 329 3027 confert,
352 2989 403 3019 vel
425 2988 666 3028 quamproximo
684 2993 830 3018 vacatura
846 2994 1000 3026 reservat,
1019 2989 1085 3019 dis—

1152 390 1323 425 pensatque
1361 395 1434 416 cum
1474 394 1509 415 eo
1548 389 1582 414 ut
1627 383 1738 414 eadem
1780 383 1935 412 beneficia
1979 392 2041 412 una
2081 393 2153 413 cum

1151 439 1388 468 canonicatibus
1408 443 1437 468 et
1463 437 1651 477 praebendis
1675 437 1802 475 quaein
1825 435 2030 471 Carnotensi,
2049 436 2155 466 Cices-

1152 492 1249 521 trensi
1266 497 1296 521 et
1313 492 1464 521 Paduana
1481 490 1622 520 ecclesiis
1642 490 1763 520 obtinet
1779 489 1917 518 retinere
1932 488 2044 525 valeat,
2061 494 2155 528 atque

1152 554 1246 583 super
1260 546 1370 575 aetatis
1385 545 1507 574 defectu
1524 553 1619 583 quem
1641 543 1772 582 patitur,
1792 548 1825 572 ut
1844 543 1897 581 qui
1914 542 2033 580 viginti
2049 546 2079 572 et
2095 542 2156 572 duo

1152 607 1255 628 annos
1274 603 1378 628 natus.

1195 663 1209 677 κ
1226 651 1409 681 Honestatis
1425 650 1569 680 decentia
1585 650 1775 680 suadente...
1791 665 1826 670 —
1841 649 1909 678 Dat.
1923 649 2005 687 apud
2022 649 2155 678 Urbem—

1152 709 1304 740 veterem,
1321 714 1384 733 xvn
1402 703 1555 733 kalendas
1570 703 1721 738 octobris,
1741 711 1826 731 anno
1841 705 1965 740 quarto.
1987 714 2000 727 π

1194 757 1231 786 In
1262 766 1288 786 e.
1318 766 1360 785 m.
1391 780 1410 785 ..
1440 756 1663 785 archidiacono
1693 756 1939 791 Panormitano,
1966 778 1985 784 ..
2009 755 2157 784 sacristae

1154 810 1304 840 ecclesiae
1321 810 1522 839 Caturceusis
1536 815 1565 838 et
1582 809 1723 838 Jobanni
1740 809 1778 838 de
1795 809 1982 846 Paparuzis,
2004 809 2157 839 canonico

1154 863 1307 900 Metensi,
1329 863 1460 891 mandat
1482 867 1516 891 ut
1539 861 1688 891 eumdem
1711 861 1880 890 Nicolaum
1906 861 1956 890 vel
1978 866 2158 899 procurato-

1154 925 1222 946 rem
1239 918 1307 953 ejus
1323 915 1356 944 in
1375 914 1569 953 corporalem
1587 914 1818 952 possessionem
1837 915 2053 951 canonicatus,
2072 923 2159 952 prae-

1155 969 1292 1004 bendae,
1317 967 1620 1006 praestimoniorum
1648 971 1677 995 et
1703 966 1869 1003 dignitatis
1895 975 1949 995 seu
1973 971 2160 1004 personatus

1156 1022 1307 1052 ecclesiae
1322 1021 1493 1050 Toletaiiae
1510 1020 1744 1058 praedictorum
1765 1019 1930 1048 inducant.

1228 1220 1474 1249 8203-6212

1194 1282 1402 1317 Indulgentiae.
1421 1281 1504 1314 (Rae.
1522 1280 1567 1310 46,
1585 1287 1611 1306 c.
1630 1279 1690 1313 580,
1707 1279 1726 1305 f.
1747 1280 1795 1305 115
1811 1283 1862 1310 vo.)

1680 1217 1807 1247 Orvieto,
1829 1217 1864 1242 1⁹¹·
1880 1216 1996 1243 octobre
2016 1216 2090 1243 1291,

1202 1399 1354 1428 &niver-sis
1372 1397 1484 1426 Christi
1504 1396 1640 1432 fidelibus
1662 1399 1810 1432 presentes
1833 1395 1949 1422 litteras
1972 1395 2160 1431 inspecturis.

1160 1450 1401 1489 Indulgentiam
1419 1449 1514 1478 unius
1530 1448 1606 1476 anni
1624 1451 1653 1477 et
1671 1457 1708 1476 xr.
1732 1447 1857 1476 dierum
1873 1446 2016 1475 concedit
2033 1447 2164 1476 visitan-

1161 1507 1246 1536 tibus
1287 1503 1454 1534 ecclesiam
1490 1502 1599 1531 Sancti
1630 1501 1777 1530 Andreae
1815 1500 1853 1529 de
1887 1502 1956 1530 vico
1990 1500 2164 1530 Fabi-orum

1161 1559 1465 1595 Rofflomagensem,
1484 1556 1518 1584 in
1544 1555 1687 1592 ejusdem
1711 1554 1811 1583 sancti
1828 1554 2007 1587 festivitate,
2026 1563 2081 1592 per
2098 1559 2166 1583 octo

1160 1613 1228 1643 dies
1248 1615 1416 1650 sequentes
1435 1610 1513 1639 etin
1538 1608 1759 1637 anniversario
1780 1608 1830 1637 die
1855 1607 2060 1637 dedicationis
2083 1608 2166 1646 ejus-

1161 1667 1233 1696 dem
1252 1664 1414 1694 ecclesiae.

1207 1731 1219 1745 ι
1239 1716 1461 1756 Apostolorum
1478 1714 1578 1752 gloria
1594 1715 1714 1744 inter...
1735 1730 1773 1734 —
1791 1714 1862 1742 Dat.
1881 1713 1963 1751 apud
1987 1714 2165 1743 Urbemve-

1163 1778 1277 1806 terem,
1296 1769 1441 1799 kalendis
1457 1767 1592 1798 octobris
1605 1791 1613 1804 ,
1631 1776 1716 1796 auno
1732 1772 1853 1805 quarto.
1875 1778 1887 1792 n

1646 1854 1771 1884 Orvieto,
1790 1854 1821 1879 ‘27
1840 1853 2002 1887 septembre
2023 1853 2096 1880 1291.

1203 1923 1240 1951 In
1255 1931 1282 1951 e.
1296 1930 1352 1954 m..
1366 1927 1420 1958 pro
1436 1918 1568 1947 ecclesia
1580 1917 1686 1946 Sancti
1697 1916 1807 1945 Jacobi
1822 1916 1860 1945 de
1872 1915 1982 1944 Insula
1994 1916 2101 1945 Sancti
2112 1916 2166 1945 Ju-

1162 1976 1242 2006 liani
1266 1972 1462 2006 Turonensi,
1481 1972 1512 2000 in
1531 1970 1564 1999 S.
1584 1970 1693 1999 Jacobi
1710 1969 1843 2007 apostoli
1859 1974 1887 1997 et
1905 1973 2039 2007 quatuor
2060 1969 2168 1998 beatae

1163 2030 1283 2060 Mariae
1300 2024 1524 2056 festivitatibus
1542 2029 1570 2052 et
1586 2033 1640 2061 per
1658 2028 1725 2052 octo
1743 2022 1812 2051 dies
1830 2027 2008 2060 sequentes.

1205 2095 1217 2109 α
1245 2081 1314 2109 Vite
1331 2078 1479 2117 perennis
1495 2076 1633 2114 gloria...
1652 2093 1690 2096 —
1708 2076 1777 2104 Dat.
1797 2075 1879 2112 apud
1894 2075 2166 2111 Uibemvetereiii,

1163 2146 1182 2166 v
1197 2134 1350 2165 kalendas
1366 2131 1520 2165 octobris,
1539 2138 1625 2158 anno
1641 2134 1763 2167 quarto.
1785 2140 1797 2154 »

1204 2190 1241 2219 In
1259 2197 1286 2217 e.
1304 2196 1359 2219 m.‚
1378 2193 1433 2223 pro
1449 2183 1589 2213 ecclesiis
1607 2183 1797 2211 Sanctorum
1818 2182 1981 2210 Laurentii
1999 2186 2028 2210 et
2044 2181 2170 2220 Suppli-

1164 2243 1203 2272 cii
1219 2242 1257 2270 de
1276 2241 1442 2276 Baugeym
1460 2245 1595 2274 quai-nni
1617 2244 1680 2264 una
1698 2235 1854 2273 dependet
1871 2235 1909 2263 ab
1926 2233 2023 2263 ultera
2038 2257 2044 2268 ,
2062 2234 2170 2263 Ande-

1163 2294 1312 2333 gaveusis
1333 2291 1504 2324 dioecesis,
1523 2290 1555 2318 in
1574 2288 1759 2318 eorumdem
1778 2293 1960 2316 sani-torum
1984 2291 2013 2315 et
2037 2291 2173 2324 qiiatuor

1164 2349 1272 2378 beatae
1296 2346 1415 2374 Mariae
1440 2342 1666 2372 festivitatibus
1690 2345 1719 2370 et
1742 2350 1796 2379 per
1818 2345 1885 2370 octo
1902 2340 1969 2369 dies
1988 2345 2168 2378 sequentes.

1164 2402 1236 2431 Dat.
1257 2403 1411 2436 utsupra.
1429 2396 1488 2435 (En
1504 2394 1633 2433 τηαν-93.)

1205 2455 1242 2484 In
1268 2463 1295 2482 e.
1322 2461 1379 2487 m.‚
1402 2458 1458 2489 pro
1476 2449 1607 2478 ecclesia
1628 2448 1742 2477 Beatae
1761 2447 1879 2476 Mariae
1897 2446 1936 2475 de
1957 2445 2041 2475 Villa
2058 2445 2117 2474 Dei
2134 2444 2172 2473 de

1166 2507 1254 2538 Saltu
1274 2506 1409 2543 Caprae,
1435 2502 1691 2532 Constantieusis
1708 2500 1876 2533 dioecesis,
1894 2500 1928 2528 in
1944 2503 2079 2537 quatuor
2099 2498 2171 2527 hea-

1165 2566 1214 2591 tae
1230 2558 1350 2589 Mariae
1367 2560 1396 2586 et
1418 2555 1450 2584 S.
1468 2555 1578 2584 Jacobi
1595 2553 1819 2583 festivitatibus
1836 2557 1867 2581 et
1889 2561 1943 2590 per
1959 2556 2027 2581 octo
2044 2551 2112 2580 dies
2128 2560 2175 2579 se-

1165 2617 1308 2653 quentes.
1328 2610 1398 2639 Dat.
1416 2613 1571 2646 utsupra.
1588 2606 1694 2645 (lbi'd.)

1206 2666 1244 2695 In
1260 2673 1286 2694 e.
1306 2672 1362 2699 m.‚
1382 2670 1435 2700 pro
1452 2660 1585 2690 ecclesia
1604 2682 1623 2689 ..
1640 2659 1762 2689 abbatis
1776 2662 1806 2688 et
1821 2662 1998 2688 conventus
2017 2660 2170 2685 monaste-

1167 2719 1208 2749 rii
1236 2715 1346 2747 Sancti
1379 2715 1443 2744 Sit-i
1469 2712 1646 2743 Januensis
1661 2736 1666 2747 ,
1698 2711 1821 2741 ordinis
1852 2709 1885 2740 S.
1924 2709 2104 2744 Benedicti,
2139 2708 2172 2736 in

1168 2775 1351 2801 sanctorum
1377 2766 1443 2796 Siri
1458 2790 1464 2802 ,
1487 2765 1618 2800 Felicis,
1644 2764 1775 2794 Romuli
1791 2768 1821 2792 et
1838 2762 2004 2792 Valentini
2020 2761 2173 2790 festivita-

1169 2825 1251 2854 tibus
1267 2828 1297 2852 et
1312 2830 1365 2859 per
1381 2824 1448 2849 octo
1465 2819 1532 2848 dies
1545 2820 1725 2856 sequentes.
1743 2817 1812 2845 Dat.
1833 2820 1867 2845 ut
1885 2824 1989 2853 supra.
2010 2813 2115 2853 (lbi'd.)

1207 2878 1246 2906 In
1261 2886 1287 2905 e.
1309 2884 1363 2909 m.‚
1383 2881 1438 2911 pro
1455 2871 1588 2901 ecclesia
1606 2870 1714 2900 Sancti
1732 2870 1834 2899 Lucae
1848 2868 2018 2902 Januenst.
2038 2868 2069 2895 iu
2086 2867 2172 2904 ejus-

1167 2931 1241 2960 dem
1260 2928 1359 2958 sancti
1377 2925 1546 2955 festivitate
1564 2928 1594 2954 et
1611 2933 1664 2962 per
1680 2927 1749 2953 octo
1767 2922 1834 2952 dies
1850 2925 2032 2959 sequentes.
2052 2920 2120 2948 Dat.
2141 2923 2176 2947 ut

1169 2991 1275 3022 supra.
1295 2979 1402 3020 (Ibid.)
