2393 3496
226 328 283 357 Sto
974 327 1208 358 REGISTRES
1230 327 1283 357 DE
1305 327 1488 357 NICOLAS
1512 329 1568 358 lv.

229 409 240 417 ··
266 404 336 424 inni
365 394 492 433 prelatis
518 399 676 432 presentes
708 393 828 422 litteras
854 394 1063 431 inspecturisy
1091 393 1227 423 salutem

228 459 240 472 ο
265 451 294 476 et
315 447 516 485 apostolicam
539 446 806 476 benedictionem.
839 445 984 483 Beuigna
1012 446 1151 484 operatio
1178 445 1227 475 di-

228 513 240 525 »
266 500 375 529 vine...
396 516 433 520 —
452 500 520 528 Dat.
541 498 699 535 Anagnie,
720 506 764 526 nn
782 506 884 526 nonas
900 498 1083 528 novembris
1096 521 1103 534 ,
1120 498 1226 536 ponti-

228 565 239 577 ν
265 552 376 581 tit-utus
391 552 487 580 nostri
504 559 588 580 anno
604 555 714 588 quarto
733 561 745 576 n

265 618 278 631 t.
296 604 453 640 Quasdam
470 603 591 632 litteras
608 602 747 632 felicis...
765 619 803 623 —
822 603 892 631 Dat.
913 603 994 642 apud
1014 604 1224 635 Urbemvete-

224 666 306 693 rem,
326 657 429 685 idibus
445 655 649 694 septembris,
667 664 752 685 anno
767 660 889 693 quarto.
912 668 925 682 η

290 827 405 854 6032

256 888 376 914 Litteras
402 888 510 915 Nicolai
538 889 585 914 111¹
608 893 635 915 et
660 889 790 923 Gregorii
816 889 909 916 VIllli
933 890 967 916 de
990 891 1175 924 stigmatibus
1195 892 1225 918 S.

223 936 365 963 Francisci
393 938 478 964 refert
501 942 530 964 et
553 939 712 965 confirmat.
742 939 821 970 tttffi.
853 939 899 969 46,
925 948 951 966 c.
978 939 1043 973 501,
1070 939 1089 967 f.
1115 940 1148 966 98
1177 947 1224 972 νος

220 986 334 1016 Ροττιι.,
352 986 461 1018 sss-22.)

703 828 830 861 Orvieto,
851 829 878 854 17
896 829 1059 863 septembre
1077 829 1154 856 1291.

259 1090 386 1117 Eisdem.
407 1089 596 1118 Litterarum
616 1090 738 1120 Nicolai
759 1091 828 1126 illi,
846 1099 928 1128 quae
944 1091 1065 1122 litteras
1078 1092 1224 1130 Gregorii

219 1143 399 1177 continent,
419 1147 507 1172 tenor
525 1143 576 1171 hic
593 1147 639 1172 est
658 1152 663 1172 :

260 1208 272 1219 ι(
292 1195 452 1230 Nicolaus,
472 1196 634 1234 episcopus
652 1206 762 1226 servus
778 1206 944 1227 servorum
963 1198 1033 1227 Dei.
1055 1199 1224 1229 Universis

220 1260 232 1272 ω
256 1247 377 1277 Christi
401 1248 547 1277 fidelibus
566 1249 603 1278 ad
625 1259 704 1288 qnos
724 1250 827 1280 littere
847 1251 906 1280 iste
928 1253 1148 1289 pervenerint,
1173 1262 1223 1282 sa-

218 1313 232 1326 »
258 1301 354 1330 luten]
370 1304 398 1330 et
411 1302 613 1340 apostolicam
628 1303 893 1333 benedictionem.
914 1305 1047 1334 Litteras
1064 1305 1163 1336 felicis
1177 1315 1223 1336 re-

219 1366 232 1380 »
257 1354 447 1384 cordationis
464 1355 608 1391 Gregorii
626 1365 702 1395 pape
716 1357 860 1388 Vtttli...
872 1375 910 1379 —
923 1359 994 1388 Dat.
1009 1358 1152 1396 Suriani,
1164 1370 1222 1390 vni

220 1419 232 1432 ν
258 1407 409 1436 kalendas
426 1408 624 1445 septembris,
637 1418 723 1439 anno
739 1412 888 1441 secundo.
907 1411 1083 1450 »(POTTH.,
1099 1413 1224 1453 21630.)

257 1472 270 1485 «ι
297 1460 450 1489 'l‘enorem
480 1462 693 1499 quarumdam
726 1463 944 1496 litterarum...
971 1484 1009 1488 —-
1038 1467 1108 1497 Dat.
1139 1469 1222 1507 apud

220 1513 498 1550 Urbemvetereni,
516 1523 554 1543 xv
571 1514 723 1545 kalendas
738 1518 892 1555 octobris,
907 1527 994 1550 anno
1007 1524 1131 1558 quarto.
1151 1533 1165 1547 »

284 1686 534 1715 6033-6034

252 1747 433 1782 Dispensatio
446 1757 533 1783 super
543 1749 656 1777 defectu
669 1751 815 1779 natalium.
829 1752 912 1785 (Rea.
925 1753 967 1785 46,
981 1762 1006 1781 0.
1019 1755 1081 1788 502,
1094 1756 1112 1782 s.
1126 1756 1158 1784 98
1171 1759 1223 1790 vo.)

700 1687 826 1720 Orvieto,
847 1690 876 1716 17
892 1691 1055 1725 septembre
1073 1692 1149 1719 1291.

256 1872 275 1878 ..
304 1851 436 1887 episcopo
463 1851 682 1881 Sarosbi'riensi
708 1854 839 1883 mandat
864 1858 897 1883 ut
918 1864 990 1885 cnm
1019 1857 1156 1889 Roberto
1184 1859 1223 1889 de

215 1902 360 1939 Ardona,
386 1904 587 1943 presbytero,
609 1906 768 1936 monacho
797 1909 983 1939 monasterii
1011 1910 1049 1940 de
1075 1911 1223 1943 Malmes-

213 1955 310 1991 bure,
344 1956 467 1986 ordinis
496 1957 528 1987 S.
558 1959 742 1995 Benedicti,
777 1960 1022 1993 Saresbiriensis
1049 1965 1222 2004 dioecesis,

212 2017 284 2037 cum
301 2017 364 2047 quo
379 2009 456 2039 olim
469 2010 536 2048 jam
553 2011 613 2040 fuit
629 2012 847 2050 dispensatum
866 2019 915 2050 ut,
932 2024 994 2046 non
1013 2017 1158 2048 obstante
1171 2019 1220 2049 de-

214 2061 294 2090 fectu
312 2070 407 2100 quem
427 2063 556 2101 patitur,
568 2064 606 2093 de
625 2065 726 2095 soluto
742 2067 869 2104 genitus
886 2073 916 2097 et
931 2069 1093 2106 soluta,ad
1110 2080 1222 2103 omues

212 2114 340 2143 ordines
364 2118 543 2153 promoveri
572 2122 601 2146 et
625 2118 663 2147 ad
689 2119 986 2152 administrationes
1016 2125 1066 2153 sui
1098 2126 1222 2156 ordinis

214 2167 377 2197 dumtaxat
396 2171 517 2199 assumi
543 2176 665 2209 posset,
685 2182 796 2203 rursus
813 2174 975 2213 dispenset
994 2181 1047 2214 ut,
1075 2187 1139 2208 non
1164 2181 1220 2209 ob-

214 2225 314 2250 stante
332 2222 441 2252 eodem
458 2223 594 2260 deiectu,
613 2225 650 2254 ad
664 2234 775 2256 omnes
792 2227 962 2265 dignitates
979 2230 1124 2269 ejusdem
1141 2233 1223 2262 ordi-

213 2274 263 2302 nis
279 2276 398 2304 assumi
416 2276 527 2306 valeat.

255 2340 268 2353 1<
302 2328 470 2365 Regularis
505 2331 627 2361 ordinis
661 2333 928 2371 professoribus...
968 2354 1006 2359 —
1036 2338 1108 2370 Dat.
1139 2341 1222 2378 apud

217 2378 497 2418 Urbemveterem,
519 2393 558 2413 xv
584 2384 737 2415 kalendas
764 2388 920 2425 octobris,
946 2399 1032 2421 anno
1054 2397 1177 2431 quarto.
1207 2406 1220 2421 n

255 2434 291 2463 In
315 2443 340 2464 e.
366 2445 408 2464 m.
445 2460 462 2465 ..
491 2438 635 2476 episcopo
662 2439 904 2479 &Vigorniensss
930 2452 984 2482 pro
1008 2445 1165 2476 Riccardo
1183 2447 1223 2477 de

213 2487 411 2523 winetonia‚
430 2490 630 2529 presbytero,
651 2494 806 2524 monacho
824 2498 1006 2527 monasterii
1022 2498 1061 2528 de
1079 2499 1222 2538 Wyche-

212 2541 361 2577 gumffle,
389 2542 513 2572 ordinis
537 2544 567 2573 S.
594 2545 779 2581 Benedicti,
801 2547 1038 2586 Wigorniensis
1054 2551 1219 2583 dioecesis.

283 2719 535 2750 8035-611313
691 2724 821 2758 (Ji-vieto,
842 2728 871 2755 13
889 2730 1052 2764 septembre
1071 2731 1149 2759 1291.

250 2780 374 2808 Licentia
391 2783 512 2810 intrandi
529 2787 711 2813 monasteria.
728 2787 811 2820 (itm.
830 2790 874 2821 46,
890 2800 916 2817 c.
936 2792 995 2823 503,
1014 2793 1033 2819 f.
1051 2793 1083 2820 98
1101 2797 1151 2827 νο.)

253 2885 354 2913 Nobili
370 2886 495 2914 mulieri
513 2888 695 2925 illm-qarste,
713 2891 837 2920 domine
857 2893 890 2921 de
907 2893 1089 2925 Cramaslles
1105 2921 1110 2933 ‚
1131 2896 1221 2926 Sues-

212 2938 361 2967 sionensis
378 2940 520 2976 diocesis,
542 2940 688 2980 indulget
703 2944 736 2972 ut
751 2953 825 2973 cnm
841 2950 977 2984 quatuor
993 2947 1136 2979 honestis
1153 2959 1221 2979 ma-

213 2990 332 3027 tronis,
363 2992 461 3022 semel
491 2993 524 3022 in
549 3002 653 3032 anno,
686 2996 814 3027 visitare
841 2999 944 3029 valcat
968 3003 1160 3033 monasteria
1183 3003 1222 3034 de

1271 1590 1274 1593 “
1307 1591 1495 1630 septembris
1508 1614 1516 1628 ,
1533 1599 1619 1621 anno
1636 1595 1759 1630 quarto.
1783 1603 1796 1618 ³>

1310 393 1434 432 Foigny
1448 416 1456 429 ,
1476 394 1514 423 de
1532 395 1641 433 Longo
1658 395 1758 425 Ponte
1774 400 1805 426 et
1818 395 1857 426 de
1879 395 2008 435 Syguy,
2029 396 2252 428 Cisterciensis
2266 407 2317 430 or-

1309 446 1412 481 dinis,
1431 446 1622 484 Remeusis,
1641 448 1866 478 Lauduuensis
1882 453 1912 479 et
1930 449 2173 479 Suessionensis
2194 450 2316 483 dioece-

1309 498 1411 534 sium,
1430 501 1462 528 in
1478 500 1594 538 quibus
1611 508 1742 539 corpora
1760 501 1941 539 genitorum
1960 502 2029 540 ejus
2046 506 2122 532 sunt
2137 503 2270 541 sepulta.

1351 563 1364 579 α
1384 552 1478 582 Pium
1494 553 1689 582 arbitramur
1708 558 1775 583 et...
1793 571 1831 576 —-
1848 555 1919 584 Dat.
1937 555 2020 593 apud
2037 555 2316 595 Urbemveterem,

1309 604 1416 634 idibus
1432 606 1619 644 septembris
1635 630 1641 640 ,
1656 615 1745 636 anno
1760 612 1884 646 quarto.
1904 619 1918 634 »

1350 658 1386 687 ln
1413 668 1440 688 e.
1464 668 1507 688 m.
1531 659 1630 689 nobili
1654 659 1785 690 mulieri
1808 660 1936 698 Aelidi,
1963 660 2114 692 dominae
2133 661 2172 692 de
2193 663 2316 702 Aonie,

1311 711 1536 742 Lauduuensis
1552 712 1718 743 dioecesis.

1380 892 1495 920 (3032

1345 953 1496 989 Exemptio
1508 955 1732 989 jurisdictionis.
1749 955 1832 987 (Rea.
1849 955 1895 985 46,
1913 963 1938 982 c.
1956 956 2020 987 504,
2041 956 2059 983 f.
2077 956 2110 983 98
2127 958 2178 989 νο.)

1814 892 1941 924 Orvieto,
1959 893 1973 919 8
1989 894 2152 928 septembre
2170 893 2247 921 1291.

1317 1066 1320 1069 ·
1353 1057 1553 1086 Uni'rersitali
1566 1058 1726 1086 hominvm
1740 1058 1874 1086 civitatis
1890 1062 1915 1086 et
1931 1057 2319 1090 suburbiiAm·elianensis.

1310 1122 1324 1136 «
1343 1110 1456 1139 Vestre
1473 1111 1559 1148 pacis
1575 1114 1784 1149 querentes...
1803 1110 2011 1148 indulgemus
2029 1115 2063 1140 nt
2078 1119 2132 1141 vos
2150 1115 2204 1141 ant
2221 1111 2319 1151 aliqui

1308 1168 1448 1193 vestrum
1476 1167 1563 1193 extra
1587 1164 1739 1194 diocesim
1766 1163 2036 1193 Aurelianensem
2061 1174 2156 1203 super
2175 1165 2236 1195 hiis
2258 1174 2319 1204 que

1307 1216 1393 1246 insra
1411 1216 1499 1246 illam
1522 1216 1666 1252 habetis,
1685 1216 1828 1255 quandiu
1853 1217 1953 1255 parati
1970 1217 2095 1246 fueritis
2114 1218 2198 1247 infra
2216 1218 2318 1257 ipsam

1306 1279 1414 1300 coram
1437 1271 1628 1308 competenti
1642 1270 1751 1308 judice
1769 1274 1851 1300 stare
1871 1270 1958 1309 juri,
1980 1280 2035 1309 per
2057 1270 2179 1305 litteras
2192 1275 2318 1310 aposto-

1306 1323 1366 1353 lice
1390 1323 1473 1353 sedis
1495 1323 1544 1353 vel
1569 1323 1746 1361 legatorum
1774 1325 1842 1362 ejus
1865 1324 2028 1360 obtentas,
2056 1334 2111 1364 per
2134 1334 2213 1364 quas
2235 1333 2318 1355 non-

1307 1378 1385 1407 dum
1397 1378 1441 1407 >ad
1460 1377 1644 1408 citationem
1663 1377 1800 1407 minime
1817 1382 1864 1407 est
1878 1386 2062 1416 processum
2075 1401 2082 1413 ‚
2099 1383 2154 1408 aut
2173 1378 2319 1408 obtineo·
2354 1385 2358 1388 ·

1306 1431 1376 1467 das,
1395 1431 1428 1460 in
1446 1440 1574 1461 causam
1592 1431 1674 1460 trahi
1691 1431 1740 1461 vel
1756 1430 1965 1469 adjudicium
1983 1431 2137 1462 evocaria
2153 1439 2317 1470 quoquam

1307 1485 1443 1514 minime
1487 1483 1656 1514 valeatis...
1700 1484 1907 1514 Presentibns
1950 1489 2018 1523 post
2054 1485 2318 1524 quinquennium
2347 1473 2357 1527 .-

1306 1539 1445 1568 minime
1475 1537 1630 1567 valituris.
1658 1538 1729 1567 Dat.
1757 1537 1840 1576 apud
1873 1537 2153 1575 Urbemveterem‚
2185 1547 2215 1568 vt
2245 1537 2318 1568 idus

1378 1776 1495 1806 (3038

1342 1839 1447 1866 Contra
1465 1840 1605 1874 quosdam
1628 1840 1751 1867 clericos
1768 1841 1816 1874 qui
1839 1840 2000 1867 Robertum
2023 1841 2058 1867 de
2079 1840 2230 1872 Sulmona,
2249 1840 2319 1868 Vat-

1306 1890 1404 1915 vensis
1420 1889 1573 1920 dioecesis,
1592 1889 1704 1920 laicum,
1724 1889 1905 1917 occiderunt.
1923 1889 2006 1921 (nco.
2021 1889 2064 1920 46,
2077 1897 2103 1916 c.
2117 1889 2178 1921 505,
2189 1889 2210 1916 f.
2225 1889 2259 1917 99
2269 1891 2318 1924 1¹⁰.)

1786 1777 1918 1809 Orvieto,
1940 1778 1968 1804 17
1986 1778 2149 1813 septembre
2167 1777 2246 1806 1291.

1349 2015 1368 2022 ..
1395 1993 1528 2030 episcopo
1552 1992 1717 2021 Iserniensi
1742 2003 1755 2018 ιι
1779 1991 1950 2027 Querelam
1974 2000 2103 2029 gravem
2127 1991 2235 2022 dilecti
2259 1991 2319 2022 filii

1306 2045 1394 2074 Petri
1412 2044 1486 2074 dicti
1503 2044 1541 2074 de
1559 2044 1658 2074 Gacta
1673 2044 1712 2073 de
1729 2044 1895 2081 Snlmona,
1914 2044 2003 2081 laici,
2023 2045 2203 2084 recepimus
2217 2045 2320 2075 conti-

1307 2103 1436 2128 nentem
1461 2098 1544 2137 quod
1563 2098 1711 2128 Andreas
1729 2098 1860 2127 Berardi
1888 2103 1918 2128 et
1935 2098 2124 2128 Franciscus
2142 2098 2318 2138 Raynaldi,

1306 2151 1448 2189 ejusdem
1470 2150 1546 2188 loci⁷
1571 2151 1721 2181 canonici
1744 2151 1939 2188 Vatvenses,
1967 2152 2117 2182 Nicolaus
2139 2151 2232 2187 sien,
2257 2152 2318 2182 Be-

1306 2205 1419 2234 rardus
1450 2205 1595 2242 Magistri
1625 2205 1774 2241 Andree,
1805 2204 1960 2235 Nicolaus
1990 2205 2129 2244 Dompni
2156 2205 2319 2236 Johannis

1304 2257 1434 2294 Jacobi,
1462 2257 1647 2287 Leonardus
1668 2258 1830 2288 Johanuis
1854 2258 1893 2287 de
1917 2258 2100 2288 Benevento
2116 2265 2147 2288 et
2168 2258 2319 2289 Matheus

1306 2311 1512 2340 Mei-catantis
1542 2312 1654 2349 Nigri,
1686 2310 1794 2341 clerici
1824 2311 1992 2341 Valvensis
2021 2311 2175 2348 diocesis,
2205 2311 2319 2350 spiritu

1306 2364 1463 2394 diabolico
1492 2365 1660 2401 concitati,
1690 2364 1853 2403 quondam
1879 2364 2075 2402 Robertum,
2103 2365 2203 2403 ipsius
2230 2364 2319 2395 Petri
2349 2394 2354 2398 ,

1305 2427 1515 2456 germanum,
1536 2418 1676 2456 laicum,
1700 2423 1823 2448 armata
1847 2427 1945 2448 mann
1972 2427 2051 2448 ausu
2079 2417 2234 2457 nephario
2256 2427 2318 2457 pu-

1305 2472 1387 2502 blice
1411 2473 1618 2509 invadentes,
1642 2472 1748 2511 ipsum
1774 2472 1998 2501 inhumaniter
2022 2471 2231 2510 occiderunt,
2260 2480 2319 2502 nec

1306 2526 1368 2555 biis
1383 2527 1544 2563 contenti,
1561 2535 1651 2556 arma
1668 2525 1792 2565 publice
1806 2530 1836 2555 et
1850 2526 1941 2564 quasi
1959 2525 2112 2555 continue
2124 2525 2317 2563 deserentes,
2374 2535 2378 2549 ⁸

1305 2579 1445 2609 eundem
1475 2580 1607 2609 Petrum
1628 2588 1663 2609 ac
1688 2579 1801 2608 tratres
1825 2579 1925 2617 ipsius
1949 2583 1978 2608 et
2000 2578 2213 2616 Generosam,
2231 2579 2316 2618 eJ'us-

1306 2633 1377 2663 dem
1402 2633 1533 2662 Roberti
1561 2632 1724 2669 relictam,
1759 2633 1941 2662 interficere
1971 2631 2228 2675 comminantes,
2261 2640 2316 2662 eos

1305 2686 1466 2717 offendere
1489 2686 1625 2716 diversis
1655 2690 1685 2715 et
1709 2686 1800 2725 quasi
1828 2685 1994 2716 continuis
2021 2685 2317 2715 machinationibus

1306 2739 1496 2770 moliuntur.
1517 2740 1623 2776 Quare
1639 2740 1726 2770 idem
1745 2740 1859 2769 Petrus
1876 2739 1969 2769 nobis
1985 2738 2228 2768 lacrimabiliter
2243 2747 2319 2778 sup—

1306 2793 1435 2831 pliCavit
1452 2798 1503 2829 ut,
1529 2802 1602 2823 cum
1620 2793 1754 2823 dilectus
1773 2792 1861 2822 filius
1879 2815 1898 2821 ..
1923 2791 2020 2822 abbas
2043 2791 2230 2821 monasterii
2249 2791 2319 2821 Me-

1306 2846 1482 2882 niacensis,
1502 2846 1625 2876 ordinis
1641 2846 1673 2876 S.
1696 2845 1882 2882 Benedicti,
1902 2845 1955 2875 cui
1971 2853 2046 2875 cura
2062 2849 2092 2874 et
2106 2844 2316 2874 administra-

1307 2899 1350 2928 tio
1369 2899 1470 2938 ipsius
1493 2899 1641 2936 ecclesie,
1672 2899 1806 2938 pastoris
1836 2898 1946 2928 solatio
1979 2897 2149 2934 destitute,
2177 2897 2240 2927 fuit
2263 2905 2320 2937 per

1304 2952 1387 2983 bone
1401 2953 1554 2983 memorie
1573 2953 1768 2989 Berardum⁷
1784 2951 2012 2982 Penestrinum
2027 2951 2222 2989 episcopum,
2242 2954 2318 2981 tuuc

1305 3005 1338 3035 in
1353 3005 1418 3035 illis
1429 3007 1572 3045 partibus
1583 3006 1752 3045 apostolice
1767 3005 1851 3036 sedis
1868 3005 2022 3043 legatum,
2035 3003 2207 3034 commissa
2220 3008 2320 3043 etper
