2393 3496
152 318 209 350 734
896 307 1130 341 REGISTRES
1152 306 1207 336 DE
1229 304 1412 335 NICOLAS
1437 305 1492 334 IV.

152 393 224 414 rum
241 382 445 413 ecclesiarum
465 382 495 410 in
517 390 649 420 quarum
667 378 842 418 parrochiis
857 376 980 406 decime
996 376 1062 412 ipse
1079 381 1153 402 con-

152 437 271 466 sistunt
283 440 313 465 et
325 435 566 465 diocesauorum
581 441 689 462 earum
701 431 739 460 ad
754 431 785 459 id
800 429 967 459 accedente
982 434 1152 462 consensu,

152 489 338 519 auctoritate
370 488 455 518 vobis
490 486 685 524 presentium
715 482 921 512 concedimus
953 479 1150 514 facultatem,

151 542 322 572 sufficienti
342 550 359 570 a
376 540 463 570 vobis
481 539 568 577 prius
584 537 712 576 prestita
730 536 876 564 cautione
894 533 933 563 de
948 530 1154 562 restituendis

151 596 284 625 decimis
307 594 385 632 ipsis
406 592 525 621 eisdem
547 590 688 620 ccelesiis
709 588 978 627 quandocumque
1001 585 1090 615 vobis
1114 584 1154 613 ab

153 648 279 677 illarum
297 645 469 675 rectoribus
486 643 580 673 suerit
596 642 633 671 de
651 639 879 678 redemptionis
896 639 995 677 pretio
1010 637 1154 667 satisfac-

153 706 255 730 tum...
286 700 354 728 Dat.
375 696 457 736 apud
483 696 755 729 Urbemveterem,
782 702 836 722 vin
858 692 930 722 idus
946 691 1045 730 junii,
1067 698 1154 720 anuo

152 759 273 791 quarto.
295 765 307 776 »ι

218 903 327 931 5331
729 898 860 931 Orvicto,
879 898 910 924 13
922 898 986 932 juin
1006 897 1082 924 1291.

188 963 368 999 Dispensatio
384 971 471 997 super
487 963 599 988 defectu
615 960 733 987 ordinis.
748 960 830 991 (Rea.
846 959 889 992 46,
906 968 932 987 e.
948 960 1011 990 277,
1024 959 1043 985 f.
1057 959 1090 985 55
1105 960 1153 990 r⁰.)

190 1064 364 1099 Ιίιιίίἰεὶιηο,
393 1066 526 1102 episcopo
551 1063 761 1098 Atrebatenm',
788 1061 934 1099 indulget
962 1066 995 1091 ut
1019 1065 1154 1099 quatuor

149 1120 255 1149 clerici
287 1119 356 1156 ojus
384 1117 548 1155 obsequiis
577 1116 780 1151 insistentes,
809 1115 958 1145 ecclesias
982 1124 1055 1145 cum
1079 1122 1155 1144 cura

148 1173 343 1207 obtinenteS‚
370 1181 423 1210 per
449 1170 712 1209 quinquennium
740 1169 900 1208 suscipere
926 1168 1153 1198 sacerdotalem

148 1227 291 1256 ordinem
312 1234 375 1255 non
396 1228 575 1254 teneantur.

189 1292 202 1306 α
228 1280 293 1308 Τυθ
314 1278 491 1308 devotionis
511 1281 745 1314 promeretur...
769 1293 805 1298 —
822 1276 892 1306 Dat.
911 1275 994 1315 apud
1017 1275 1153 1306 Urbem-

148 1338 298 1369 veterem‚
316 1332 420 1362 idibus
438 1331 534 1370 junii,
553 1339 637 1360 anno
653 1334 775 1368 quarto.
796 1342 808 1355 »

218 1492 335 1522 5332

186 1555 315 1581 Fas-ultas
338 1554 521 1589 dispensandi
543 1561 632 1587 super
654 1552 814 1587 pluralitate
835 1552 1039 1578 beneficiorum
1061 1551 1155 1577 eccle-

148 1606 338 1631 siasticorum.
356 1603 435 1637 (Rea.
454 1603 495 1634 46,
512 1611 539 1629 c.
556 1602 618 1636 ⁶278,
635 1602 654 1628 f.
673 1602 705 1628 55
722 1602 771 1634 1¹0.)

746 1489 878 1523 Orviet0‚
894 1489 909 1515 9
922 1489 986 1523 Juin
1004 1488 1080 1515 1291.

186 1707 330 1741 humani,
347 1707 567 1743 archiepiscopo
585 1705 816 1740 Cantuariensi,
838 1703 1021 1734 facultatem
1042 1711 1153 1733 conce-

147 1760 193 1789 dit
214 1759 421 1798 dispensandi
437 1768 511 1788 cum
533 1762 669 1797 quatuor
688 1757 814 1788 clericis
832 1757 934 1795 ipsius
950 1756 1105 1786 dioecesis
1121 1759 1157 1786 ut

148 1814 367 1851 unusquisque
389 1813 453 1842 duo
477 1811 693 1842 ecclesiastica
711 1811 869 1841 beneficia
894 1819 1003 1841 curam
1029 1810 1155 1840 anima-

148 1876 217 1896 rum
234 1867 383 1896 habentia
399 1866 544 1895 obtinere
560 1865 668 1904 possit.

189 1932 201 1945 «
220 1919 321 1948 Tuam
338 1919 478 1949 volentes
494 1919 691 1949 honorare...
715 1935 753 1940 —
776 1918 848 1948 Dat.
871 1917 955 1956 apud
979 1917 1157 1947 Urbemve-

148 1977 257 2002 terem.
274 1982 291 2000 v
308 1972 379 2001 idus
394 1973 491 2010 junii,
510 1980 596 2002 anno
614 1975 739 2010 quarto.
760 1983 772 1997 »

217 2131 466 2160 5333-5338

186 2195 330 2229 Philippo,
347 2203 482 2229 episcopo
503 2194 687 2226 Tridentino,
710 2195 917 2220 monasterium
939 2193 1037 2220 Sancti
1061 2192 1155 2219 Bene—

750 2130 876 2162 ‹Ji-vieto,
895 2131 909 2155 8
922 2131 985 2164 juin
1005 2129 1082 2157 1291.

148 2245 213 2270 dicti
231 2244 265 2270 de
284 2244 469 2278 l’adolyrone,
484 2243 655 2270 Mantuanae
671 2243 823 2274 dioecesis,
836 2243 999 2270 committit.
1014 2243 1098 2276 (Rea.
1111 2242 1154 2273 46,

149 2301 173 2318 c.
190 2293 252 2323 2³79.
271 2293 288 2318 f.
307 2293 338 2318 :35
356 2294 403 2324 r0.)

197 2389 358 2423 Venerabili
384 2396 478 2430 fram
507 2395 664 2431 Philippo,
694 2395 827 2431 episcopo
855 2393 1043 2429 Tridentino,
1068 2401 1155 2423 com-

151 2447 246 2476 mittit
275 2447 504 2476 monasterium
534 2447 643 2477 Sancti
670 2446 834 2476 Benedicti
865 2447 903 2477 de
934 2446 1155 2485 Padolyrone,

149 2501 186 2529 ad
207 2508 371 2529 romanam
392 2499 559 2529 ecclesiam
586 2499 676 2529 nullo
697 2499 805 2530 medio
828 2500 1010 2538 pertinens,
1033 2499 1156 2530 ordinis

150 2554 181 2583 S.
207 2553 388 2588 Benedicti,
411 2553 605 2582 Mantuanae
630 2552 796 2588 dioecesis,
816 2562 934 2583 vacans
957 2562 1011 2592 per
1032 2553 1155 2583 obitum

149 2606 310 2645 quondam
332 2605 507 2643 Johannis,
531 2606 584 2644 qui
607 2606 689 2645 apud
715 2606 822 2636 sedem
845 2605 1051 2645 apostolicam
1068 2605 1156 2635 diem

149 2659 262 2689 clausit
280 2663 469 2689 extremum.
490 2675 531 2682 —
554 2659 645 2689 Prior
667 2663 696 2689 et
721 2664 897 2690 conventus
920 2660 1064 2699 ejusdem
1088 2668 1156 2689 mo-

150 2712 290 2747 nasterii,
307 2721 362 2751 per
379 2713 463 2742 viam
478 2713 701 2751 compromissi
716 2713 932 2752 procedentes,
951 2715 999 2749 B.,
1017 2713 1156 2752 priorem

149 2767 303 2797 Omnium
323 2767 513 2796 Sanctorum
538 2767 576 2796 de
598 2767 746 2803 Mantua,
765 2767 952 2805 postulando
974 2766 1155 2805 elegerunt,

149 2820 200 2850 sed
219 2828 291 2849 cum
311 2820 346 2851 B.
370 2819 410 2849 ad
427 2819 535 2849 sedem
559 2818 762 2858 apostolicam
780 2819 991 2858 personaliter
1007 2820 1157 2850 accessis-

149 2880 208 2909 set,
230 2871 416 2911 hujusmodi
435 2872 680 2910 postulationem
699 2880 763 2902 non
781 2872 914 2902 admisit
931 2881 1019 2911 papa.

194 2939 205 2952 ι
221 2926 379 2962 Quoniam
396 2935 467 2955 cum
485 2925 664 2964 apostolo...
689 2941 730 2948 —
750 2926 818 2955 Dat.
843 2925 928 2964 apud
952 2926 1157 2956 Urbemvete-

149 2989 277 3014 reni,v1
295 2978 366 3008 idus
379 2978 483 3017 junii,
503 2987 590 3009 anno
607 2982 733 3017 quarto.
757 2991 769 3005 ι)

1279 371 1315 399 ln
1332 379 1360 399 e.
1376 379 1418 399 m.
1441 394 1460 400 ..
1486 370 1583 408 priori
1605 374 1635 399 et
1653 368 1827 399 conventui
1847 368 2036 399 monasterii
2058 367 2166 397 Sancti
2186 367 2244 397 Be—

1238 423 1355 452 nedicti
1380 423 1419 453 de
1444 422 1644 461 Padolyrone
1663 421 1795 451 mandat
1814 425 1847 451 ut
1862 421 1967 452 eidem
1989 420 2244 451 administratori

1236 475 1375 505 debitam
1392 475 1608 505 obedientiam
1623 474 1822 513 impendant.

1278 529 1314 557 In
1332 537 1358 558 e.
1378 538 1421 558 m.
1442 529 1601 558 universis
1614 528 1795 564 abbatibus,
1814 528 1970 567 prioribus
1986 532 2016 557 et
2033 526 2246 558 conventibus

1237 582 1506 611 monasteriorum
1533 585 1562 610 et
1587 581 1784 619 prioratuum
1811 580 2025 619 subjectorum
2051 579 2246 610 monasterio

1237 634 1346 664 Sancti
1365 634 1529 664 Benedicti
1549 634 1587 664 de
1603 633 1817 673 Padolyrone.

1279 688 1315 717 In
1331 696 1358 716 e.
1374 696 1417 716 m.
1430 687 1588 716 universis
1601 686 1745 716 vassallis
1758 686 1944 716 monasterii
1958 686 2065 716 Sancti
2078 685 2244 716 Benedicti

1237 742 1274 772 de
1283 742 1486 781 Padolyrone
1494 741 1625 771 mandat
1635 746 1669 771 ut
1679 741 1782 772 eidem
1796 741 2048 772 administratori
2061 741 2155 772 solita
2165 741 2244 770 fide-

1237 795 1338 825 litatis
1352 796 1574 834 juramentum
1592 798 1621 824 et
1639 794 1770 824 servitia
1788 799 1959 833 praestent.

1307 981 1424 1009 533¹?

1273 1043 1378 1070 Contra
1389 1043 1549 1069 Arnalduin
1561 1042 1690 1076 Roget-ii,
1707 1041 1755 1076 qui
1773 1042 2002 1076 praeposituram
2013 1042 2153 1068 ecclesiae
2168 1041 2246 1068 Tho-

1836 979 1967 1010 Orvieto‚
1986 979 2077 1013 9juin
2095 978 2174 1006 1291.

1238 1093 1351 1119 losanae
1370 1093 1527 1127 usurpavit.
1545 1091 1626 1124 (lico.
1647 1092 1695 1122 46,
1714 1099 1739 1117 c.
1759 1090 1826 1125 ²280,
1846 1091 1864 1117 s.
1885 1091 1917 1117 55
1935 1092 1986 1123 vo.)

1285 1196 1450 1225 Venerabili
1476 1196 1571 1231 fratri
1596 1195 1739 1232 Huyono,
1769 1195 1920 1232 episcopo,
1944 1200 1970 1224 et
1998 1195 2103 1224 dilecto
2131 1195 2196 1232 filio
2224 1215 2245 1223 ..

1235 1250 1337 1286 priori
1351 1249 1433 1279 Beate
1445 1249 1540 1277 Mar-ie
1555 1250 1698 1278 deam-ace
1718 1248 1881 1277 Tholosane
1899 1256 1934 1277 ac
1950 1249 2096 1285 magistro
2111 1248 2247 1278 Iohanni

1239 1302 1425 1337 Clzamboni,
1453 1303 1598 1331 canonico
1629 1302 1900 1339 MayalonensibuS.
1931 1301 2017 1332 Olim
2047 1301 2247 1340 praepositu—

1236 1364 1305 1385 ram
1324 1355 1474 1392 ecclesiae
1490 1354 1701 1391 Tbolosauae,
1717 1364 1827 1384 curam
1850 1355 2036 1384 animarum
2059 1354 2245 1388 habentem.

1237 1409 1362 1439 ordinis
1381 1408 1413 1438 S.
1434 1408 1628 1446 Augustini,
1646 1417 1702 1446 per
1721 1412 1856 1438 mortem
1876 1407 2039 1447 quondam
2055 1407 2169 1438 Vitalis
2192 1416 2248 1437 va-

1236 1467 1379 1499 cantem,
1406 1471 1484 1501 papa
1513 1462 1665 1499 magistro
1688 1461 1862 1491 Guillelmo
1891 1461 1930 1491 de
1953 1461 2160 1500 Mandagoto‚
2189 1469 2246 1491 no-

1238 1516 1316 1545 tario
1346 1523 1418 1552 suo,
1444 1515 1595 1551 contulit,
1623 1519 1653 1544 et
1681 1514 1720 1544 de
1749 1514 1805 1544 illa
1833 1514 2025 1551 magistrum
2055 1514 2246 1551 Nicolaum,

1237 1569 1450 1599 camerarium
1490 1573 1520 1598 et
1553 1569 1713 1598 notarium
1748 1577 1863 1604 suum,
1898 1568 2044 1605 ejusdem
2078 1567 2248 1597 Guillelmi

1238 1622 1387 1658 nomine,
1405 1631 1461 1660 per
1481 1622 1642 1651 annulum
1664 1621 1838 1651 investivit.
1859 1621 1921 1651 Sed
1946 1620 2122 1659 capitulum
2147 1619 2248 1650 eccle-

1238 1676 1304 1705 siae
1327 1674 1528 1704 Tholosanae
1552 1674 1734 1704 Arnaldum
1759 1674 1905 1712 Rogerii,
1928 1674 2073 1713 ejusdem
2097 1673 2249 1703 ecclesiae

1239 1728 1447 1763 canonicum,
1478 1728 1637 1757 defectum
1666 1728 1700 1756 in
1728 1727 1896 1757 ordinibus
1922 1726 2113 1765 patientem,
2140 1730 2249 1765 postu-

1238 1782 1319 1812 lavit
1345 1786 1375 1811 et
1400 1781 1567 1820 episcopus
1590 1780 1791 1810 Tholosanus
1814 1780 1897 1810 hanc
1922 1779 2169 1819 postulationem
2193 1779 2249 1808 ad-

1239 1837 1337 1871 misit,
1356 1836 1506 1874 idemque
1525 1834 1688 1864 Arnaldus
1705 1834 1789 1864 lianc
1810 1834 2062 1873 praeposituram
2083 1833 2250 1872 occupavit

1240 1894 1269 1920 et
1284 1890 1390 1920 adhuc
1407 1894 1590 1928 occupatam
1605 1889 1742 1924 detinet;
1759 1896 1857 1927 quare
1874 1897 1953 1927 papa
1974 1887 2143 1926 praedictis
2165 1888 2249 1926 epis-

1239 1952 1330 1983 copo,
1351 1943 1448 1981 priori
1465 1947 1495 1972 et
1510 1942 1665 1972 canonico
1682 1942 1740 1971 sub
1758 1949 1860 1980 poena
1878 1941 2098 1980 suspensionis
2117 1940 2250 1971 mandat

1240 2002 1274 2027 ut
1290 1997 1375 2026 infra
1391 2001 1459 2026 octo
1474 1996 1543 2026 dies
1561 2000 1629 2034 post
1645 1994 1860 2033 receptionem
1876 1995 2092 2033 praesentium
2110 1994 2250 2033 praedic—

1239 2054 1307 2080 tum
1324 2050 1504 2080 Arualdum
1526 2049 1744 2089 personaliter,
1762 2049 1789 2078 si
1807 2048 1953 2087 poterint,
1971 2047 2113 2087 alioquin
2131 2048 2167 2078 in
2184 2057 2250 2078 ma-

1236 2106 1305 2144 jore
1328 2105 1460 2134 ecclesia
1486 2103 1668 2133 Tholosana
1688 2102 1738 2132 vel
1762 2102 1795 2131 in
1821 2102 1970 2132 domibus
1991 2101 2246 2141 praepositurae,

1240 2158 1365 2197 publice
1388 2161 1540 2187 moneant
1561 2161 1594 2187 ut
1617 2156 1703 2186 infra
1723 2156 1832 2185 decem
1857 2156 1925 2185 dies
1947 2161 2015 2194 post
2035 2156 2247 2186 monitionem

1240 2213 1333 2241 istam
1348 2212 1598 2249 praeposituram
1617 2211 1771 2248 magistro
1789 2209 1963 2239 Guillelmo
1987 2208 2036 2239 vel
2052 2209 2249 2248 procuratori

1239 2266 1308 2304 ejus
1325 2265 1458 2295 liberam
1479 2265 1627 2294 dimittat.
1646 2264 1681 2293 Si
1700 2271 1773 2293 vero
1791 2262 1955 2292 Arnaldus
1971 2263 2158 2302 hujusmodi
2179 2266 2249 2292 mo-

1240 2320 1316 2348 nitis
1341 2328 1450 2357 parcre
1471 2318 1716 2356 contempserit,
1734 2326 1807 2347 eum
1833 2317 1931 2346 citent
1954 2321 1988 2346 ut
2007 2316 2093 2346 infra
2110 2316 2248 2346 duorum

1240 2373 1402 2402 mensium
1420 2372 1557 2410 spatium
1573 2370 1745 2410 apostolico
1763 2379 1795 2400 se
1817 2370 1999 2408 conspectui
2022 2373 2247 2408 repraesentet.

1281 2438 1294 2451 «ι
1314 2425 1363 2454 Ad
1381 2434 1491 2455 eorum
1507 2424 1600 2463 qui...
1618 2440 1655 2446 ——
1670 2424 1741 2453 Dat.
1755 2423 1839 2462 apud
1855 2423 2130 2460 Urbemveterem,
2144 2422 2250 2452 vidus

1237 2479 1339 2517 junii,
1359 2488 1445 2509 auno
1463 2483 1586 2517 quarto.
1608 2490 1622 2504 1>

1310 2660 1428 2690 5338
1827 2657 1953 2687 (Ji-vieto,
1973 2656 2002 2682 11
2016 2655 2080 2690 juin
2096 2654 2175 2682 1291.

1276 2723 1505 2757 Archiopiscopo
1521 2721 1707 2748 Antibarensi
1727 2719 1842 2746 mandat
1858 2722 1888 2745 ut
1903 2718 2073 2745 electionem
2087 2716 2174 2749 Petri,
2189 2718 2248 2752 epi-

1240 2773 1320 2806 scopi
1337 2771 1427 2798 savae
1446 2772 1472 2798 in
1490 2771 1627 2804 Albania,
1643 2770 1794 2797 confirmet
1812 2768 1962 2802 electoque
1977 2774 2084 2794 munus
2097 2774 2248 2793 consecra-

1240 2822 1326 2848 tionis
1342 2820 1497 2856 impcndat.
1515 2820 1598 2853 (Rso.
1614 2819 1657 2850 46,
1674 2827 1699 2846 c.
1716 2818 1777 2849 281.
1794 2818 1814 2844 ἱ.
1831 2818 1864 2845 55
1880 2823 1925 2849 v⁰;
1944 2816 2059 2849 Purra..
2077 2815 2184 2847 23700.)

1282 2936 1294 2950 (ι
1322 2924 1383 2953 Per
1405 2928 1473 2953 tuas
1494 2928 1560 2953 et...
1578 2939 1619 2945 —
1636 2923 1706 2953 Dat.
1727 2921 1809 2961 apud
1829 2920 2106 2956 Urbemveterem,
2124 2927 2157 2948 ni
2175 2918 2247 2948 idus

1239 2977 1342 3016 junii,
1359 2985 1445 3007 anno
1464 2981 1586 3016 quarto.
1607 2987 1620 3003 n
