2393 3496
251 327 310 357 978

294 390 622 432 Alioquin[...],insra
631 388 816 428 quindecim
827 388 894 418 dies
903 392 971 426 post
981 387 1161 426 predictum
1171 395 1260 416 men-

293 456 359 477 sem
380 444 564 475 immediate
581 446 766 481 sequenteS‚
784 441 976 471 constituere
995 439 1167 479 neglig[...]
1184 439 1256 478 ligi,

255 514 267 525 »
293 508 410 538 vosque
429 504 490 527 tres
506 501 608 535 partes
625 496 765 533 ipsorum
780 494 958 530 fructuum,
976 493 1173 529 reddituum,
1187 500 1257 532 pro-

256 566 265 577 »
293 556 386 581 ventu
393 559 458 584 um,
468 548 591 587 jurium
603 552 633 577 et
643 546 874 577 obventionum
886 546 919 575 in
931 545 1124 576 solutionem
1136 545 1260 584 [hujus-

257 620 268 629 ·›
294 604 380 634 modi
391 602 489 633 debiti
501 599 839 638 convertatis]‚quarta
848 608 958 629 eorum
970 603 1058 638 parte
1067 599 1129 638 ipsi
1141 598 1260 637 prelato

293 666 346 696 pro
363 656 428 685 suis
445 654 624 693 sumptibus
641 657 670 683 et
686 653 846 691 expensis,
862 661 902 682 ne
917 652 1101 682 mendicare
1116 655 1257 690 cogatur,

255 724 265 736 n
292 712 323 739 in
343 708 549 747 obprobrium
564 705 770 745 pon[tificalis
784 706 949 744 dignitatis
965 704 1148 744 re]servata.
1167 705 1260 741 Quod

256 781 265 787 r«
292 763 317 792 si
334 771 388 801 per
404 761 543 791 eundem
560 759 718 799 prelatum
734 759 857 789 steterit
870 759 919 789 vel
935 759 1055 789 sactum
1070 758 1169 788 fuerit
1181 767 1260 798 quo-

257 828 267 837 ν»
292 815 400 845 minus
418 814 499 844 dicte
518 818 579 843 tres
598 817 700 852 partes
717 813 890 850 fructuum,
908 812 1106 849 reddituum,
1123 820 1259 851 proven-

293 874 399 905 tuum,
415 867 540 906 jurium
556 871 587 896 et
608 867 839 897 obventionum
856 866 998 905 ipsorum
1015 866 1050 895 in
1067 865 1261 896 solutionem

293 920 479 960 hujusmodi
494 920 593 950 debiti
611 923 849 957 convertantur,
867 929 940 950 eum
958 920 1061 958 ajure
1077 923 1261 958 patronatus

292 985 346 1005 seu
366 974 551 1004 executione
567 974 668 1012 ipsius
684 973 767 1012 qnod
784 973 818 1002 in
835 972 1033 1012 quibuslibet
1048 973 1189 1003 ecclesiis
1204 973 1262 1003 ob-

256 1042 267 1053 ›=
294 1028 383 1062 tinet,
402 1035 528 1057 necnon
544 1031 572 1056 et
588 1036 606 1056 a
622 1026 790 1057 collatione
806 1027 1064 1062 canonicatuum,
1082 1026 1261 1065 prehenda-

292 1090 365 1111 rum
381 1085 411 1111 et
424 1080 653 1110 beneficiorum
668 1080 827 1115 omnium,
845 1088 917 1110 cum
930 1088 1007 1110 cura
1020 1079 1070 1109 vel
1088 1080 1158 1110 sine
1172 1089 1260 1118 cura,

258 1148 268 1157 ν»
294 1134 419 1164 etiamsi
439 1137 627 1172 personatus
648 1133 698 1163 vel
713 1133 885 1171 dignitates
901 1134 1048 1169 existant,
1066 1142 1129 1171 que
1144 1133 1184 1162 ad
1197 1133 1262 1163 col-

256 1202 266 1213 ν
292 1188 445 1218 lationem
464 1187 565 1226 ipsius
581 1186 694 1226 prelati
709 1187 885 1226 pertinent,
902 1186 1115 1225 appellatione
1136 1191 1260 1226 postpo-

294 1242 363 1278 sita,
376 1240 589 1279 suspendatis,
603 1248 621 1269 a
634 1249 771 1279 quorum
785 1240 931 1270 omnium
943 1240 1111 1270 collatione
1125 1245 1189 1270 tam
1203 1240 1260 1271 diu

293 1294 443 1324 nolumus
460 1295 565 1333 ipsum
581 1302 713 1323 manere
724 1302 915 1332 suspensum
933 1302 1030 1332 quam
1041 1293 1097 1323 diu
1114 1303 1170 1332 per
1186 1303 1261 1324 eum

256 1360 267 1373 ι»
293 1347 413 1377 steterit
436 1347 485 1376 vel
508 1347 625 1376 factum
654 1346 750 1376 fuerit
772 1347 944 1385 quominus
964 1346 1047 1377 dicte
1074 1352 1135 1377 tres
1156 1352 1262 1386 partes

257 1414 267 1424 -v
293 1402 327 1430 in
353 1400 546 1430 solutionem
566 1400 735 1429 memorati
760 1399 861 1430 debiti
879 1400 1004 1438 integre
1021 1405 1260 1431 convertantur.

254 1467 267 1479 ,ι
293 1453 341 1483 Ne
356 1461 429 1482 vero
441 1452 608 1490 beneficia,
622 1457 811 1492 personatus
824 1452 875 1483 vel
890 1453 1063 1491 dignitates
1074 1453 1262 1492 hujusmodi

293 1507 328 1536 in
357 1506 534 1545 dampnum
559 1506 766 1537 ecelesiarum
791 1511 820 1536 et
839 1507 1024 1538 animarum
1048 1508 1262 1546 prejudicium

294 1559 417 1589 diutius
433 1568 545 1589 vacare
561 1560 735 1598 contingat,
754 1569 790 1590 ea
805 1559 969 1590 collationi
985 1564 1016 1590 et
1032 1562 1263 1599 presentationi

294 1612 377 1642 sedis
402 1612 573 1651 apostolice
597 1614 784 1644 auctoritate
812 1614 1012 1652 presentium
1041 1623 1260 1652 reservamus,

294 1665 394 1695 libere
405 1666 599 1695 conterenda
613 1671 642 1696 et
658 1667 926 1705 presentationem
941 1667 1129 1707 hujusmodi
1146 1669 1263 1699 facien-

294 1718 368 1748 dam
394 1728 449 1757 per
472 1728 547 1749 eum
567 1719 617 1750 vel
636 1728 689 1750 eos
712 1720 764 1750 cui
791 1720 841 1750 vel
866 1721 983 1759 quibus
1003 1721 1209 1752 collationem
1234 1726 1264 1752 et

296 1773 563 1811 presentationem
583 1773 710 1803 easdem
725 1773 815 1804 sedes
831 1774 899 1812 ipsa
915 1774 1040 1805 duxerit
1058 1776 1262 1806 committen-

294 1825 359 1855 das.
393 1826 514 1856 Omnes
545 1831 653 1856 autem
685 1828 954 1865 presentationes‚
985 1828 1172 1860 collationes
1205 1840 1263 1860 seu

256 1892 269 1903 ν
294 1879 493 1917 provisiones
505 1879 747 1917 beneficiorum,
763 1885 992 1919 personatuum
1007 1881 1057 1912 vel
1068 1882 1264 1920 dignitatum

295 1933 438 1971 ipsorum
465 1941 544 1971 quas
572 1942 627 1972 per
659 1933 796 1964 eundem
820 1934 977 1973 prelatum
1008 1935 1059 1966 vel
1083 1936 1184 1967 alium
1210 1941 1264 1968 aut

290 1985 368 2016 alios
393 1986 461 2025 ejus
488 1987 636 2023 nomine,
668 1987 856 2026 hujusmodi
881 1997 937 2018 sua
962 1990 1174 2028 suspensione
1203 1991 1264 2021 du-

258 2053 268 2063 »
295 2043 396 2076 rante,
414 2040 583 2078 contigerit
602 2041 782 2080 attemptari
799 2041 1036 2080 quomodolibet
1058 2043 1108 2073 vel
1122 2045 1265 2082 presumi

257 2106 270 2118 ν
295 2092 500 2123 decernimus
519 2103 555 2124 ex
572 2103 660 2124 nunc
676 2095 781 2124 irritas
797 2099 828 2124 et
849 2095 963 2126 inanes
981 2105 1017 2126 ac
1033 2096 1157 2128 nullius
1173 2107 1263 2137 pror-

295 2153 348 2175 sus
368 2145 501 2175 existere
518 2146 689 2176 firmitatis.
710 2147 747 2176 Et
763 2146 1010 2183 nichilominuS‚
1032 2149 1090 2179 sub
1106 2159 1188 2188 pena
1203 2152 1266 2190 pri-

296 2199 431 2229 vationis
459 2198 634 2237 prelature,
661 2200 783 2230 dictum
807 2200 962 2240 prelatum
986 2202 1088 2233 citetis
1118 2208 1153 2233 ut
1180 2204 1266 2235 infra

295 2257 417 2282 certum
436 2253 613 2282 terminum
633 2262 728 2292 quem
746 2254 891 2284 videritis
910 2255 1133 2294 prefigendum
1156 2258 1196 2288 ad
1213 2267 1265 2289 ro-

296 2314 425 2335 manam
444 2306 568 2336 curiam
589 2315 622 2336 se
643 2307 855 2345 personaliter
878 2308 1034 2347 conferat,
1053 2318 1072 2339 a
1090 2311 1178 2340 curia
1196 2311 1266 2350 ipsa

298 2357 481 2390 nullatenus
511 2367 694 2389 recessurus
721 2359 842 2398 absque
869 2369 1017 2400 expressa
1042 2366 1072 2392 et
1098 2365 1265 2402 apparenti

297 2411 426 2441 licentia
447 2416 659 2442 mercatorum
686 2412 846 2451 ipsorum,
864 2414 928 2443 nisi
946 2415 1036 2453 prius
1059 2416 1156 2446 fuerit
1172 2417 1265 2448 dictis

298 2465 527 2494 mercatoribus
542 2465 580 2494 de
594 2465 677 2495 dicto
691 2466 797 2496 debito
812 2467 936 2505 integre
951 2468 1159 2500 satisfactum.
1173 2471 1266 2507 Quod

298 2517 325 2547 si
344 2518 422 2547 sorte
438 2518 596 2556 prefatum
614 2518 770 2557 prelatum
786 2520 892 2550 medio
908 2525 1048 2561 tempore
1064 2523 1145 2554 mori
1161 2525 1264 2555 conti-

297 2571 394 2609 gerit,
413 2571 561 2601 volumus
577 2572 661 2611 quod
678 2581 839 2603 successor
855 2574 957 2613 ipsius
973 2576 1023 2606 vel
1039 2578 1211 2608 satisfaciat
1227 2579 1266 2610 de

300 2623 383 2653 dicta
408 2625 544 2663 pecunia
571 2626 801 2656 mercatoribus
826 2629 1027 2667 memoratis,
1051 2630 1103 2660 vel
1123 2633 1265 2663 converti

301 2676 457 2715 predictos
473 2677 605 2714 fructus,
624 2679 765 2709 redditus
781 2684 810 2710 et
826 2686 1010 2720 proventus,
1022 2684 1115 2723 juxta
1129 2685 1266 2717 formam

299 2738 481 2768 expressam
503 2732 667 2769 superiuS,
691 2733 725 2762 in
742 2733 935 2765 solutionem
951 2736 1110 2775 integram
1133 2739 1267 2778 predicti

261 2795 272 2807 ι,
298 2782 398 2812 debiti
420 2783 567 2821 patiatur.
586 2784 620 2813 Si
637 2789 744 2815 autem
767 2786 805 2816 de
829 2789 964 2826 pecunia
978 2789 1047 2828 ipsa
1062 2791 1198 2822 minime
1215 2802 1267 2823 sa-

301 2836 452 2865 tissecerit
469 2841 499 2866 et
519 2836 789 2876 impedimentum
810 2842 982 2879 prestiterit
1000 2845 1175 2882 quominus
1200 2856 1268 2886 pre-

298 2888 373 2918 dicti
390 2888 522 2926 fructus,
541 2889 684 2920 redditus
700 2897 731 2921 et
744 2898 917 2931 proventus
935 2897 1112 2927 secundum
1130 2899 1266 2930 eandem

299 2941 431 2971 sormam
444 2942 477 2971 in
494 2942 685 2974 solutionem
702 2945 815 2984 prefati
831 2946 928 2978 debiti
939 2953 1178 2990 convertantur,
1195 2961 1267 2984 con-

261 3008 273 3020 ‚,
301 3000 346 3024 tra
365 3004 581 3027 successorem
606 2997 711 3036 ipsum
735 2998 774 3028 ad
799 3002 1042 3040 suspensionem
1062 3005 1145 3044 juris
1165 3010 1268 3045 patro-

998 319 1235 351 REGISTRES
1257 319 1312 350 DE
1334 318 1519 349 NICOLAS
1541 320 1600 350 IV.

1344 397 1358 411 »
1383 390 1477 415 natus
1499 394 1554 415 seu
1577 385 1773 415 executionis
1792 384 1894 423 ipsius
1916 389 1946 413 et
1965 383 2146 414 collationis
2167 392 2222 414 seu
2245 387 2347 424 provi.

1344 450 1358 465 »
1383 438 1484 468 sionis
1511 439 1776 473 canonicatuum,
1801 437 2036 476 prebendarum
2063 442 2093 467 et
2121 437 2344 472 beneficiorum

1345 503 1358 518 n
1383 491 1549 527 oninium,
1567 500 1639 521 cuni
1659 500 1735 521 cura
1758 490 1808 520 vel
1829 490 1899 520 sine
1921 499 2014 527 cura,
2035 490 2161 523 etiamsi
2180 490 2346 530 dignitates

1345 556 1358 571 a>
1384 543 1433 574 vel
1448 548 1636 583 personatus
1655 544 1802 581 existant,
1820 548 1850 574 et
1866 543 1905 573 ad
1922 542 2062 573 similem
2079 543 2264 574 citationem
2278 554 2346 584 per.

1384 597 1528 627 sonalem
1545 597 1585 627 ad
1606 597 1730 627 curiam
1753 596 1983 636 supradictam,
2007 597 2089 626 sicut
2112 600 2221 627 contra
2238 599 2346 636 prede-

1383 659 1544 681 cessorem
1560 659 1655 681 suum
1679 650 1774 680 fuisse
1790 650 1969 680 dinoscitur
1986 650 2021 679 in
2040 650 2100 680 bac
2124 654 2211 688 parte
2228 659 2348 690 proce!-

1384 713 1456 734 sum
1473 703 1522 734 vel
1543 705 1683 743 potuisse
1699 704 1837 743 procedi,
1861 704 1919 734 sub
1936 704 2056 734 eisdem
2072 704 2178 734 modis
2194 709 2224 734 et
2240 692 2351 741 condi-x*¹¹

1385 757 1524 788 tionibus
1555 757 1742 797 procedatis.
1771 757 2029 787 Subtractionem
2060 757 2292 789 nichilominus
2319 762 2355 801 eg

1384 811 1629 850 suspensionem
1649 815 1680 841 et
1701 810 1886 841 citationem
1907 809 2063 850 predictas
2080 819 2116 840 ac
2138 806 2361 857 denuntiatio&

1384 873 1460 894 nem
1476 864 1620 903 ipsorum
1644 864 1861 894 communiter
1877 863 1927 893 vel
1943 863 2072 894 divisim
2089 873 2144 903 per
2159 873 2214 894 vos
2232 863 2284 895 vel
2306 880 2311 892 ι
2325 879 2356 900 25

1385 917 1485 947 alium
1502 926 1557 947 seu
1574 917 1669 954 alios,
1686 921 1781 956 prout
1803 921 1833 946 et
1853 916 1982 955 quando
1999 921 2029 947 ct
2043 917 2181 956 qualiter
2196 921 2228 947 et.
2248 917 2304 949 ubi
2328 933 2333 945 ι
2349 930 2364 947 :

1385 971 1533 1010 quotiens
1550 970 1697 1009 expedire
1710 970 1874 1009 putabitis,
1889 970 2046 1000 faciendo.
2059 970 2313 1008 Contradictores
2329 986 2333 997 ι
2363 966 2367 973 ’

1384 1023 1536 1060 rebelles,
1555 1028 1759 1063 preterquam
1779 1023 1900 1053 dietum
1918 1023 2093 1062 prelatum,
2114 1032 2169 1063 per
2184 1020 2310 1054 censui·
2327 1030 2342 1065 7
2351 1028 2359 1063 j

1385 1077 1631 1108 ecelesiasticam
1652 1076 1894 1116 compescendo.
1918 1076 1957 1106 In
1980 1076 2132 1115 predictis
2155 1081 2264 1107 autem
2283 1085 2325 1108 ιο·
2340 1090 2357 1099 =
2375 1104 2377 1109 ,

1386 1131 1482 1161 nibus
1507 1135 1537 1161 et
1561 1130 1704 1169 quolibet
1728 1130 1941 1169 predictorum
1965 1129 2157 1167 summarie,
2184 1129 2223 1160 de
2244 1129 2363 1171 plano

1386 1185 1456 1214 sine
1472 1184 1604 1223 strepitu
1623 1188 1653 1213 et
1669 1184 1772 1222 figura
1791 1182 1927 1222 judicii,
1945 1183 2095 1222 quotiens
2115 1191 2194 1222 opus
2216 1183 2310 1214 fuerit

1387 1237 1535 1277 expedire
1552 1237 1715 1274 videritis,
1734 1236 1905 1276 procedere
1921 1236 2084 1267 studeatis.
2105 1237 2254 1267 Ceterum
2268 1231 2366 1268 vol·

1347 1303 1361 1318 »
1384 1300 1457 1321 mus
1476 1295 1506 1320 et
1520 1290 1692 1329 apostolica
1710 1290 1896 1320 auctoritate
1913 1289 2119 1320 decernimus
2140 1289 2224 1330 quod
2246 1298 2265 1320 a

1347 1357 1361 1372 »
1385 1345 1584 1384 presentium
1600 1343 1695 1383 plena
1711 1344 1752 1374 sit
1770 1344 1856 1374 vobis
1872 1344 1906 1373 in
1922 1344 2086 1383 premissis
2099 1343 2250 1374 omnibus
2263 1347 2293 1374 et
2312 1353 2350 1380 ²¹2·
2387 1357 2391 1362 ·

1347 1412 1361 1427 n
1386 1408 1458 1429 rum
1477 1397 1614 1437 singulis
1631 1403 1767 1437 potestas
1784 1402 1814 1428 et
1828 1397 2013 1437 jurisdictio
2027 1397 2190 1434 attributa,
2209 1396 2314 1437 quodq
2342 1398 2372 1432 -7”,-·

1347 1466 1361 1481 n
1386 1454 1422 1483 in
1438 1461 1474 1483 eo
1489 1453 1596 1491 vigore
1613 1451 1734 1491 illaque
1747 1451 1900 1481 firmitate
1911 1452 2038 1490 possitis
2051 1451 2238 1481 auctoritate
2251 1458 2321 1482 nou
2336 1453 2348 1485 7“

1349 1519 1362 1535 »
1386 1508 1420 1538 in
1442 1507 1591 1546 predictis
1613 1506 1765 1536 omnibus
1789 1509 1818 1535 et
1837 1514 1893 1544 pro
1917 1504 2066 1544 predictis
2082 1504 2253 1544 procedere
2270 1511 2307 1534 ac
2330 1510 2350 1530 -Γ
2380 1495 2384 1498 ’

1348 1573 1362 1589 »
1386 1565 1491 1591 vestra
1501 1559 1684 1599 jurisdictio
1698 1568 1753 1598 per
1765 1559 1952 1589 citationem
1965 1557 2016 1588 vel
2033 1557 2166 1588 modum
2176 1556 2276 1587 alium
2288 1565 2318 1596 p·
2342 1569 2347 1573 ··

1348 1627 1362 1642 n
1387 1618 1513 1654 petuata
1531 1613 1716 1651 legitimum
1733 1612 1900 1642 extitisset.
1920 1610 2007 1648 Dat„
2027 1615 2086 1641 etc.

1389 1680 1402 1695 »
1423 1668 1578 1704 Quocirca
1596 1666 1782 1697 discretioni
1806 1670 1856 1695 tue
1877 1665 2074 1704 presentium
2095 1668 2204 1695 tenore
2222 1656 2310 1694 man
2325 1686 2346 1689 μ

1346 1731 1420 1752 mus
1435 1722 1588 1760 quatinus
1603 1724 1723 1750 attente
1739 1719 1906 1758 provideas
1923 1723 1958 1748 ut
1975 1718 2009 1748 in
2026 1717 2215 1757 hujusmodi
2231 1716 2347 1748 litter'

1346 1775 1496 1814 quotiens
1518 1773 1602 1812 ipsas
1625 1782 1643 1802 a
1661 1773 1781 1811 prefata
1799 1772 1873 1802 sede
1895 1771 2060 1811 impetrari
2079 1771 2264 1809 contigerit,
2285 1779 2304 1810 p
2327 1783 2355 1820 ιδ
2381 1788 2387 1790 -

1347 1828 1431 1858 dicta
1454 1828 1557 1858 forma
1578 1826 1715 1857 totaliter
1736 1826 1932 1856 observetur.
1954 1825 1992 1855 In
2017 1824 2140 1855 mutuis
2163 1827 2270 1854 autem
2293 1832 2352 1864 qu

1347 1890 1421 1912 cum
1446 1880 1633 1917 abbatibus,
1657 1879 1818 1918 prioribus
1837 1888 1892 1908 seu
1910 1877 1983 1908 aliis
2001 1877 2130 1917 prelatis
2155 1875 2354 1916 regularibu
2376 1916 2383 1923 ·

1348 1934 1578 1966 contrahentur
1595 1933 1744 1964 volumus
1761 1932 1846 1972 quod
1861 1935 2047 1962 executores
2064 1934 2233 1961 teneantur
2245 1933 2276 1960 et
2289 1938 2348 1970 pot:

1348 1989 1415 2019 sint
1430 1987 1538 2026 colligi
1557 1987 1659 2017 facere
1675 1985 1863 2026 hujusmodi
1879 1986 2013 2022 fructus,
2030 1984 2174 2015 redditus
2184 1987 2214 2014 et
2225 1991 2349 2023 proven.

1349 2047 1400 2073 tus
1417 2046 1447 2072 et
1463 2051 1499 2071 ex
1516 2041 1561 2071 eis
1577 2040 1762 2070 ministrare
1779 2038 1988 2069 conventibus
2004 2037 2112 2068 solitas
2125 2036 2309 2067 etsufficien
2329 2047 2340 2061 :1

1349 2104 1503 2135 expensas
1518 2099 1548 2124 et
1568 2098 1667 2125 totum
1684 2093 1850 2123 residuum
1867 2091 2034 2129 assignare
2048 2099 2084 2121 ac
2099 2090 2241 2121 converti
2255 2089 2286 2120 fa
2310 2102 2314 2105 ·
2344 2103 2348 2114 ι

1348 2150 1383 2180 in
1413 2149 1607 2179 solutionem
1637 2147 1736 2177 debiti
1762 2147 1806 2177 sic
1831 2145 1997 2177 contracti.
2026 2145 2098 2174 Dat.
2125 2144 2244 2181 Rome,
2274 2151 2344 2183 apu

1349 2204 1500 2234 Sanctam
1532 2201 1668 2231 Mariam
1695 2200 1867 2239 Majorem,
1896 2208 1951 2229 v111
1977 2197 2132 2228 kalendas
2156 2195 2339 2228 novembris

1348 2257 1550 2297 pontificatus
1570 2255 1672 2285 nostri
1687 2262 1774 2284 anno
1789 2254 1904 2293 primo.
1925 2264 1938 2280 n

1347 1197 1360 1212 U
1347 1144 1360 1159 ὅ
1347 1089 1360 1105 δ
1347 1036 1360 1052 U
1346 983 1360 998 U
1346 930 1359 945 8
1346 875 1359 892 S
1345 823 1359 838 ὃ
1346 770 1359 785 5
1346 716 1359 731 8
1345 659 1360 680 υ
1345 609 1358 624 ἕ

1366 2414 1621 2446 θπθ-Ῑ-Ἷπθθ
1665 2412 2023 2448 Sainte-Marie-ittajeure‚
2041 2410 2074 2438 23
2088 2410 2240 2438 decembre
2256 2408 2333 2438 ¹288.

1384 2478 1542 2506 Auditores
1559 2485 1711 2505 causarum
1727 2476 1888 2503 constituit.
1906 2474 1979 2508 (Fol.
1997 2474 2029 2501 35
2044 2473 2093 2506 το.)

1388 2582 1511 2619 [Dilecto
1527 2580 1590 2619 filio
1655 2578 1882 2618 archi]dz'acono
1899 2578 1933 2607 de
1949 2576 2136 2607 carbonam
2151 2575 2271 2606 ecclesia
2289 2573 2348 2604 Tr

1348 2635 1476 2671 verensi,
1494 2634 1649 2672 capellano
1661 2637 1774 2662 nostro.
1789 2643 1802 2658 α
1820 2630 1921 2670 [Inter
1931 2633 2034 2660 cetera
2046 2627 2158 2668 que]...
2172 2627 2243 2658 Tibi
2254 2634 2313 2657 auc
2331 2633 2348 2651 ι(

1348 2689 1441 2718 ritate
1466 2686 1665 2727 presentium
1688 2685 1920 2716 committimus
1945 2687 1975 2714 et
1994 2681 2186 2712 mandamus
2209 2680 2340 2721 quatinu
2386 2717 2390 2723 '

1348 2750 1460 2772 causas
1478 2746 1508 2771 et
1526 2741 1653 2779 negotia
1669 2739 1821 2769 universa
1838 2742 1869 2768 et
1884 2736 2013 2776 singula
2027 2744 2089 2776 que
2105 2735 2144 2766 de
2161 2731 2353 2765 Patrimo'

1349 2794 1433 2825 beati
1453 2794 1540 2824 Petri
1555 2793 1590 2823 in
1608 2791 1724 2823 Tuscia
1740 2796 1770 2822 et
1788 2790 1955 2831 provincia
1976 2787 2166 2820 Romaniole
2181 2797 2238 2827 per
2253 2795 2321 2826 app
2338 2783 2346 2814 t

1349 2848 1484 2879 lationes
1499 2847 1539 2878 ab
1559 2846 1726 2877 audientia
1741 2849 1900 2876 rectorum
1917 2843 2104 2874 eorumdem
2123 2839 2313 2881 patrimonii
2327 2839 2347 2875 ‚ts

1349 2901 1513 2941 provincie
1536 2899 1726 2931 Romaniole
1743 2903 1838 2938 atque
1856 2901 2047 2937 potestatum
2064 2899 2094 2926 et
2114 2898 2291 2925 ceterorum
2340 2899 2342 2901 ’
2392 2935 2393 2944 ¹

1349 2956 1458 2994 gimen
1475 2954 1653 2991 civitatum,
1670 2957 1846 2983 castrorum
1863 2950 2042 2981 etaliorum
2055 2948 2197 2980 locorum
2212 2945 2347 2986 patrimr

1351 3009 1398 3039 nii
1425 3013 1456 3040 et
1479 3008 1670 3040 Romaniole
1700 3006 1917 3047 predictorum
1946 3003 2129 3044 gerentium
2161 2996 2356 3039 suornmtmv

2356 3089 2383 3168 γ-.
