2393 3496
182 317 244 345 770
935 304 1168 337 REGISTRES
1190 304 1244 334 DE
1267 302 1450 333 NICOLAS
1474 302 1530 332 [v.

184 380 358 411 rundensis
373 379 526 409 dioecesis
538 402 545 415 ,
564 379 596 406 in
613 381 748 415 quatuor
764 375 872 404 beatae
889 373 1023 408 Mariae,
1051 371 1083 400 S.
1105 370 1188 399 Vin-

182 435 279 465 centii
315 439 345 463 et
385 433 417 462 S.
460 431 622 461 Benedicti
657 427 881 458 festivitatibus
894 449 902 462 ,
937 435 992 464 per
1026 429 1094 455 octo
1122 424 1190 453 dies

182 491 350 526 sequentes
380 490 409 515 et
431 485 463 514 in
486 481 709 513 anniversario
733 480 785 510 die
808 479 1017 509 dedicationis
1045 477 1189 516 ejusdem

183 540 344 570 ecclesiae.
365 539 433 567 Dat.
451 536 533 575 apud
551 535 826 568 Urbemveterem,
844 541 863 561 v
879 531 1032 561 kalendas
1046 530 1186 568 augusti,

182 601 268 622 anno
284 596 405 631 quarto.
426 588 533 629 (Ibid.)

758 637 884 669 orvieto,
903 637 941 663 1er
955 637 1021 662 aont
1039 635 1115 662 1291.

225 705 260 734 [n
280 713 306 733 e.
323 712 364 731 m.
379 725 386 738 ,
410 710 464 739 pro
481 699 613 729 ecclesia
637 723 655 728 ..
683 698 796 737 prioris
819 702 850 728 et
875 701 1053 728 conventus
1077 696 1190 726 domus

183 756 409 787 heremitarum
423 754 461 782 de
478 752 646 788 Fabriano,
663 751 788 782 ordinis
807 750 840 781 S.
862 750 1052 788 Augustini,
1075 748 1190 779 Came-

182 808 322 839 rinensis
340 806 509 842 dioecesis,
532 805 566 834 in
590 809 726 844 quatuor
744 805 853 834 beatae
879 803 1016 840 Mariae,
1040 803 1072 832 in
1099 802 1191 840 cujus

183 862 336 891 honorem
356 859 465 888 eadem
481 858 612 888 ecclesia
633 862 679 888 est
696 860 875 887 constructa
889 881 896 893 ‚
917 861 947 886 et
964 856 996 886 S.
1014 855 1191 893 Augustini

183 912 406 944 festivitatibus
422 917 451 941 et
469 921 523 949 per
547 915 615 941 octo
642 910 710 940 dies
731 914 910 949 sequentes.
933 909 1004 938 Dat.
1026 908 1108 946 apud
1128 907 1190 938 Ur-

182 967 412 1002 bemveterem,
428 965 577 996 kalendis
595 964 736 1002 augusti,
751 972 836 993 anno
847 967 970 1002 quarto.
986 961 1092 1001 (Ibid.)

226 1019 259 1049 [n
280 1028 306 1048 e.
326 1027 385 1055 m.,
417 1026 471 1057 pro
494 1016 627 1047 ecclesia
652 1040 671 1046 ..
696 1016 812 1055 prioris
840 1020 870 1045 et
888 1019 1062 1045 conventus
1078 1013 1192 1043 domus

183 1071 413 1102 heremitarum
423 1067 1191 1105 MontisSanctaeMariae‚01·dinisS.Augustini,

183 1125 353 1155 Firmanae
369 1124 539 1159 dioecesis,
557 1124 590 1153 in
607 1123 638 1153 S.
657 1122 843 1161 Augustini,
861 1122 893 1152 S.
909 1121 1091 1157 Salvatoris,
1109 1129 1193 1160 qnae

184 1188 202 1206 v
216 1178 287 1208 idus
301 1177 482 1207 novembris
499 1177 687 1212 celebratur,
708 1180 737 1205 et
751 1180 876 1205 sanctae
894 1175 1083 1213 Margaritae
1098 1173 1191 1204 festi-

184 1230 333 1260 vitatibus
364 1235 395 1259 et
422 1239 475 1269 per
505 1233 573 1259 octo
605 1228 674 1258 dies
706 1232 885 1267 sequentes.
919 1228 987 1258 Dat.
1019 1231 1052 1257 ut
1083 1235 1189 1266 supra.

183 1283 288 1322 (Ibid.)

780 1334 907 1365 Orvieto,
925 1335 939 1360 5
957 1334 1024 1360 aont
1041 1333 1119 1361 1291.

227 1399 263 1428 In
276 1408 303 1429 e.
315 1407 371 1434 m.,
383 1406 437 1437 pro
449 1397 581 1427 ecclesia
592 1397 707 1427 domus
723 1397 857 1426 fratrum
873 1397 1125 1436 praedicatorum
1134 1397 1191 1428 Vi-

184 1451 340 1487 centiuae,
358 1451 391 1479 in
410 1451 441 1479 S.
460 1450 632 1486 Dominici‚
651 1449 683 1480 S.
702 1450 788 1479 Petri
808 1449 972 1488 martyris,
990 1453 1116 1480 sanctae
1131 1449 1192 1481 Co-

184 1511 280 1534 ronae
299 1508 327 1533 et
340 1508 474 1542 quatuor
492 1504 600 1533 beatae
623 1503 742 1532 Mariae
764 1503 991 1533 festivitatibus
1007 1507 1038 1533 et
1055 1512 1110 1542 per
1125 1508 1194 1534 octo

184 1556 251 1586 dies
266 1561 445 1595 sequentes.
464 1557 534 1585 Dat.
551 1556 633 1595 apud
652 1556 928 1593 Urhemveterem,
945 1556 1039 1586 nonis
1054 1557 1192 1594 augusti,

184 1619 270 1640 anno
285 1615 406 1648 quarto.
424 1609 530 1648 (Ibid.)

740 1662 866 1694 Orvieto,
886 1662 918 1689 23
931 1663 1026 1697 juillet
1044 1663 1122 1690 1291.

227 1727 263 1755 In
281 1735 309 1755 e.
326 1735 369 1755 m.
390 1748 409 1754 ..
428 1726 526 1763 priori
545 1730 575 1755 et
589 1725 764 1755 conventui
781 1725 1014 1755 heremitarum
1035 1730 1194 1757 monaste-

184 1779 223 1808 rii
237 1779 346 1809 Sancti
363 1778 512 1816 Gregorii
527 1778 566 1808 de
584 1778 740 1814 Nialtulo,
758 1787 813 1816 per
832 1779 968 1817 priorem
986 1779 1070 1810 soliti
1081 1780 1196 1818 guber-

185 1832 255 1861 nari
269 1855 278 1869 ,
299 1831 420 1861 ordinis
443 1831 474 1861 S.
500 1831 681 1868 Benedicti,
708 1832 929 1862 Urbevetanae
953 1832 1122 1870 dioecesis,
1139 1843 1195 1872 pro

185 1893 295 1914 eorum
323 1884 470 1922 ecclesia,
497 1885 531 1914 in
560 1885 636 1915 sesto
659 1884 690 1915 S.
719 1884 867 1923 Gregorii
896 1889 926 1915 et
952 1895 1007 1924 per
1031 1891 1100 1917 octo
1128 1887 1195 1918 dies

185 1941 367 1976 sequentes.

227 2003 240 2018 σι
260 1991 348 2021 Licet
363 1991 391 2021 is
407 1991 483 2021 de...
501 2007 538 2012 —
552 1992 624 2021 Dat.
643 1992 727 2030 apud
744 1992 1022 2029 Urbemveterem,
1045 2003 1062 2023 x
1083 1993 1194 2024 kalen-

184 2044 239 2074 das
255 2044 382 2082 augusti
396 2068 402 2080 ‚
417 2052 503 2074 anno
518 2048 640 2083 quarto.
665 2057 678 2071 »
696 2045 800 2084 (Ibid.)

258 2197 374 2225 5222
740 2198 868 2232 Orvieto‚
890 2199 919 2226 18
935 2200 1028 2234 juillet
1043 2200 1122 2227 1291.

225 2257 355 2284 Declarat
380 2259 489 2285 nullum
513 2259 695 2286 obstaculum
722 2261 908 2294 processibus
934 2270 983 2296 pet·
1006 2262 1196 2297 inquisitores

188 2307 347 2334 haereticae
362 2308 511 2342 pravitatis
527 2308 600 2334 infra
617 2311 713 2335 certos
728 2309 833 2336 limites
849 2310 1022 2337 constitutos
1037 2311 1143 2339 habitis
1160 2320 1196 2338 ex

185 2363 220 2381 eo
240 2355 301 2382 fieri
316 2356 391 2396 quod
408 2356 501 2383 adhuc
516 2356 634 2383 sedente
651 2365 770 2384 romano
792 2359 926 2392 pontifice
945 2360 994 2394 qui
1014 2359 1078 2387 illos
1098 2361 1197 2395 inqui-

186 2403 291 2430 sitores
312 2405 463 2431 constituit
487 2413 644 2439 processus
665 2414 720 2432 non
743 2407 858 2434 fuerunt
880 2408 1016 2436 inchoati.
1040 2408 1124 2442 (Rae.
1145 2409 1193 2442 46,

185 2461 211 2479 c.
229 2453 290 2483 371.
309 2453 328 2479 f.
347 2452 379 2479 73
397 2460 445 2479 v⁰.i

229 2548 390 2577 Fratribus
405 2549 522 2578 ordinis
537 2550 707 2587 minorum,
729 2552 963 2588 inquisitoribus
979 2554 1106 2583 heretice
1120 2563 1194 2592 pra-

187 2601 292 2629 vitatis
305 2602 482 2630 auctoritate
499 2601 575 2631 sedis
589 2604 746 2640 apostolice
762 2604 915 2642 deputatis
940 2612 967 2636 et
989 2609 1023 2636 in
1040 2611 1196 2645 posterum

187 2653 379 2691 deputandis.

229 2717 242 2732 α
267 2706 316 2736 Ne
333 2705 434 2745 aliqui
455 2707 725 2739 dubitationem...
741 2725 780 2732 —
798 2710 867 2740 Dat.
886 2712 968 2750 apud
988 2713 1194 2745 Urbemvete-

189 2768 275 2795 rem,
297 2769 335 2789 xv
353 2759 504 2791 kalendas
519 2762 663 2799 augusti,
680 2771 765 2793 anno
780 2769 902 2802 quarto.
919 2778 933 2792 »

258 2912 376 2941 5223

226 2972 447 3007 inquisitoribus
460 2975 487 3001 in
504 2976 629 3003 marchia
643 2976 791 3004 Tervisina
803 2980 936 3006 concedit
950 2984 980 3007 ut
996 2981 1133 3009 fratribus
1149 2983 1195 3010 sui

743 2914 870 2950 Orvieto,
887 2917 917 2943 31
933 2917 1027 2952 juillet
1043 2919 1122 2947 1291.

1272 368 1382 394 ordinis
1405 367 1568 394 facultatem
1593 367 1772 394 committere
1798 366 1907 401 possint
1930 364 2095 392 absolvendi
2116 373 2133 391 a
2156 372 2278 391 censura

1272 417 1479 444 ecclesiastica.
1499 415 1582 448 (Rea.
1599 415 1642 448 40,
1659 423 1684 441 c.
1703 414 1763 446 37⁶2,
1781 414 1799 440 f.
1816 414 1848 441 73
1866 420 1910 447 v⁰;
1931 413 2045 446 Pom-n..
2061 413 2172 445 23751.)

1312 518 1472 547 Fratribus
1483 517 1665 552 minoribus,
1685 516 1918 554 inquisitoribus
1932 516 2057 545 heretice
2066 516 2233 553 pravitatis
2245 516 2280 545 in

1272 571 1544 600 administratione
1564 569 1699 599 niarchie
1720 569 1871 598 Tarvisine
1891 577 1944 606 per
1966 568 2063 597 sedem
2084 568 2280 606 apostolicam

1273 624 1422 661 deputatis
1439 629 1463 653 et
1481 625 1681 660 inposterum
1697 622 1886 659 deputandis,

1318 689 1329 703 α
1345 676 1427 707 Cum
1444 675 1526 705 sicut
1542 685 1616 705 ex...
1637 691 1675 697 —-
1692 675 1762 704 Dat.
1780 674 1864 714 apud
1887 674 2159 709 Urbemveterem,
2180 682 2201 702 ιι
2222 672 2281 703 ka—
2334 704 2335 710 ἵ

1272 729 1384 760 lendas
1399 729 1539 767 angusti.
1559 736 1646 758 anno
1661 732 1786 767 quarto.
1805 740 1819 754 u

1346 888 1466 916 5224

1309 951 1475 978 Infradictis
1493 951 1626 986 personis
1646 950 1833 985 inquisitores
1853 950 1880 976 in
1899 949 2024 975 marchia
2038 947 2188 975 Tervisina
2202 955 2284 974 eom-

1274 1000 1399 1027 mendat.
1417 999 1500 1033 (Rae.
1517 999 1560 1031 46,
1578 1007 1604 1026 e.
1623 999 1695 1030 372²,
1713 999 1732 1025 f.
1750 998 1783 1025 73
1800 1004 1844 1029 v⁰;
1865 997 1980 1029 Poma..
1998 997 2106 1031 ί23752.)

1831 885 1958 917 Orvieto.
1976 884 2005 912 31
2021 884 2117 919 juillet
2133 883 2212 912 129¹.

1313 1102 1455 1132 Nicotaus
1468 1107 1522 1131 etc:
1539 1102 1681 1131 Venerabi
1685 1102 1762 1131 tibus
1770 1101 1921 1137 fratribus
1928 1100 2159 1137 archiepiscopis
2171 1104 2198 1128 et
2206 1099 2284 1137 epis-

1274 1157 1356 1194 copis
1368 1165 1402 1185 ac
1417 1156 1534 1185 dilectis
1555 1155 1630 1192 filiis
1656 1155 1810 1184 universis
1835 1154 2000 1187 nobilibus,
2024 1153 2218 1191 potestatibus
2231 1161 2285 1182 seu

1274 1210 1455 1243 rectoribus,
1489 1209 1763 1238 communitatibus
1788 1213 1813 1236 et
1846 1207 2098 1237 universitatibus
2123 1207 2284 1244 ceterisque

1272 1263 1411 1300 personis
1432 1263 1620 1291 secularibus
1645 1266 1815 1291 castrorum
1849 1262 2043 1298 aliorumque
2076 1260 2211 1290 locorum
2229 1267 2285 1297 per

1274 1315 1401 1344 Italiam
1417 1315 1588 1344 constitutis
1603 1315 1643 1344 ad
1657 1322 1731 1352 quos
1745 1318 1894 1351 presentes
1910 1314 2009 1342 littere
2025 1313 2230 1350 pervenerint.

1317 1380 1331 1395 «
1351 1368 1432 1398 Cum
1449 1367 1578 1398 dilectos
1594 1367 1714 1398 filios...
1732 1366 1852 1396 —Dat.
1867 1370 2021 1404 utsupra.
2041 1377 2054 1391 »

1347 1535 1465 1563 5225
1833 1532 1960 1563 On-vieto,
1976 1531 2010 1558 ‘23
2023 1531 2118 1566 Juillet
2134 1530 2212 1559 129¹.

1314 1597 1356 1623 De
1377 1597 1541 1632 provisione
1561 1597 1739 1631 prioratuum
1762 1594 1872 1622 ordinis
1892 1593 2102 1621 Cluniacensis.
2124 1591 2207 1626 (Rea.
2231 1592 2283 1624 46,

1277 1654 1304 1674 c.
1321 1645 1381 1679 373,
1400 1646 1418 1673 s.
1436 1646 1469 1672 73
1486 1649 1535 1676 νῦ.)

1319 1749 1437 1778 Dilectis
1452 1749 1526 1785 filiis
1543 1770 1564 1778 ..
1583 1748 1616 1777 de
1632 1747 1832 1785 itlartiqniaco
1844 1769 1852 1783 ‚
1877 1767 1896 1775 ..
1920 1746 1954 1775 de
1980 1745 2093 1775 Sancta
2113 1745 2287 1782 Marqareta

1278 1808 1304 1832 et
1320 1825 1339 1831 ..
1357 1803 1390 1831 de
1410 1803 1551 1832 Caroloco
1567 1801 1765 1839 prioratuum
1785 1800 1956 1838 prioribus,
1976 1799 2184 1829 Cluniacensis
2201 1797 2287 1828 ordi-

1278 1857 1336 1893 nis,
1354 1857 1510 1891 Eduensis,
1529 1855 1712 1885 Betvacensis
1727 1859 1752 1883 et
1768 1852 1991 1882 Matisconensis
2006 1852 2181 1888 dioec-sium,
2194 1859 2288 1881 man-

1277 1909 1330 1940 dat
1350 1914 1384 1939 ut
1403 1917 1456 1939 eos
1473 1908 1528 1947 qui
1551 1908 1709 1947 prioratus
1732 1906 1855 1937 ordinis
1877 1905 2101 1936 Cluniacensis
2121 1904 2284 1942 detinent,

1278 1963 1305 1993 si
1320 1963 1499 1992 detentores
1516 1957 1613 2001 hujus
1628 1960 1752 1990 ordinis
1770 1968 1833 1990 non
1857 1959 1938 1996 sint,
1956 1958 2006 1989 vel
2028 1958 2185 1998 prioratus
2199 1960 2287 1988 tanto

1278 2020 1418 2055 tempore
1435 2016 1618 2046 vacaverint
1631 2014 1715 2053 quod
1734 2022 1845 2043 eornm
1862 2012 1988 2042 collatio
2008 2012 2046 2042 ad
2069 2012 2178 2042 sedem
2194 2019 2287 2051 apos-

1278 2069 1407 2100 tolicam
1429 2069 1533 2098 delata
1555 2068 1611 2105 sit,
1631 2070 1816 2103 amoveant,
1834 2070 2051 2104 moneantque
2069 2065 2120 2102 G.,
2139 2065 2287 2095 abbatem

1278 2122 1466 2153 monasterii
1483 2121 1640 2156 Cluniaci,
1655 2125 1689 2151 ut
1704 2120 1869 2159 provideat
1884 2118 1950 2148 illis
1966 2127 2002 2148 ex
2019 2118 2188 2158 praedictis
2203 2117 2286 2157 prio-

1278 2176 1400 2206 ratibus
1415 2175 1470 2214 qui
1486 2175 1524 2205 ad
1541 2174 1745 2204 collationem
1761 2172 1862 2212 ipsius
1879 2172 2072 2211 pertineant.

1320 2241 1333 2256 a
1353 2229 1482 2259 Dudum
1499 2228 1537 2258 ad
1555 2232 1735 2258 nostram...
1753 2243 1791 2249 —
1810 2226 1882 2257 Dat.
1901 2225 1985 2265 apud
2005 2224 2284 2261 Urbemveterem‚

1278 2293 1296 2312 x
1313 2282 1468 2313 kalendas
1483 2282 1622 2320 augusti,
1640 2289 1726 2311 anno
1742 2284 1866 2319 quarto.
1886 2291 1899 2306 n

1351 2448 1607 2478 5228-5’222

1314 2511 1356 2538 De
1376 2511 1481 2538 debitis
1501 2509 1787 2544 caesaraugustanae
1805 2507 1945 2534 ecclesiae
1961 2505 2118 2534 solvendis.
2135 2504 2217 2540 (Rea.
2234 2504 2283 2537 46.

1278 2559 1535 2593 c.374,f.741·0.)

1837 2445 1964 2476 Orvieto,
1980 2444 2015 2471 ‘28
2027 2443 2122 2479 juillet
2136 2442 2214 2470 1291.

1324 2662 1490 2692 Venerabiti
1507 2662 1603 2698 fratri
1621 2661 1753 2698 Huyoni,
1772 2661 1904 2697 episcopo
1921 2657 2192 2697 Cesarauyustano,
2205 2656 2288 2686 fruc-

1279 2719 1342 2753 tus,
1363 2714 1506 2744 redditus
1531 2719 1561 2744 et
1587 2718 1759 2753 proventus
1779 2712 1876 2752 primi
1899 2710 1979 2742 anni
2002 2710 2149 2741 omnium
2165 2709 2287 2740 benefi-

1277 2768 1403 2799 ciorum
1427 2767 1728 2803 ecclesiasticorum,
1745 2766 1785 2796 ad
1805 2764 2007 2796 collationem
2031 2762 2081 2793 vel
2103 2767 2286 2802 praesenta·

1279 2821 1399 2852 tionem
1416 2825 1634 2860 exemptorum
1651 2828 1716 2850 non
1735 2817 1984 2859 pertinentium,
2002 2825 2084 2856 quae
2099 2816 2135 2846 in
2151 2815 2284 2847 Caesar-

1277 2879 1457 2913 augustana
1483 2873 1634 2911 ecclesia,
1661 2873 1791 2904 civitate
1815 2871 1865 2902 vel
1894 2869 2032 2901 dioecesi
2061 2877 2149 2900 nunc
2173 2872 2286 2900 vacant

1277 2927 1329 2958 vel
1345 2936 1447 2967 usque
1464 2927 1504 2957 ad
1521 2927 1699 2958 triennium
1717 2926 1883 2961 vacabunt,
1902 2924 1938 2954 in
1953 2923 2148 2954 solutionem
2166 2922 2287 2954 debito-

1277 2989 1351 3011 rum
1366 2980 1511 3020 ejusdem
1529 2980 1679 3011 eeclesiae
1695 2978 1939 3014 convertendos.
1955 2976 2113 3008 concedit.
