2393 3496
911 280 1164 327 QUATRIEME
1184 279 1340 318 ANNF'JE.
2113 290 2167 320 801

81 365 148 394 dies
166 364 343 401 sequentes.
364 361 434 389 Dat.
451 359 535 398 apud
551 359 824 392 Urbemveterem‚
844 358 937 387 nonis
953 360 1087 394 septem·

81 416 159 452 bris,
175 423 262 445 anno
276 417 397 452 quarto.

662 470 788 501 Orvieto‚
805 470 838 497 ‘28
854 470 921 496 aont
939 469 1015 496 1‘201.

123 536 162 566 In
177 544 205 565 e.
223 543 266 564 m.
280 556 289 570 ,
307 542 362 572 pro
378 532 553 562 cathedrali
569 531 703 562 ecclesia
721 532 938 570 Majoricensi,
959 531 991 560 in
1011 540 1088 569 qua-

82 593 154 620 tuor
179 588 288 617 beatae
315 585 435 615 Mariae
462 591 492 615 et
517 589 699 615 sanctornm
723 584 884 614 Jobannis
910 584 1085 622 Baptistae,

84 641 225 672 'rhomae
244 644 275 669 et
296 639 459 668 Vincentii
481 638 706 667 festivitatibus
728 643 758 667 et
780 646 834 675 per
854 641 923 666 octo
946 637 1012 665 dies
1037 645 1088 665 se-

85 698 228 733 quentes.
250 692 322 721 Dat.
344 691 427 729 apud
448 691 729 726 Urbemveterem‚
746 700 766 719 v
781 690 934 719 kalendas
950 695 1088 727 septem-

85 746 160 782 bris,
177 753 262 775 anno
278 749 401 783 quarto.

588 802 713 833 Orvieto,
729 803 745 829 2
760 803 923 836 septembre
939 802 1017 828 1291.

124 869 163 898 In
179 876 207 897 e.
221 876 279 903 m.,
294 875 349 905 pro
365 865 484 904 capella
500 865 537 894 de
550 865 665 895 Sancto
679 865 802 900 Yvone,
816 865 1088 894 Claromontensis

84 920 247 956 dioecesis,
265 920 298 949 in
317 919 559 957 Assumptionis
575 919 684 948 beatae
700 918 829 954 Mariae,
845 923 972 947 sanotae
990 918 1090 947 Rade-

68 974 200 1014 ·gundis
214 978 243 1003 et
257 972 291 1002 S.
309 972 445 1007 Yvouis,
460 973 491 1001 in
507 972 598 1009 cujus
612 971 765 1001 honorem
783 971 892 1000 eadem
909 971 1029 1009 capella
1045 976 1091 1001 est

84 1031 273 1062 constructa,
291 1025 517 1055 festivitatibus
537 1030 567 1055 et
582 1034 637 1063 per
651 1030 719 1054 octo
737 1025 803 1053 dies
819 1030 998 1062 sequentes.
1018 1025 1088 1053 Dat.

84 1080 167 1120 apud
183 1080 460 1115 Urbemveterem,
475 1088 520 1108 1111
535 1087 636 1108 nonas
652 1078 851 1116 septembris,
866 1086 952 1107 anno
966 1083 1088 1116 quarto.

567 1158 695 1188 Orvieto,
714 1158 744 1184 12
761 1158 923 1192 septembre
942 1158 1018 1184 1291.

123 1222 161 1252 In
181 1231 208 1251 e.
225 1231 269 1252 m.
282 1245 289 1258 ,
308 1229 365 1260 pro
382 1221 515 1250 ecelesia
532 1220 720 1250 Sanctorum
742 1220 885 1250 Medardi
903 1225 932 1249 et
948 1220 1090 1250 Gildardi

85 1275 123 1306 de
144 1274 377 1314 Grandiprato,
405 1274 577 1304 Remensis
599 1273 769 1310 dioecesis,
794 1274 828 1303 in
855 1274 1092 1303 Purificationis

44 1319 46 1321 Ι
84 1330 192 1361 heatae
209 1330 328 1359 Mariae
344 1334 374 1359 et
390 1335 573 1360 sanctorum
591 1329 725 1364 Nicolai,
743 1329 887 1358 Medardi
905 1334 934 1358 et
947 1329 1091 1359 Gildardi

85 1381 309 1412 festivitatibus
332 1386 362 1411 et
383 1390 439 1420 per
459 1387 526 1411 octo
547 1381 614 1411 dies
635 1386 814 1419 sequentes.
835 1381 906 1410 Dat.
926 1381 1010 1419 apud
1029 1382 1092 1411 Ur·

85 1436 312 1471 hemveterem,
331 1445 352 1464 ιι
369 1435 442 1464 1(1115
458 1434 662 1473 septembris,
680 1443 766 1465 anno
787 1438 911 1472 quarto.

569 1514 697 1545 Orvieto,
716 1515 747 1541 13
762 1515 925 1549 septembre
945 1515 1020 1542 1‘291.

125 1578 164 1608 In
179 1588 207 1608 e.
226 1587 283 1615 m.,
299 1587 354 1616 pro
371 1577 505 1608 ecelesia
522 1578 708 1607 monasterii
725 1577 764 1607 de
780 1577 1000 1613 Osoluestona‚
1019 1579 1094 1607 Lin-

85 1630 258 1662 eolniensis
285 1630 457 1668 dioecesis,
486 1631 519 1660 in
551 1630 707 1660 honorem
732 1630 814 1660 beati
841 1631 990 1660 Andreae
1017 1640 1093 1661 con-

85 1688 221 1722 structa,
240 1684 273 1713 in
298 1684 441 1723 ejusdem
467 1683 598 1722 apostoli
622 1688 652 1713 et
675 1688 812 1722 quatuor
837 1684 945 1714 heatae
973 1685 1094 1715 Mariae

85 1737 311 1768 festivitatibus
325 1760 332 1773 ‚
351 1747 408 1776 per
421 1741 489 1767 octo
506 1737 572 1766 dies
592 1742 759 1775 sequentes
777 1741 806 1766 et
822 1738 855 1767 in
873 1739 1095 1769 anniversario

85 1791 138 1822 die
154 1791 364 1821 dedicationis
380 1791 524 1830 ejusdem
542 1790 705 1820 ecclesiae.
726 1791 803 1820 Dat..
816 1792 899 1830 apud
916 1792 1092 1822 Urbemve-

87 1849 197 1881 terem,
213 1844 321 1874 idibus
337 1844 537 1882 septembriS,
555 1852 640 1873 anno
658 1848 780 1882 quarto.

126 1897 165 1927 In
181 1906 208 1927 e.
226 1906 269 1926 m.
281 1919 290 1934 ‚
307 1905 363 1935 pro
381 1897 514 1926 ecclesia
534 1897 668 1926 Sanctae
689 1897 808 1926 Mariae
829 1897 867 1927 de
885 1898 1092 1936 Scelleforde,

86 1950 295 1982 Eboracensis
310 1950 472 1985 dioecesis,
487 1950 519 1979 in
537 1955 673 1989 quatuor
685 1950 794 1980 beatae
808 1951 927 1981 Mariae
943 1952 1094 1982 festivita-

87 2003 180 2041 tibus,
197 2007 271 2040 etc.,
288 2007 440 2041 utsupra.
461 2004 517 2041 (En
533 2003 665 2042 marye.)

564 2082 696 2114 Orvieto,
713 2083 747 2109 20
763 2084 926 2118 septembre
945 2084 1021 2111 1291.

125 2145 162 2175 ln
185 2154 214 2175 e.
233 2154 275 2174 m.
291 2169 298 2181 ,
320 2153 376 2183 pro
397 2143 530 2174 ecclesia
553 2144 668 2174 Beatae
689 2145 808 2174 Mariae
833 2146 871 2175 de
899 2146 1093 2185 Waliquier-

86 2198 172 2234 villa,
187 2198 455 2235 Rotbomagensis
471 2197 635 2232 dioecesis,
651 2197 684 2226 in
701 2203 837 2236 quatuor
851 2199 958 2228 beatae
974 2200 1092 2229 Mariae

86 2252 321 2283 festivitatibus.
342 2256 419 2287 etc„
440 2255 473 2279 ut
489 2260 584 2289 supra
602 2260 703 2290 usque
724 2251 795 2280 Dat.
815 2252 897 2290 apud
916 2253 1110 2282 Urbemve-'

87 2310 197 2340 terem,
214 2314 256 2334 xu
272 2304 426 2334 kalendas
441 2304 589 2338 octobris
606 2313 692 2334 anno
707 2310 830 2343 quarto.
847 2306 954 2344 (leid.)

570 2384 696 2416 Orvieto,
719 2385 748 2412 13
764 2386 926 2420 septembre
946 2387 1021 2414 1291.

127 2448 165 2478 In
181 2456 206 2477 e.
227 2456 283 2483 m.,
299 2455 353 2485 pro
364 2446 497 2477 ecclesia
514 2468 534 2475 ..
550 2447 720 2484 guardiani
736 2452 767 2476 et
783 2448 916 2477 fratrum
928 2449 1093 2478 minorum

87 2501 126 2531 de
147 2501 305 2537 Venetiis,
340 2499 539 2530 Castellanae
563 2499 730 2536 dioecesis,
758 2502 791 2529 in
825 2502 1095 2532 Annuntiationis

89 2555 197 2585 beatae
218 2554 338 2583 Mariae
360 2558 389 2583 et
412 2553 444 2583 S.
469 2553 584 2589 Marci,
602 2554 636 2582 in
658 2554 749 2591 cnjus
765 2554 920 2583 honorem
938 2555 1096 2593 praedicta

90 2607 222 2638 ecclesia
241 2612 288 2636 est
306 2611 506 2642 constructa,
529 2606 771 2641 festivitatibus,
797 2616 851 2645 per
874 2612 941 2637 octo
959 2608 1027 2637 dies
1047 2617 1096 2638 se-

91 2665 224 2700 quentes
235 2661 309 2690 etin
321 2659 542 2690 anniversario
553 2658 603 2688 die
615 2659 822 2690 dedicationis
835 2661 978 2699 ejusdem
994 2662 1095 2691 eccle-

91 2714 168 2744 siae.
184 2714 257 2743 Dat.
277 2714 360 2752 apud
380 2713 654 2748 Urbemveterem,
672 2713 779 2742 idibus
795 2715 994 2752 septembris,
1012 2724 1098 2745 anno

89 2773 212 2806 quarto.
231 2768 338 2805 (Ibid.;
357 2767 496 2804 Po‘rrn„
514 2765 636 2803 23816).

575 2844 702 2878 Orvieto,
719 2845 749 2871 17
767 2846 930 2879 septembre
949 2847 1025 2874 12111.

131 2909 168 2939 111
191 2917 218 2938 6.
236 2917 301 2945 [11.,
318 2916 373 2946 pro
391 2906 526 2937 ecclesia
548 2928 568 2934 ..
594 2906 708 2944 prioris
726 2911 754 2935 et
776 2907 910 2937 fratrum
933 2908 1098 2948 hospitalis

90 2961 200 2992 Sancti
224 2961 382 2991 Johaunis
404 2957 660 2989 Jerosolimitaui
685 2959 722 2988 de
748 2960 944 2997 Lachelade‚
966 2962 1096 2999 Wigor-

234 3025 307 3052 Rso.
328 3024 451 3052 Nicoms
471 3023 523 3052 IV.

1172 355 1294 384 niensis
1310 356 1473 391 dioecesis,
1491 355 1524 385 in
1541 359 1676 394 quatuor
1692 355 1800 384 beatae
1817 355 1936 384 Mariae
1955 360 1983 384 et
2000 355 2031 384 S.
2047 356 2170 385 Johan-

1171 407 1222 436 nis
1239 408 1398 446 Baptistae
1414 408 1653 439 festivitatibus.
1672 416 1726 445 per
1741 411 1809 437 octo
1827 407 1893 436 dies
1908 412 2076 445 sequentes
2091 414 2121 437 et
2137 409 2171 437 in

1170 461 1392 491 anniversario
1423 461 1473 490 die
1507 460 1714 490 dedicationis
1740 460 1883 499 ejusdem
1911 460 2071 489 ecclesiae.
2100 461 2169 490 Dat.

1171 515 1253 552 apud
1272 515 1543 547 Urbemveterem,
1561 524 1599 543 xv
1615 513 1770 543 kalendas
1785 513 1933 548 octobris,
1949 522 2034 543 anuo
2049 518 2170 552 quarto.

1174 567 1272 604 (Ibid.)

1212 621 1250 649 Iu
1273 630 1299 649 e.
1321 629 1385 656 m.,
1404 630 1458 659 pro
1478 620 1608 650 ecclesia
1631 644 1650 649 ..
1673 620 1786 659 prioris
1807 625 1837 650 et
1856 624 2031 650 conventus
2047 628 2172 649 monas-

1174 673 1245 702 terii
1264 674 1301 702 (16
1324 673 1557 709 Bradenestoll,
1577 682 1631 711 per
1651 674 1787 711 priorem
1806 672 1891 702 soliti
1914 673 2105 710 gubernari,
2121 681 2173 702 or-

1173 726 1256 754 dinis
1272 726 1303 755 S.
1323 726 1512 763 Augustini,
1533 725 1782 755 Saresbiriensis
1800 726 1955 755 dioecesis
1967 749 1973 760 ,
1990 725 2023 754 in
2040 729 2174 764 quatuor

1172 779 1281 808 beatae
1297 779 1416 808 Mariae
1431 779 1666 813 festivitatibus,
1687 783 1757 813 etc.,
1776 783 1810 807 nt
1826 788 1929 817 supra.
1950 779 2051 817 (Ibid.)

1214 832 1251 860 In
1274 840 1301 861 e.
1323 840 1386 866 m.,
1405 839 1460 869 pro
1479 830 1610 860 ecclesia
1629 854 1648 860 ..
1667 831 1789 860 abbatis
1807 836 1837 860 et
1857 835 2031 860 conventus
2049 839 2175 861 monas-

1174 884 1243 913 terii
1260 878 1367 913 Sancti
1384 883 1533 912 Kenelmi
1546 883 1584 912 de
1599 883 1867 921 Wycbecumbia,
1888 884 2009 913 ordinis
2024 883 2056 913 S.
2076 883 2176 912 Bene-

1173 937 1258 971 dicti,
1277 936 1527 975 ⁷Wygorniensis
1543 936 1705 965 dioecesis.

1655 1016 1781 1047 (ii-vieto,
1799 1015 1831 1042 ‘22
1848 1016 2012 1050 septembre
2030 1016 2107 1042 1291.

1214 1080 1251 1109 In
1271 1088 1296 1109 e.
1316 1089 1373 1115 m.,
1390 1087 1445 1117 pro
1461 1078 1591 1108 ecclesia
1610 1078 1718 1107 Sancti
1736 1078 1865 1116 Sulpitii
1883 1078 1921 1106 de
1938 1077 2094 1115 Chareyo,
2115 1077 2178 1106 Ro-

1174 1133 1392 1171 thomagensis
1415 1133 1586 1168 dioecesis,
1611 1132 1645 1161 in
1667 1137 1802 1170 quatuor
1823 1132 1931 1160 beatae
1956 1131 2073 1159 Mariae
2093 1135 2123 1159 et
2145 1130 2177 1159 S.

1174 1187 1305 1225 Sulpitii
1332 1186 1554 1215 festivitatibus
1577 1190 1607 1214 et
1633 1195 1687 1223 per
1711 1190 1780 1215 octo
1807 1184 1875 1213 dies
1900 1188 2079 1221 sequentes.
2108 1183 2178 1212 Dat.

1174 1240 1255 1278 apud
1277 1240 1558 1275 Urbeniveterem,
1576 1248 1594 1268 x
1608 1238 1760 1268 kalendas
1776 1237 1929 1274 octobris,
1950 1246 2034 1266 anno
2053 1241 2178 1275 quarto.

1657 1318 1784 1349 Orvieto,
1804 1318 1834 1344 *13
1851 1317 2014 1352 septembre
2034 1316 2109 1343 1201.

1216 1385 1253 1413 In
1273 1393 1299 1412 e.
1318 1392 1361 1413 m.
1376 1407 1382 1419 ,
1401 1391 1456 1421 pro
1472 1381 1604 1411 eeclesia
1620 1382 1754 1411 Sanctae
1774 1381 1889 1410 Luciae
1905 1380 1942 1409 de
1961 1379 2054 1409 Serra
2072 1379 2181 1408 Sancti

1174 1437 1296 1468 Chirici
1320 1437 1442 1466 heremi
1467 1435 1671 1470 Mentissani,
1692 1433 1930 1464 Camerinensis
1951 1432 2120 1466 dioecesis,
2145 1431 2180 1460 in

1176 1489 1413 1528 Assumptionis
1435 1489 1541 1518 beatae
1562 1488 1683 1517 Mariae
1699 1492 1730 1517 et
1749 1491 1931 1516 sanctarum
1952 1485 2073 1514 Mariae
2090 1485 2181 1522 Mag-

1175 1544 1308 1573 dalenae
1322 1548 1352 1572 et
1364 1543 1479 1572 Luciae
1491 1540 1715 1570 festivitatibus
1728 1546 1758 1569 et
1770 1550 1823 1578 per
1836 1546 1903 1569 octo
1917 1539 1984 1568 dies
2000 1541 2178 1576 sequentes.

1176 1599 1247 1627 Dat.
1259 1597 1342 1635 apud
1350 1597 1623 1629 Urbemveterem‚
1636 1594 1742 1623 idibus
1753 1593 1951 1632 septembris,
1961 1600 2048 1621 anno
2057 1595 2179 1630 quarto.

1247 1797 1365 1826 5983
1661 1793 1787 1822 Orvieto,
1809 1791 1834 1817 11
1851 1790 2013 1824 septembre
2034 1789 2108 1815 lQ‘dl.

1212 1861 1355 1895 Episcopo
1381 1856 1554 1884 Ferrariensi
1573 1854 1686 1881 mandat
1706 1858 1735 1880 ut
1752 1853 1912 1887 inquiratur
1927 1853 1963 1877 (16
1979 1852 2118 1877 electione
2132 1850 2182 1876 Ja-

1176 1911 1239 1937 cobi
1255 1909 1388 1935 Cestonis
1404 1908 1430 1933 in
1447 1906 1577 1932 abbatem
1595 1903 1758 1929 monasterii
1776 1901 1969 1936 Pomposiani,
1985 1898 2182 1925 Comaelensis

1176 1959 1328 1986 dioecesis.
1345 1957 1427 1990 (Rea.
1445 1955 1488 1986 46,
1505 1964 1531 1981 6.
1548 1954 1608 1985 4ἾΟ,
1626 1954 1644 1979 f.
1661 1953 1693 1979 92
1708 1955 1755 1979 ro.)

1222 2060 1388 2090 Venerabili
1402 2058 1496 2094 fratri
1513 2079 1530 2084 ..
1546 2057 1677 2092 epz'scopo
1692 2054 1894 2082 Feri-ariensi.
1910 2051 2046 2080 Vacante
2059 2050 2180 2078 dudum

1177 2113 1367 2144 monasterio
1393 2108 1626 2147 Pomposiano,
1651 2107 1689 2135 ad
1714 2113 1880 2135 romanam
1903 2103 2068 2133 ecclesiam
2093 2100 2182 2130 nullo

1175 2166 1280 2196 medio
1314 2163 1509 2202 pertinente,
1541 2160 1663 2190 ordinis
1689 2158 1720 2187 S.
1752 2156 1933 2191 Benedicti,
1962 2154 2182 2185 Comaclensis

1175 2218 1338 2253 dioecesis,
1355 2226 1408 2255 per
1424 2215 1545 2244 obitum
1560 2213 1720 2252 quondam
1734 2211 1831 2245 Petri,
1849 2213 2023 2239 conventus
2039 2208 2181 2246 ejusdem

1176 2270 1379 2306 monasterii,
1397 2278 1452 2307 per
1468 2268 1550 2296 viam
1567 2265 1784 2303 compromissi
1803 2263 1994 2301 procedens,
2016 2261 2134 2291 -Jacobo
2153 2265 2184 2289 et

1176 2324 1316 2355 Guidoni
1332 2323 1369 2352 de
1390 2320 1543 2356 Ferraria,
1561 2325 1590 2348 et
1606 2319 1711 2348 Blasio
1726 2317 1764 2346 de
1781 2316 1867 2346 Colle
1885 2315 2039 2350 Tauleno,
2059 2322 2182 2343 monas-

1177 2379 1248 2408 terii
1262 2375 1439 2410 monachis,
1457 2372 1596 2411 eligendi
1610 2372 1753 2401 abbatem
1766 2370 1892 2408 plenam
1907 2371 2090 2406 potestatem
2106 2375 2182 2396 cou-

1177 2432 1288 2465 665511,
1308 2429 1473 2465 iidemque
1490 2424 1760 2464 compromissarii
1782 2423 1816 2451 in
1839 2422 1995 2451 «Iacobum
2017 2419 2182 2454 Cestouis,

1177 2484 1317 2522 ejusdem
1342 2479 1526 2510 monasterii
1549 2478 1755 2511 monachum,
1779 2478 2021 2504 consenserunt.
2048 2472 2181 2504 Deinde.

1178 2547 1251 2568 cum
1272 2536 1356 2565 idem
1379 2534 1496 2563 electus
1520 2531 1729 2570 personaliter
1750 2529 1832 2567 apud
1854 2527 1959 2557 sedem
1977 2525 2182 2565 apostolicam

1178 2590 1367 2621 constitutus
1384 2587 1423 2616 ab
1440 2586 1580 2615 Honorio
1596 2583 1661 2613 1111
1683 2591 1772 2611 suam
1791 2580 1980 2610 electionem
1998 2576 2183 2608 confirmari

1179 2647 1311 2682 peteret,
1333 2639 1494 2670 Antonius
1519 2638 1557 2667 de
1585 2636 1746 2669 Bononia,
1763 2634 1914 2664 Nicolaus
1936 2632 1974 2661 de
1994 2631 2138 2660 Ferraria
2156 2633 2186 2658 et

1179 2696 1309 2736 quidam
1334 2693 1391 2723 alii
1413 2692 1555 2731 eJusdem
1579 2688 1764 2719 monasterii
1780 2685 1931 2716 monachi
1949 2684 2040 2723 plura
2056 2683 2184 2721 objece-

1180 2754 1255 2779 runt
1279 2754 1340 2777 tam
1364 2751 1472 2775 contra
1495 2752 1662 2783 personam
1683 2741 1772 2771 electi
1794 2749 1888 2778 qnam
1915 2743 2024 2768 contra
2050 2737 2183 2765 sormam

1180 2801 1355 2832 electionis.
1375 2798 1530 2833 Tandem,
1547 2801 1671 2826 mortuo
1690 2793 1828 2823 Honorio
1844 2791 1921 2825 llll,
1937 2789 2088 2819 Nicolaus
2107 2794 2186 2825 papa

1181 2855 1234 2888 L.‚
1259 2854 1441 2884 Ostiensem
1462 2855 1491 2880 et
1513 2849 1740 2878 Velletrensem
1767 2846 1960 2884 e1.iscopum,
1984 2841 2070 2870 dedit
2091 2847 2184 2876 super

1180 2907 1239 2936 hoc
1262 2904 1404 2944 partibus
1423 2903 1611 2932 auditorem.
1638 2913 1650 2926 u
1677 2900 1798 2929 Verum
1821 2905 1875 2935 pro
1900 2899 1986 2933 parte
2002 2892 2076 2922 dicti
2094 2890 2184 2920 electi

1180 2960 1213 2989 in
1230 2967 1323 2988 causa
1340 2956 1524 2995 hujusmodi
1540 2954 1644 2984 oblato
1663 2951 1769 2981 libello
1794 2955 1824 2979 et
1842 2949 1898 2978 lite
1915 2956 2009 2984 super
2026 2953 2062 2974 eo
2078 2952 2113 2972 in
2133 2951 2184 2981 ip-

1994 3009 2038 3036 101
