2393 3496
964 247 1218 294 QUATROEME
1239 246 1396 287 ANNIJJE.

717 323 842 356 Orvieto,
864 324 895 352 16
907 324 972 359 juin
990 324 1067 351 ¹291.

174 384 210 414 In
227 393 254 415 e.
273 393 316 415 m.
335 385 496 416 universis
516 385 637 416 Christi
659 386 807 417 fidelibus
823 392 1005 426 praesentes
1020 387 1141 418 litteras

133 437 336 476 inspecturis.
356 438 509 468 Eamdem
525 439 762 478 indulgentiam
777 441 921 471 coneedit
936 441 1141 471 visitantibus

134 491 301 522 ecclesiam
329 491 438 522 Sancti
467 493 614 523 Andreae
641 493 773 533 apostoli
805 494 843 524 de
875 495 983 525 Monte
1011 496 1139 531 Areno,

134 544 297 575 Uticensis
315 545 487 583 dioecesis,
513 546 546 575 in
568 547 710 586 ejusdem
736 548 856 583 sancti,
880 551 1015 586 quatuor
1033 547 1141 577 beatae

132 597 255 627 Mariae
287 602 317 628 et
348 599 380 628 S.
411 599 548 629 Antonii
579 600 805 631 festivitatibus
834 605 864 630 et
896 610 950 639 per
979 605 1047 630 octo
1074 600 1141 630 dies

132 656 311 690 sequentes.

175 715 188 730 n
214 704 298 734 Ante
325 703 476 735 thronum
501 705 649 737 divine...
668 723 704 728 -
727 706 796 736 Dat.
824 706 906 745 apud
933 707 1141 737 Urbemvete-

133 764 218 793 rem,
233 765 283 786 xvi
302 756 454 787 kalendas
469 758 563 797 julii,
580 768 666 790 auno
685 764 809 798 quarto.
831 772 843 786 n
861 759 964 798 (thal.)

170 977 211 1005 De
227 979 335 1014 capella
351 979 378 1006 in
396 980 530 1015 hospitati
542 980 640 1007 Sancti
651 980 752 1007 Jacobi
768 980 803 1006 de
816 979 947 1010 Viabuia,
963 979 1142 1006 Florentinae

132 1027 287 1062 dioecesis,
304 1029 507 1056 construenda.
525 1029 608 1063 (Rso.
627 1030 670 1060 46,
687 1038 712 1056 c.
730 1029 790 1060 260,
807 1029 826 1056 f.
844 1029 875 1056 52
894 1029 939 1062 ru.)

715 918 841 949 Orvieto.
862 918 899 943 μ’
911 917 974 951 juin
995 917 1070 944 1-291.

173 1153 194 1160 ..
209 1132 342 1169 episcopo
357 1131 546 1163 Florentino.
566 1143 579 1158 ι
595 1131 639 1161 Ex
657 1134 743 1170 parte
757 1130 945 1161 dilectorum
962 1130 1102 1160 filiorum
1122 1153 1141 1159 ..

131 1184 263 1214 rectoris
278 1188 309 1214 et
325 1184 461 1214 fratrum
484 1184 651 1223 hospitalis
675 1183 783 1213 Sancti
805 1183 917 1213 Jacohi
933 1183 973 1212 de
993 1183 1141 1220 Viabuia,

132 1235 276 1276 plebatus
297 1236 396 1276 plebis
419 1236 554 1267 Sanctae
580 1237 700 1266 Mariae
718 1237 750 1266 in
770 1236 899 1271 pineta,
921 1242 972 1266 tue
990 1236 1140 1274 diocesis,

131 1290 192 1320 l'uit
207 1290 299 1320 nobis
313 1290 482 1320 humiliter
497 1289 710 1329 supplicatum
727 1294 772 1325 ut,
787 1298 859 1319 cum
878 1290 937 1329 ipsi
953 1290 992 1320 ab
1011 1290 1144 1321 ecclesia

131 1343 264 1374 matrice
280 1343 359 1374 adeo
375 1344 567 1374 sintrenioti
592 1343 695 1382 quod,
719 1352 774 1382 pro
800 1343 920 1372 divinis
944 1343 1058 1373 officiis
1083 1352 1143 1373 au-

132 1397 261 1427 diendis
277 1405 314 1428 ac
327 1397 518 1436 recipiendis
537 1397 761 1428 ecclesiasticis
780 1397 990 1428 sacramentis
1007 1401 1036 1427 et
1052 1407 1143 1436 sepe-

132 1449 250 1481 liendis
279 1450 464 1490 corporibus
491 1450 697 1481 infirmorum
725 1455 755 1481 et
781 1459 976 1490 pauperum,
1005 1459 1144 1490 quorum

131 1502 305 1534 multitudo
317 1503 356 1533 ad
375 1503 455 1534 illud
472 1504 605 1534 conssuit
618 1504 756 1544 copiosa,
774 1509 936 1543 nequeant
951 1504 1081 1535 comode
1096 1513 1144 1535 ac-

133 1555 245 1587 cedere
259 1556 300 1586 ad
313 1556 460 1594 eandem,
476 1557 682 1588 construendi
694 1557 848 1598 capellam
865 1558 898 1587 in
915 1557 1063 1596 hospitali
1078 1558 1145 1596 ipso

134 1614 166 1640 et
179 1610 321 1640 habendi
335 1610 537 1650 capellanum
555 1611 718 1650 proprium
734 1611 768 1640 in
780 1610 891 1641 eadem
903 1619 938 1641 ac
949 1611 1146 1641 cimiterium

131 1664 223 1703 juxta
235 1664 350 1703 ipsam,
366 1673 491 1696 necnon
509 1669 539 1695 et
553 1673 743 1704 campanam
756 1664 795 1694 ad
809 1664 922 1695 fratres
934 1669 964 1694 et
976 1664 1058 1694 alios
1069 1673 1145 1694 con-

135 1718 294 1749 vocandos
316 1717 481 1748 licentiam
504 1718 676 1749 concedere
699 1718 918 1756 dignaremur.
940 1719 1006 1748 Nos
1027 1718 1144 1758 itaque,

135 1771 278 1803 volentes
303 1771 378 1810 tibi,
395 1772 450 1810 qui
474 1771 533 1802 loci
558 1772 746 1802 diocesanus
769 1771 894 1812 existis,
920 1772 952 1801 in
979 1771 1037 1801 hac
1060 1776 1147 1810 parte

134 1825 274 1862 deferre,
290 1825 480 1856 fraternitati
497 1830 549 1856 tue
566 1835 621 1864 per
634 1825 807 1864 apostolica
823 1825 938 1864 scripta
955 1825 1147 1855 mandamus

133 1882 291 1917 quatenus
306 1877 427 1908 eisdem
445 1879 558 1909 rectori
574 1883 606 1908 et
623 1878 788 1915 fratribus,
807 1878 833 1907 si
852 1878 1001 1917 expedire
1015 1877 1144 1914 videris,

133 1931 322 1971 postulatam
353 1931 518 1961 licentiam
552 1931 699 1969 largiaris
712 1956 719 1969 ,
756 1931 827 1961 sine
853 1931 937 1969 juris
970 1930 1146 1970 prejudicio

132 1984 270 2015 alieni...
288 1984 360 2014 Dat.
382 1984 465 2023 apud
483 1984 763 2019 Urhernveterem,
780 1983 928 2014 kalendis
945 1984 1042 2022 junii,
1060 1991 1146 2013 anno

89 2079 92 2082 Α
133 2043 258 2078 quarto.
276 2050 288 2065 ι

203 2184 320 2214 5222

173 2246 356 2282 Dispensatio
373 2254 460 2281 super
475 2245 588 2272 defectu
601 2245 744 2272 ordinum.
760 2244 841 2277 (ttae.
855 2244 897 2275 46,
911 2252 936 2271 c.
948 2244 1009 2275 261,
1022 2245 1040 2271 f.
1055 2244 1086 2270 5‘2
1098 2245 1145 2274 νῦ.)

724 2182 858 2215 Orviom,
874 2181 907 2208 ‘28
923 2183 977 2208 mai
997 2182 1071 2209 ¹201.

177 2348 354 2387 Raymundo
372 2348 464 2377 Rubei
477 2348 511 2376 (le
527 2348 675 2382 Ιίιιιὴεηα,
694 2348 891 2382 subdiacono,
909 2348 1019 2376 rectori
1033 2346 1147 2376 ecclesie

135 2401 242 2431 Sancti
256 2401 408 2430 Iohannis
424 2401 458 2430 de
475 2401 603 2438 (lissam,
622 2401 822 2431 Rullienensis
833 2400 966 2435 diocesis,
985 2399 1040 2438 qui
1053 2398 1147 2429 modo

137 2454 304 2485 ecclesiam
323 2453 431 2484 Sancti
447 2453 609 2484 <Iohannis
626 2454 664 2484 de
683 2454 813 2484 Gissaco
828 2457 991 2483 assecutus
1009 2457 1066 2490 est,
1089 2461 1147 2482 nec

136 2517 169 2538 se
194 2507 279 2537 infra
301 2515 424 2536 annum
447 2508 480 2537 in
506 2507 728 2546 presbyterum
756 2506 935 2545 promoveri
959 2506 1041 2535 fecit.
1065 2506 1146 2535 Cum

135 2561 214 2592 anni
232 2560 355 2591 modica
372 2569 444 2598 pars
460 2565 565 2597 restet,
583 2564 613 2590 et
623 2560 695 2590 ideo
712 2559 842 2590 ordines
858 2559 1000 2598 accipere
1018 2567 1081 2588 non
1097 2567 1147 2597 po-

137 2614 224 2650 terit,
240 2622 312 2644 cum
335 2622 370 2643 eo
394 2622 489 2652 papa,
509 2613 762 2643 consideratione
781 2612 832 2648 G.‚
853 2611 1042 2642 Sabinensis
1065 2611 1147 2649 epis-

136 2667 227 2707 copi,
244 2667 336 2705 cujus
358 2667 517 2705 praetatus
538 2666 577 2697 R.
597 2666 802 2705 cappellanus
823 2670 883 2702 est,
907 2665 1070 2704 dispensat
1095 2668 1146 2702 ut,

137 2720 197 2752 hoc
215 2729 279 2751 non
296 2721 459 2756 obstante,
482 2719 654 2758 praefatam
673 2718 838 2750 ecclesiam
861 2719 999 2748 retinere
1026 2718 1145 2754 valeat,

137 2773 311 2805 dummodo
333 2774 363 2803 in
383 2773 537 2812 proximis
556 2772 682 2802 statutis
701 2771 894 2810 temporibus
915 2771 946 2800 in
975 2771 1147 2801 diaconum

137 2831 168 2857 et
181 2826 298 2858 deinde
314 2827 347 2856 in
369 2826 592 2865 presbyterum
612 2824 790 2864 promoveri
807 2833 841 2853 se
857 2823 964 2854 faciat.

180 2891 194 2907 ι
212 2880 336 2910 Meritis
354 2882 406 2909 tue
423 2879 622 2918 probitatis...
635 2894 675 2901 —
687 2878 758 2908 Dat.
773 2877 856 2916 apud
871 2877 1145 2913 Urbemveterem‚

139 2942 159 2963 v
175 2932 330 2963 kalendas
342 2933 447 2972 junii,
465 2941 551 2963 anno
567 2937 688 2971 quarto.
709 2946 721 2957 ··

1183 1017 1194 2972 ΜΨ

2171 263 2227 292 727

1293 324 1411 352 5228
1814 325 1941 360 Orvieto,
1956 325 1990 353 23
2006 328 2060 353 mai
2080 327 2155 355 1291.

1260 385 1443 421 Dispensatio
1458 395 1546 422 super
1556 386 1669 414 defectu
1682 387 1826 414 natalium.
1839 387 1922 421 (Rae.
1935 388 1978 420 45,
1992 397 2017 415 c.
2029 388 2090 420 ⁶262,
2104 390 2122 416 s.
2136 390 2167 416 5‘2
2180 392 2226 423 r0.)

1265 510 1284 516 ..
1303 490 1436 526 episcopo
1454 489 1618 527 Leodiensi,
1632 489 1886 520 consideratione
1903 490 1954 528 R„
1968 491 2052 528 regis
2068 491 2227 522 Romano-

1224 550 1308 577 rum,
1328 541 1458 571 mandat
1476 547 1511 572 ut
1526 551 1599 572 cum
1611 542 1760 573 Jolianne
1774 543 1812 572 de
1823 543 1928 581 Niele,
1944 543 2060 574 clerico
2078 543 2229 574 Leodien-

1224 594 1266 623 sis
1281 593 1445 630 dioecesis,
1460 594 1622 633 dispenset
1638 600 1682 633 ut,
1701 604 1762 625 non
1779 596 1924 626 obstante
1935 597 2057 627 deiectu
2072 597 2229 628 natalium

1224 656 1319 685 quem
1336 647 1463 686 patitur,
1479 648 1517 678 de
1536 649 1720 687 presbytero
1736 651 1861 688 genitus
1879 654 1909 679 et
1925 650 2043 688 soluta,
2061 651 2100 680 ad
2118 660 2230 682 omnes

1223 699 1351 729 ordines
1371 700 1550 738 promoveri
1576 706 1605 730 et
1622 700 1871 731 ecclesiasticum
1892 702 2106 740 beneficium,
2133 704 2229 734 etiam

1224 760 1332 781 curam
1352 752 1490 788 liabens,
1508 753 1652 783 obtinere
1669 754 1782 784 valeat.

1266 818 1278 831 u
1304 806 1469 836 Laudabili
1486 807 1669 837 testimonio
1690 808 1811 846 qnod...
1835 825 1873 830 —
1895 809 1964 839 Dat.
1987 810 2070 849 apud
2091 811 2229 841 Urbem-

1225 863 1380 896 veterem,
1397 868 1414 888 x
1431 858 1584 889 kalendas
1600 860 1701 897 junii,
1720 870 1806 891 anno
1822 866 1943 900 quarto.
1966 875 1978 888 »

1296 1018 1552 1047 5229-5230
1819 1019 1944 1052 Orvieto,
1961 1022 1990 1048 ‘21
2011 1023 2065 1048 mai
2083 1022 2158 1049 1291.

1263 1078 1447 1114 Dispensatio
1463 1081 1645 1108 residentiae.
1662 1081 1745 1114 (Rae.
1763 1082 1806 1116 46,
1823 1090 1848 1109 c.
1866 1082 1926 1114 263,
1944 1084 1961 1110 f.
1980 1084 2011 1110 52
2029 1086 2075 1116 ro.)

1266 1182 1409 1219 Mayislro
1425 1182 1575 1220 Stephano
1598 1184 1632 1212 de
1651 1185 1790 1222 Matilay,
1815 1185 2030 1215 archidiacono
2049 1186 2232 1217 Clivilandi'e

1228 1237 1260 1264 in
1273 1236 1393 1264 ccclesia
1413 1236 1598 1273 fiber-acensi,
1617 1238 1770 1274 capellano
1788 1243 1909 1273 nostro,
1934 1240 2152 1277 crucesiynaco.
2176 1239 2230 1278 Ei,

1225 1289 1279 1327 qui
1296 1297 1328 1318 se
1346 1289 1492 1327 proponit
1507 1297 1580 1318 cum
1596 1290 1644 1327 E„
1661 1299 1732 1328 regr¹
1751 1290 1898 1328 Augiiae,
1914 1291 1946 1320 in
1961 1291 2076 1322 Terrae
2097 1292 2231 1323 Sanctae

1226 1341 1407 1371 subsidium
1434 1342 1644 1379 personaliter
1668 1343 1842 1381 proficisci,
1870 1344 2124 1376 consideratione
2147 1346 2231 1384 ejus-

1226 1394 1297 1424 dem
1319 1395 1420 1432 regis,
1443 1395 1590 1433 indulget
1615 1399 1662 1432 ut,
1695 1406 1749 1435 per
1772 1397 2033 1436 quinquennium
2059 1399 2178 1429 fructus
2202 1403 2232 1429 et

1226 1447 1369 1478 redditus
1385 1448 1612 1478 beneficiorum
1631 1458 1762 1479 suorum
1784 1450 2068 1481 ecclesiasticorum
2089 1460 2162 1482 cum
2180 1461 2230 1482 ea-

1226 1500 1298 1530 dem
1319 1500 1499 1539 integritate
1517 1510 1553 1532 ac
1578 1502 1604 1531 si
1625 1502 1830 1533 residentiam
1852 1504 1967 1534 faceret
1992 1504 2152 1543 percipere
2175 1514 2230 1535 va-

1226 1552 1298 1584 leat.

1271 1620 1282 1632 a
1302 1606 1480 1646 Apostolice
1496 1608 1581 1638 sedis
1599 1609 1819 1648 benignitas...
1838 1627 1876 1632 -
1894 1611 1965 1642 Dat.
1987 1612 2070 1650 apud
2096 1612 2230 1642 Urbem-

1229 1664 1382 1698 veterem,
1402 1671 1442 1691 xu
1459 1661 1727 1702 kalendasjunii,
1747 1672 1832 1694 anno
1847 1669 1969 1703 quarto.
1989 1677 2003 1692 »

1269 1713 1305 1743 In
1323 1723 1350 1744 e.
1372 1723 1414 1743 m.
1434 1737 1453 1744 ..
1473 1715 1618 1755 episcopo
1633 1720 1663 1746 et
1680 1740 1700 1746 ..
1718 1718 1815 1755 priori
1833 1718 2103 1749 Dunelniensibus
2120 1728 2155 1749 ac
2169 1728 2231 1749 ma-

1228 1767 1326 1805 gistro
1343 1767 1474 1798 Nicolao
1490 1769 1529 1798 de
1546 1769 1719 1807 Yporegia,
1736 1771 1890 1801 canonico
1906 1771 2087 1808 Leodiensi,
2104 1772 2232 1802 mandat

1229 1824 1263 1850 ut
1279 1821 1382 1850 eidem
1402 1821 1563 1860 Stephano
1578 1822 1616 1852 de
1634 1822 1763 1862 Maulay
1779 1824 1952 1862 praedictos
1973 1824 2093 1854 fructus
2114 1829 2144 1855 et
2159 1824 2230 1855 red-

1229 1873 1314 1903 ditus
1333 1883 1387 1912 per
1402 1875 1663 1914 quinquennium
1680 1877 1806 1915 integre
1824 1877 1998 1907 ministrari
2015 1878 2139 1908 faciant.

1298 2020 1554 2050 5231-5235
1812 2021 1938 2055 orviet0,
1957 2022 1987 2048 17
2004 2022 2063 2055 juin
2084 2023 2158 2050 ¹291.

1263 2081 1470 2116 Indulgentiae.
1487 2082 1567 2115 (Rea.
1586 2083 1629 2114 46,
1645 2091 1670 2109 c.
1688 2083 1748 2115 264,
1765 2083 1783 2110 f.
1801 2083 1833 2110 5‘2
1849 2085 1896 2117 r0.)

1270 2178 1423 2206 Unitiersis
1441 2177 1555 2206 (Vm-isli
1575 2178 1714 2214 fidelibus
1738 2184 1886 2215 presentes
1906 2180 2022 2209 litteras
2037 2181 2228 2218 inspecturis.

1228 2229 1466 2267 Indulgentiam
1485 2230 1580 2259 unius
1596 2231 1674 2259 anni
1693 2234 1722 2260 et
1739 2240 1775 2261 η
1791 2231 1917 2262 dierum
1936 2233 2081 2262 concedit
2098 2234 2230 2263 visitan-

1229 2283 1314 2313 tibus
1325 2282 1488 2312 ecclesiam
1504 2283 1543 2313 de
1558 2282 1743 2313 Villaveteri
1761 2293 1856 2323 prope
1870 2284 2231 2321 Sumidriun1‚Nemau-

1228 2336 1330 2366 sensis
1352 2336 1520 2370 dioecesis,
1547 2336 1581 2365 in
1607 2336 1745 2374 singulis
1772 2342 1898 2367 sanctae
1919 2339 2022 2368 crucis
2047 2343 2076 2368 et
2097 2345 2231 2377 quatuor

1229 2389 1336 2419 beatae
1365 2388 1484 2419 Mariae
1511 2389 1751 2425 festivitatibus,
1786 2399 1840 2429 per
1866 2395 1934 2421 octo
1959 2391 2033 2429 {dies
2064 2398 2231 2431 sequentes

1229 2446 1258 2472 et
1274 2441 1307 2470 in
1324 2441 1546 2471 anniversario
1561 2442 1614 2471 die
1634 2442 1844 2473 dedicationis
1861 2444 2005 2482 ejusdem
2020 2444 2179 2474 ecclcsiae.

1270 2506 1283 2521 a
1305 2495 1390 2524 Licet
1404 2496 1430 2524 is
1445 2495 1522 2525 de...
1540 2511 1576 2517 —
1594 2495 1663 2524 Dat..
1683 2495 1766 2534 apud
1784 2496 2054 2532 Urbemveterem,
2073 2507 2111 2527 xv
2123 2498 2230 2528 kalen-

1228 2547 1389 2586 dasjnlii,
1415 2556 1500 2578 anno
1515 2552 1638 2587 quarto.
1659 2562 1671 2574 ιι

1813 2602 1939 2635 Orvicto,
1957 2603 1994 2629 1er
2006 2603 2067 2638 juin
2084 2603 2158 2630 1291.

1271 2663 1306 2692 In
1325 2673 1352 2692 c.
1371 2672 1431 2699 in.,
1458 2672 1511 2702 pro
1536 2664 1666 2693 ecclesia
1689 2664 1823 2694 Sanctae
1845 2664 1982 2695 Ceciliae
2004 2665 2042 2694 de
2066 2665 2226 2704 Aquilai-i,

1232 2716 1406 2754 Bnrgensis
1423 2716 1593 2753 dioecesis,
1612 2717 1644 2746 in
1664 2717 1804 2754 ejusdem
1824 2722 1949 2747 sanctae
1966 2722 1995 2747 et
2011 2718 2042 2747 S.
2064 2718 2228 2747 Bartholo-

1229 2770 1311 2798 maei
1331 2769 1572 2806 festivitatibus,
1590 2778 1644 2807 per
1658 2774 1727 2799 octo
1752 2770 1818 2799 dies
1839 2774 2006 2809 sequentes
2030 2775 2060 2799 et
2082 2770 2113 2799 in
2135 2771 2228 2800 anni-

1229 2822 1369 2851 versario
1386 2822 1438 2852 die
1453 2822 1661 2852 dedicationis
1678 2822 1821 2860 ejusdem
1838 2822 1998 2853 ecclesiae.

1272 2886 1285 2901 u
1304 2874 1460 2914 Splendor
1475 2880 1603 2914 paterne
1619 2875 1757 2913 glorie...
1782 2891 1818 2897 -
1838 2876 1905 2905 Dat.
1924 2875 2006 2914 apud
2027 2876 2228 2905 Urbemvete-

1230 2935 1298 2957 rem
1314 2951 1320 2963 ,
1338 2926 1484 2957 kalendis
1499 2928 1598 2966 junii,
1617 2936 1702 2957 anno
1720 2932 1840 2966 quarto.
1857 2938 1871 2955 ι
