2393 3496
237 308 293 336 902
983 304 1218 334 REGlSTttEs
1241 303 1294 331 DF,
1318 302 1500 332 N1t301,.xs
1526 304 1578 332 [V.

239 373 356 401 tuimus
374 378 406 401 ut
425 373 532 401 nullws
553 381 658 406 arma,
680 379 790 409 equos,
810 370 945 406 serrum,
963 369 1154 406 lignamina,
1173 369 1239 397 vic-

239 424 335 454 tualia
361 430 390 454 et
412 425 473 454 alia
496 433 694 463 ‹prm-nmque
720 423 927 452 mercimonia
951 422 984 450 in
1010 422 1239 451 Alexandriam

239 477 285 506 vet
303 477 365 506 alia
383 477 447 505 lova
465 477 710 505 Sarracenorum
730 479 810 503 terre
835 474 938 512 1⁴]gipti
959 474 1095 510 deferre,
1115 474 1239 502 mittere

238 530 286 559 vel
309 535 431 568 poi-tart¹
449 539 501 558 seu
519 529 557 557 «le
575 528 713 566 portibus
733 536 841 556 eornm
861 532 894 556 ut
914 527 1034 556 eisdem
1056 527 1240 555 deferantur

237 583 400 612 extrahere
425 582 472 611 vel
498 581 618 609 extrahi
642 581 824 618 permittere
846 584 900 609 ant
921 581 964 609 eis
985 580 1065 609 alias
1082 579 1239 609 auxilium

237 635 285 664 vel
302 635 437 664 savorem
458 638 593 672 pwstare
609 641 736 671 quoquo
755 632 847 662 niodo
865 637 1060 671 presumant.
1081 633 1146 662 Nos
1167 641 1240 662 vero

236 688 306 716 illos
323 687 375 725 qui
395 691 503 715 contra
526 685 709 723 hujusmodi
727 686 986 716 constitutionem
1004 691 1142 715 nostram
1159 695 1236 715 ausu

237 740 401 769 temerario
414 739 521 767 venire
535 739 758 776 temptaverint
771 748 806 769 eo
816 739 882 778 ipso
896 739 1238 769 excommunicationis

235 792 391 821 sententie
407 792 608 821 decernimus
626 792 800 831 subjacere,
824 802 842 822 a
857 801 920 831 qua
935 792 1057 822 absolvi
1078 797 1240 831 nequeant

234 845 294 874 nisi
318 849 439 874 tantum
461 844 498 874 de
518 845 610 874 bonis
631 846 766 884 propriis
790 846 823 875 in
847 846 930 876 dicte
953 851 1034 876 terre
1057 846 1237 876 subsidium

233 898 482 927 convertendum
509 897 687 927 exolverint
710 903 866 937 quantum
887 900 926 929 ad
955 903 1058 938 partes
1083 899 1238 938 predictas

233 951 405 980 detulerint
421 951 469 981 vel
488 952 634 981 miserint
649 956 703 981 aut
719 952 842 982 deterre
859 953 908 982 vel
925 953 962 982 de
975 954 1118 992 ipsorum
1136 958 1239 992 portu-

233 1004 290 1033 bus
307 1004 429 1033 extrahi
447 1004 650 1043 permiserint
666 1005 886 1036 deferendum.
910 1006 947 1035 Et
963 1006 1194 1036 nichilominus
1211 1007 1238 1036 si

232 1066 383 1096 personas
395 1066 503 1087 eornm
519 1058 588 1097 capi
600 1059 774 1096 contingat,
787 1059 820 1088 in
838 1060 1021 1089 servitutem
1035 1065 1064 1090 et
1075 1065 1236 1098 capturam

232 1111 361 1140 illorum
385 1120 452 1141 esse
469 1111 615 1141 volumus
637 1112 669 1140 in
693 1120 828 1150 quorum
853 1113 1025 1143 ceciderint
1046 1114 1235 1152 captionem.

233 1164 323 1193 Nulli
340 1173 425 1202 ergo,
438 1168 509 1201 etc.,
525 1169 629 1194 nostre
645 1165 895 1202 constitutionis,
908 1171 966 1196 etc.
985 1167 1019 1196 Si
1034 1167 1106 1205 quis
1116 1172 1235 1203 autem,

232 1221 289 1246 etc.
310 1217 379 1246 Dat.
399 1217 513 1253 Rome,
529 1217 611 1256 apud
628 1218 776 1247 Sanctam
800 1218 933 1248 Mariam
957 1220 1126 1259 Majorem,
1145 1230 1163 1249 v
1180 1220 1238 1250 ka-

231 1269 342 1298 lendas
356 1270 506 1308 januarii,
524 1278 609 1299 anno
625 1270 806 1300 secundo.»

302 1441 419 1469 6290

267 1502 409 1538 Episcopo
426 1503 608 1531 Urbevetano
619 1504 734 1532 mandat
749 1509 790 1539 ut,
804 1514 838 1532 ne
853 1507 983 1541 quaestio
999 1508 1073 1534 inter
1084 1516 1237 1535 commune

810 1442 937 1475 Orvieto,
956 1445 984 1471 ll
1003 1445 1070 1471 accit
1086 1444 1164 1472 1291.

232 1550 407 1578 Venetorum
424 1556 451 1578 et
467 1573 486 1579 ..
504 1553 693 1587 patriarcham
706 1554 932 1589 aquilegensem
950 1564 1037 1582 causa
1048 1557 1236 1590 quarumdem

230 1603 369 1626 terrarum
392 1601 519 1635 pendens
539 1602 643 1637 aliquid
669 1603 832 1631 detrimenti
857 1605 971 1639 negotio
991 1605 1095 1631 Terrae
1115 1606 1237 1633 Sanctae

230 1649 335 1680 afferat,
355 1654 470 1684 treugas
483 1651 525 1677 vel
540 1653 732 1686 pacemjuxta
747 1657 877 1680 tenorem
893 1654 1049 1680 litterarum
1062 1656 1238 1690 apostolica—

233 1707 294 1725 rum
311 1699 343 1724 ad
363 1699 416 1725 hoc
438 1721 455 1726 ..
476 1701 613 1735 episcopo
635 1700 810 1736 Tripolitano
829 1702 958 1729 datarum
982 1705 1056 1730 inter
1077 1708 1172 1738 partes
1192 1705 1237 1731 in-

231 1748 326 1774 ducat.
347 1749 426 1781 (Rea.
446 1749 489 1783 46,
503 1757 528 1776 c.
545 1750 588 1783 57,
604 1750 623 1778 f.
642 1750 691 1777 176
709 1752 760 1784 v0.)

275 1852 442 1881 Venerabili
456 1853 553 1888 fratri
570 1874 589 1882 ..
607 1853 739 1892 episcopo
759 1854 951 1886 L'rbevecano.

270 1917 283 1931 ι(
312 1905 467 1934 Gerentes
496 1906 534 1935 de
562 1910 652 1938 tue...
680 1923 719 1929 —-
746 1907 816 1937 Dat.
842 1908 926 1947 apud
956 1908 1233 1946 Urbemveterem,

227 1967 261 1988 111
278 1958 350 1988 idus
369 1959 506 1996 augusti,
524 1967 611 1990 anno
625 1964 749 1999 quarto.
769 1972 784 1988 »

295 2131 548 2160 6291-6732

259 2193 386 2220 Clericos
398 2198 478 2229 rogat
490 2198 530 2227 ut,
542 2195 673 2221 celeriter
688 2195 716 2222 in
729 2196 849 2222 concilia
860 2197 1044 2232 provincialia
1061 2199 1234 2225 convenien-

224 2247 282 2274 tes,
298 2243 455 2270 deliberent
470 2252 527 2278 quo
544 2244 627 2270 modo
645 2245 855 2279 recuperationi
870 2245 974 2273 Terrae
997 2246 1119 2274 Sanctae
1137 2248 1234 2283 provi-

223 2292 284 2319 deri
300 2293 401 2327 possit.
418 2292 500 2326 (Rae.
519 2293 561 2325 46,
578 2302 605 2320 c.
623 2294 665 2327 58,
682 2294 702 2321 f.
720 2294 768 2322 176
785 2295 837 2329 νο.)

800 2132 928 2167 Orvieto,
947 2134 978 2161 r18
993 2135 1061 2161 aout
1084 2135 1161 2163 1291.

270 2386 490 2425 Venerabilibus
511 2397 664 2433 fratribus
689 2420 708 2426 ..
728 2397 951 2436 archiepiscopo
970 2399 1188 2429 Mediolanensi
1205 2405 1230 2429 et

223 2449 288 2486 ejus
305 2450 510 2487 suffraganeis
525 2459 559 2479 oc
576 2450 692 2480 dilectis
706 2451 782 2488 filiis
798 2452 895 2481 electis
912 2455 938 2481 et
956 2453 1126 2489 abbatibus,
1143 2454 1229 2491 prio-

220 2503 315 2537 ribus,
331 2503 463 2538 decanis,
481 2504 652 2540 prepositis,
670 2504 898 2534 archidiaconis
910 2509 936 2534 et
949 2506 1022 2534 aliis
1033 2507 1229 2536 ecclesiarum

217 2556 355 2593 prelatis,
382 2556 525 2593 capitulis
551 2562 577 2585 et
605 2558 800 2586 conventibus
825 2560 982 2588 universis
1009 2560 1228 2598 cujuscumque

220 2609 339 2638 ordinis
358 2608 589 2637 Mediolanensis
606 2611 770 2647 provintie.
796 2622 810 2636 «
836 2610 912 2641 Dire
934 2611 1160 2641 amaritudinis
1175 2621 1227 2642 ca-

219 2661 366 2697 lice1n...,
379 2665 452 2698 etc.,
468 2666 501 2690 ut
515 2670 620 2700 supra,
633 2662 770 2701 capitulo
785 2668 846 2699 Lv0,
865 2673 964 2702 usque
977 2669 1007 2694 et
1022 2664 1095 2694 aliis
1107 2665 1226 2695 instru-

218 2715 337 2745 mentis
353 2714 475 2744 bellicis
487 2716 688 2753 congregatis
699 2721 807 2745 contra
818 2716 977 2747 civitatem
992 2719 1224 2754 Acconensem,

218 2777 274 2808 pro
296 2769 388 2806 cujus
410 2768 562 2805 tuitione,
589 2768 671 2798 sicut
697 2773 834 2798 vestram
857 2778 921 2800 non
945 2770 1106 2801 credimus
1129 2771 1226 2802 latere

217 2896 313 2919 dente.
340 2902 402 2918 sans
426 2895 570 2925 rubrique,
592 2894 673 2918 d'une
699 2901 779 2918 encre
807 2896 867 2925 plus
890 2896 1018 2925 blanche,
1044 2897 1125 2921 d'une
1147 2901 1224 2922 autre

215 2940 334 2963 ecriture
350 2946 402 2970 que
421 2940 487 2963 celle
503 2939 539 2962 du
556 2939 680 2969 registre,
697 2946 762 2963 avec
779 2943 849 2963 cette
866 2941 988 2964 mention
1006 2948 1011 2964 t
1034 2952 1044 2962 «
1063 2943 1154 2966 Posila
1170 2944 1223 2971 snit

215 2985 260 3007 hic
276 2985 327 3007 isla
345 2986 436 3007 littera
452 2985 485 3007 cle
502 2985 636 3007 mandato
650 2985 750 3007 domni
764 2991 845 3013 pape.
860 2992 873 3006 n

1324 368 1482 403 notitiam,
1501 368 1640 407 predicta
1655 368 1786 397 ecclesia
1803 368 1925 397 labores
1941 367 2105 406 plurimos,
2124 377 2216 399 curas
2233 369 2325 402 innu-

1324 429 1426 448 meras
1447 425 1476 449 et
1493 421 1603 457 gravia
1618 430 1714 450 onera
1736 421 1862 459 pertulit
1878 429 2089 459 expensarum
2101 445 2107 456 ,
2129 421 2200 458 sibi,
2219 427 2253 452 ut
2270 433 2323 454 ex-

1324 477 1446 510 pectare
1460 474 1619 502 sufficeret
1638 473 1774 512 passagii
1796 473 1956 510 generalis
1971 473 2156 508 adventum,
2178 475 2210 504 in
2227 475 2324 513 galeis

1322 525 1457 564 aliisque
1470 527 1553 555 vasis
1570 526 1751 563 maritimis,
1770 526 1858 564 copia
1871 525 2059 556 bellatorum
2076 531 2104 556 et
2120 528 2213 557 etiam
2233 538 2323 568 pecu-

1323 579 1450 607 niarum
1477 579 1615 608 summis
1641 579 1861 609 subveniendo
1884 579 2037 615 sollicite,
2060 584 2150 618 prout
2170 583 2325 619 suggessit

1322 631 1439 661 exinde
1467 632 1613 661 nuntiata
1639 632 1811 661 necessitas
1843 637 1872 661 et
1897 632 1994 661 series
2023 641 2117 671 super
2145 632 2204 663 hoc
2224 634 2324 667 oblate

1323 684 1440 722 pluries
1457 685 1617 723 petitionis
1635 685 1750 722 exegit,
1768 685 1800 714 in
1821 685 1868 714 ira
1887 685 2063 724 spirituque
2082 685 2198 716 furoris
2219 695 2325 726 proce-

1321 737 1400 766 dens
1419 737 1579 767 hostiliter
1601 738 1761 767 civitatem
1789 738 1909 776 ipsam,
1937 737 2037 768 multo
2062 747 2094 768 re
2118 748 2191 768 vera
2211 740 2324 779 populo

1323 790 1492 829 preditam,
1513 795 1584 827 etc.,
1609 796 1643 820 ut
1664 800 1759 829 supra
1778 791 1811 820 in
1833 791 1943 821 eodem
1962 791 2098 830 capitulo
2117 801 2218 831 usque
2236 793 2323 825 illam

1323 844 1461 873 llammis
1478 845 1644 874 voracibus
1664 850 1868 883 exponentes.
1887 845 1968 875 Cum
1987 846 2085 883 igitur
2103 845 2141 875 ad
2158 855 2324 886 recupera-

1323 897 1441 927 tionem
1471 897 1609 927 celerem
1641 898 1724 927 dicte
1751 903 1831 928 terre
1843 921 1850 934 ,
1881 903 1972 937 prout
2000 899 2068 937 ejus
2100 901 2325 937 urgentissima

1321 951 1494 981 necessitas
1507 951 1616 989 exigit,
1634 952 1832 981 ferventibus
1850 952 1963 981 studiis
1981 952 2197 989 intendamus,
2214 953 2282 984 vias
2295 959 2326 986 et

1321 1005 1430 1034 modos
1444 1004 1585 1034 diversos
1598 1008 1627 1034 et
1639 1005 1742 1034 varios
1756 1013 1810 1043 per
1824 1014 1882 1034 nos
1896 1009 1925 1034 et
1940 1004 2020 1035 alios
2034 1005 2201 1036 sollicitius
2214 1008 2325 1045 exqui-

1320 1062 1438 1095 rentes,
1457 1062 1490 1087 ut
1503 1059 1593 1095 juxta
1609 1057 1760 1087 desiderii
1776 1059 1873 1087 nostri
1890 1058 2045 1088 servorem
2060 1063 2141 1088 terra
2157 1059 2225 1098 ipsa
2238 1069 2326 1091 recu-

1320 1111 1422 1150 perari
1440 1110 1552 1147 valeat,
1570 1115 1600 1141 et
1616 1116 1800 1150 recuperata
1816 1112 1848 1140 in
1867 1116 2026 1150 posterum
2046 1114 2240 1151 conservari,
2257 1115 2326 1146 uni-

1321 1165 1502 1194 versitatem
1535 1169 1671 1194 vestram
1703 1173 1887 1201 mmmmm,
1920 1174 2069 1203 rogamus
2101 1171 2131 1196 et
2161 1166 2326 1199 hortamur

1320 1223 1449 1253 attente,
1468 1218 1557 1247 vobis
1574 1227 1628 1257 per
1645 1218 1816 1256 apostolica
1833 1218 1948 1257 scripta
1964 1219 1998 1248 in
2015 1219 2131 1250 virtute
2148 1220 2326 1252 obedientie

1320 1271 1462 1300 districte
1490 1271 1695 1310 precipiendo
1718 1271 1927 1308 mandantes,
1952 1273 2123 1311 quatinus,
2147 1274 2326 1306 convocatis

1320 1333 1375 1363 per
1396 1328 1441 1360 te,
1467 1324 1564 1354 trater
1581 1324 1838 1364 archiepiscope,
1860 1334 1895 1355 ac
1913 1334 1967 1364 per
1986 1334 2038 1356 eos
2054 1327 2171 1365 quihus
2191 1327 2223 1357 id
2239 1335 2324 1358 com-

1320 1377 1459 1413 miseris,
1472 1382 1512 1414 et,
1531 1379 1556 1407 si
1567 1386 1646 1416 opus
1660 1378 1767 1414 suerit,
1783 1378 1996 1408 ecclesiastica
2011 1388 2147 1409 censura
2161 1381 2276 1410 coactis
2286 1380 2326 1412 ad

1320 1431 1517 1470 provinciale
1528 1431 1700 1461 concilium
1714 1431 1876 1470 provintie
1894 1436 1946 1462 tue
1965 1432 2103 1471 prelatis,
2123 1438 2184 1464 tam
2202 1434 2324 1472 regula-

1320 1484 1408 1514 ribus
1425 1494 1521 1523 qnam
1542 1484 1757 1521 secularibus,
1780 1489 1842 1514 tam
1866 1486 2021 1524 exemptis
2035 1511 2042 1522 ,
2062 1487 2178 1525 quibus
2196 1497 2232 1518 ex
2251 1496 2326 1518 con-

1320 1538 1482 1567 vocatione
1503 1542 1556 1567 tua
1577 1537 1703 1568 nullum
1725 1537 1872 1568 volumus
1889 1539 1991 1577 quoad
2021 1538 2181 1570 libertates
2211 1545 2241 1570 et
2265 1540 2326 1571 im·

1321 1591 1492 1620 munitates
1519 1600 1630 1621 eorum
1659 1591 1692 1620 in
1723 1595 1885 1630 posterum
1913 1592 2129 1630 prejudicium
2158 1593 2325 1632 generari,

1321 1644 1513 1683 nullumque
1539 1644 1617 1683 ipsis
1648 1650 1758 1675 contra
1782 1646 2041 1675 convocationem
2071 1651 2102 1676 et
2131 1647 2325 1678 coactionem

1320 1698 1505 1737 hujusmodi
1521 1704 1677 1738 quantum
1696 1699 1735 1728 ad
1761 1698 1848 1729 hunc
1867 1704 1985 1738 spectat
2005 1700 2176 1730 articulum
2202 1709 2238 1731 ex
2260 1701 2326 1741 pri-

1320 1751 1446 1789 vilegiis
1461 1756 1491 1781 et
1503 1752 1690 1782 aminiculis
1701 1752 1886 1782 libertatum
1901 1753 2182 1792 exemptionumve
2195 1763 2326 1786 suarum

1320 1805 1530 1835 excusationis
1549 1814 1604 1835 seu
1624 1806 1817 1844 exceptionis
1837 1806 2006 1845 provenire
2022 1807 2210 1845 presidium,
2229 1816 2325 1848 quam

1320 1858 1415 1888 etiarn
1434 1867 1498 1888 non
1515 1859 1685 1897 exemptis,
1704 1859 1850 1889 celeriter
1866 1860 2094 1891 convenientes
2107 1861 2142 1890 in
2159 1869 2279 1898 unum,
2296 1866 2327 1893 et

1318 1911 1493 1949 diligenter
1519 1912 1759 1943 considerantes
1787 1917 1817 1943 et
1840 1913 1986 1943 solertius
2006 1914 2206 1945 attendentes
2229 1915 2324 1954 quod,

1318 1965 1378 1994 etsi
1396 1964 1582 2004 hujusmodi
1601 1966 1766 2004 negotium
1785 1967 1945 1996 universis
1960 1966 2110 1998 fidelibus
2127 1967 2240 1998 debeat
2256 1977 2324 2008 pro-

1318 2019 1448 2057 pensius
1462 2028 1531 2048 esse
1546 2019 1646 2056 cordi,
1660 2019 1770 2057 prelati
1788 2024 1893 2049 tamen
1911 2019 2043 2050 ecclesie
2058 2020 2117 2050 Dei
2134 2025 2282 2051 tenentur
2296 2025 2326 2052 et

1317 2071 1434 2101 debent
1455 2073 1556 2102 artius
1582 2077 1611 2102 et
1634 2073 1674 2102 ab
1697 2073 1823 2102 intimis
1845 2074 1928 2103 affici
1953 2073 2036 2104 circa
2057 2073 2150 2111 illud,
2177 2083 2269 2113 opem
2295 2079 2326 2105 et

1317 2133 1445 2164 operam
1464 2125 1682 2164 impendendo
1705 2126 1874 2157 sollicitam
1898 2132 1930 2157 ut
1952 2132 2092 2166 optatum
2116 2127 2237 2158 exitum
2257 2136 2325 2158 sor-

1318 2179 1423 2215 tiatur,
1439 2178 1647 2209 deliberando
1663 2179 1808 2216 sollicite,
1824 2180 1956 2219 provide
1971 2185 2002 2210 et
2017 2184 2136 2211 attente
2155 2190 2250 2220 super
2263 2185 2326 2212 toto

1315 2233 1444 2270 negotio
1455 2232 1647 2271 supradicto,
1662 2237 1692 2263 et
1702 2233 1852 2273 precipue
1869 2233 2006 2273 qualiter
2022 2238 2053 2264 et
2064 2234 2225 2273 quomodo
2240 2234 2325 2265 circa

1314 2286 1589 2325 recuperationem
1602 2287 1737 2317 eandem
1753 2287 1899 2317 celeriter
1916 2292 2021 2318 actore
2039 2287 2179 2318 Domino
2191 2296 2324 2327 proven-

1315 2343 1418 2368 turam
1433 2344 1463 2369 et
1476 2339 1754 2370 continuationem
1768 2341 1905 2370 subsidii
1918 2341 2001 2370 dicte
2017 2345 2097 2371 terre
2108 2349 2144 2371 ac
2157 2341 2323 2380 impugna·
2361 2379 2365 2383 Ι

1314 2393 1432 2422 tionem
1458 2402 1590 2423 suorum
1617 2393 1759 2423 hostium
1779 2394 1958 2424 faciendam
1982 2399 2013 2424 et
2035 2394 2131 2424 etiam
2150 2394 2236 2424 circa
2259 2393 2324 2425 alia

1312 2446 1476 2483 negotium
1495 2446 1602 2484 ipsum
1620 2447 1798 2485 tangentia,
1816 2447 1913 2486 possit
1929 2447 2125 2486 quamtotius
2141 2452 2172 2477 et
2187 2447 2322 2485 utiliter,

1311 2497 1394 2527 sicut
1409 2498 1546 2537 expedit,
1565 2498 1739 2537 provideri,
1759 2504 1789 2529 et
1806 2500 1890 2538 quod
1908 2509 2002 2539 super
2017 2500 2182 2538 premissis
2199 2499 2320 2531 delibe-

1311 2557 1415 2581 ratum
1438 2552 1534 2582 suerit
1555 2553 1589 2582 in
1611 2552 1747 2583 concilio
1766 2557 1941 2583 memorato
1959 2553 2052 2583 nobis
2067 2562 2123 2592 per
2138 2553 2224 2583 viros
2240 2551 2321 2592 ydo-

1311 2614 1399 2642 neos,
1420 2606 1567 2644 providos
1583 2611 1613 2636 et
1628 2606 1782 2637 discretos
1797 2616 1832 2637 ac
1849 2607 2044 2637 sufficienter
2059 2607 2232 2637 instructos
2253 2610 2284 2636 et
2302 2614 2321 2636 a

1310 2659 1399 2689 vobis
1434 2659 1567 2698 plenum
1598 2660 1786 2690 mandatum
1821 2660 1976 2690 habentes
2010 2669 2106 2700 super
2133 2658 2318 2699 premissis,

1309 2713 1405 2742 etiam
1434 2713 1571 2743 faciendi
1600 2723 1663 2753 que
1690 2722 1746 2744 vos
1774 2719 1936 2753 presentes
1965 2714 2068 2744 facere
2093 2712 2252 2749 valeretis,
2279 2711 2319 2742 ad

1309 2766 1416 2796 sedem
1435 2766 1643 2805 apostolicam
1664 2776 1764 2807 usque
1782 2767 1821 2797 ad
1840 2768 1956 2798 festum
1977 2765 2214 2797 Purificationis
2229 2765 2320 2796 beate

1309 2820 1409 2850 Marie
1440 2821 1576 2859 virginis
1604 2822 1707 2860 primo
1739 2827 1909 2852 venturum
1941 2821 2094 2852 studeatis
2121 2819 2318 2859 quamtotius

1307 2874 1469 2912 intimare,
1488 2883 1541 2913 per
1560 2884 1637 2913 quos
1657 2875 1747 2905 nobis
1763 2884 1858 2914 super
1873 2875 2025 2905 omnibus
2043 2872 2233 2913 supradictis
2249 2881 2318 2903 ves-

1309 2932 1353 2957 tre
1369 2928 1663 2966 circumspectionis
1686 2929 1831 2959 voluntas
1855 2934 1885 2959 et
1907 2928 2080 2959 consilium
2100 2928 2315 2962 innotescant,

1307 2989 1508 3021 quorumque
1524 2983 1759 3013 communicato
1775 2982 1909 3013 consilio
1926 2982 2015 3012 sedes
2031 2982 2099 3020 ipsa
2115 2980 2246 3020 provida
2261 2978 2316 3010 de·
