2393 3496
217 305 272 333 784

217 370 419 400 Caminensis
444 370 474 399 di
499 370 606 400 ecesis.
635 370 666 397 in
693 369 724 399 S.
753 368 905 403 Mani-itii,
932 367 963 396 S.
995 366 1158 396 Laurentii
1184 369 1214 394 et

218 427 343 454 sanctae
364 422 522 452 Elisabeth
542 422 784 456 festivitatibus,
801 429 855 458 per
873 425 942 450 octo
958 419 1025 457 dies
1046 422 1214 456 sequentes

218 483 246 508 et
274 478 305 506 iu
333 475 553 505 anniversario
577 475 626 503 die
651 474 857 503 dedicationis
882 472 1024 511 ejusdem
1050 471 1211 501 ecclesiae.

220 530 290 559 Dat.
311 534 344 559 ut
361 537 464 567 snpra.

815 579 945 611 Orvieto,
962 579 976 603 7
995 578 1048 603 mai
1066 577 1142 603 1291.

258 645 293 673 ln
314 653 339 672 e.
360 652 415 678 m.,
435 650 490 680 pro
507 641 636 670 ecclesia
656 665 673 670 ..
696 641 808 679 prioris
825 646 853 670 et
866 645 1040 670 conventus
1055 643 1214 669 monaste-

217 697 254 725 rii
275 697 407 725 Sanctae
424 695 543 723 Mariae
563 694 600 723 de
621 693 801 731 Boxgrava,
822 703 876 733 per
895 694 1031 732 priorem
1052 693 1136 722 soliti
1153 701 1213 730 gu-

216 749 340 778 bernari
352 771 360 783 ,
377 747 501 777 ordinis
515 746 546 775 S.
565 747 747 784 Benedicti,
765 747 972 777 cicestrensis
989 746 1158 781 dioecesis,
1179 745 1212 774 in

215 806 347 840 quatuor
374 800 480 829 beatae
514 800 632 829 Mariae
662 800 886 829 festivitatibus
913 804 942 829 et
968 808 1021 838 per
1050 803 1117 828 octo
1146 797 1215 827 dies

215 858 393 891 sequentes.
411 853 483 882 Dat.
501 853 583 891 apud
602 853 878 885 Urbemveterein.
900 854 993 883 nonis
1013 853 1091 882 maii
1106 877 1112 889 ,
1129 861 1214 882 anno

215 911 336 945 quarto.

789 952 915 984 Orvieto,
934 952 963 978 1‘2
981 953 1047 978 aout
1069 951 1142 978 1291.

257 1016 291 1044 ln
310 1024 336 1044 e.
352 1024 408 1051 m.,
422 1024 477 1053 pro
491 1014 622 1044 ecclesia
636 1038 653 1043 ..
668 1015 841 1044 abbatissae
853 1019 883 1044 et
897 1019 1072 1043 conventus
1086 1022 1213 1044 monas-

215 1070 283 1098 terii
300 1069 337 1097 de
360 1068 568 1103 Werewelle,
584 1068 706 1098 ordinis
728 1068 758 1097 S.
781 1068 959 1101 Benedicti,
980 1067 1215 1098 Wintoniensis

215 1123 386 1157 dioecesis,
413 1122 446 1150 in
476 1126 610 1160 quatuor
634 1122 741 1151 beatae
769 1121 887 1150 Mariae
910 1125 938 1150 et
964 1125 1090 1150 sanctae
1112 1121 1215 1151 crucis

215 1175 437 1204 festivitatibus
458 1179 487 1203 et
507 1184 559 1213 per
576 1179 644 1204 octo
662 1175 728 1204 dies
745 1179 922 1213 sequentes.
940 1174 1012 1204 Dat.
1030 1184 1052 1203 11
1070 1174 1143 1204 idus
1159 1183 1214 1204 au-

214 1229 315 1266 gusti.
333 1236 418 1257 anno
435 1232 557 1266 quarto.

432 1286 434 1289 ’
800 1280 931 1314 Orvieto‚
948 1280 964 1307 9
980 1281 1047 1307 aofit
1066 1280 1144 1308 1291.

256 1344 291 1372 In
313 1352 339 1373 e.
363 1352 418 1379 m.,
445 1352 499 1381 pro
522 1342 652 1372 ecclesia
670 1343 708 1372 de
733 1343 950 1379 Gersindone,
978 1343 1216 1373 Lincolniensis

215 1396 374 1429 dioecesis,
394 1401 465 1432 etc.,
485 1401 518 1425 nt
534 1405 627 1434 snpra
645 1405 743 1435 usqne
763 1396 832 1425 Dat.
851 1397 956 1426 vidus
969 1398 1114 1434 augusti,
1130 1405 1215 1427 anno

214 1454 334 1487 quarto.

801 1488 932 1523 Orvieto,
950 1490 964 1516 7
980 1490 1048 1516 aont
1065 1490 1143 1518 1291.

256 1552 289 1580 In
311 1560 338 1580 e.
356 1560 415 1586 m.,
439 1560 492 1590 pro
509 1552 640 1581 ecclesia
664 1552 772 1582 Sancti
795 1552 954 1582 Johannis
976 1553 1135 1591 Baptistae
1149 1553 1214 1592 (de)

215 1605 246 1633 in
271 1604 387 1633 Gravia
410 1604 600 1640 Parisiensi,
626 1605 659 1634 in
685 1605 827 1643 ejusdem
854 1605 954 1635 sancti
978 1610 1008 1635 et
1029 1606 1215 1636 Nativitatis

216 1657 323 1686 heatae
351 1657 468 1686 Mariae
494 1658 736 1696 festivitatibus,
763 1658 794 1686 in
821 1659 1123 1689 commemoratione
1146 1668 1215 1689 om-

215 1709 306 1738 nium
323 1714 502 1739 sanctornm
518 1735 523 1746 ,
544 1720 598 1749 per
613 1716 680 1740 octo
699 1710 767 1740 dies
783 1715 951 1749 sequentes
968 1716 996 1740 et
1015 1712 1046 1740 in
1064 1712 1216 1741 anniver-

215 1763 296 1791 sario
312 1763 363 1792 die
379 1763 585 1793 dedicationis
602 1764 742 1802 ejusdem
766 1764 927 1793 ecclesiae.
954 1765 1024 1794 Dat.
1046 1765 1130 1803 apud
1154 1765 1215 1795 Ur-

213 1815 437 1853 bemveterem,
456 1827 497 1845 vn
517 1817 589 1846 idus
601 1817 744 1855 augusti,
763 1826 849 1847 anno
865 1823 988 1856 quarto.

253 1868 289 1896 In
311 1877 338 1897 e.
359 1878 413 1906 m.,
432 1878 486 1907 pro
504 1870 635 1899 ecclesia
660 1870 747 1899 Beati
771 1870 924 1900 Germani
951 1871 1215 1903 Altisiodorensis

213 1921 402 1957 Parisiensi,
422 1922 456 1951 in
474 1922 609 1960 singulis
625 1924 766 1962 ejusdem
784 1925 882 1953 sancti
900 1929 929 1953 et
945 1926 1216 1956 Annuntiationis

210 1974 318 2004 beatae
338 1975 456 2004 Mariae
473 1975 712 2012 festivitatibus,
731 1981 802 2013 etc„
821 1982 853 2006 nt
869 1987 974 2016 snpra.

252 2028 330 2057 Ine.
353 2038 408 2065 m.,
432 2037 486 2067 pro
509 2029 641 2059 ecclesia
661 2030 768 2060 Sancti
788 2031 933 2060 Medardi
956 2031 994 2061 de
1019 2032 1212 2068 Villaribus,

210 2080 458 2111 Silvanectensis
479 2083 647 2120 dioecesis,
671 2084 704 2113 in
725 2085 867 2122 ejusdem
885 2086 984 2115 sancti
1006 2089 1035 2115 et
1058 2087 1213 2126 Assump-

211 2133 306 2163 tionis
324 2134 432 2164 beatae
448 2136 569 2165 Mariae
586 2136 823 2173 festivitatibus,
842 2142 913 2173 etc.,
934 2143 968 2168 ut
986 2148 1092 2177 supra.

778 2217 910 2249 Orvieto,
930 2218 960 2244 13
978 2219 1046 2245 aout
1065 2218 1140 2246 1291.

251 2277 285 2305 ln
303 2288 329 2306 e.
348 2286 404 2313 m.,
422 2287 477 2316 pro
492 2278 625 2308 ecclesia
641 2280 775 2310 Sanctae
791 2281 911 2310 Mariae
930 2281 969 2310 de
986 2286 1088 2311 castro
1104 2281 1213 2311 Sancti

209 2330 325 2367 Angeli
344 2330 382 2359 de
400 2331 567 2362 Limosano
585 2355 592 2368 ‚
612 2333 856 2364 Beneventanae
877 2334 1045 2371 dioecesis,
1075 2336 1108 2364 in
1133 2345 1212 2374 qna-

209 2387 278 2412 tuor
298 2383 404 2413 heatae
427 2385 547 2415 Mariae
566 2391 596 2415 et
616 2386 648 2415 S.
668 2387 835 2417 Michaelis
855 2388 1040 2426 archangeli
1059 2389 1212 2418 festivita-

208 2436 305 2472 tibus,
326 2446 380 2475 per
395 2442 463 2467 octo
482 2438 549 2468 dies
565 2444 734 2477 sequentes
750 2446 780 2469 et
804 2441 836 2469 in
852 2441 1073 2471 anniversario
1090 2442 1141 2472 die
1156 2442 1211 2472 de-

206 2488 375 2519 dicationis
393 2491 535 2527 ejnsdem
557 2491 718 2522 ecclesiae.
742 2493 812 2522 Dat.
836 2493 943 2524 idibus
965 2495 1107 2532 augusti,
1125 2504 1211 2525 anno

204 2547 327 2581 quarto.

778 2586 909 2617 Orvieto,
929 2588 957 2613 11
976 2588 1044 2614 aotit
1061 2588 1137 2615 1291.

246 2646 282 2674 ln
300 2655 326 2675 e.
341 2655 397 2682 m.,
414 2655 467 2685 pro
483 2646 613 2677 ecclesia
630 2670 648 2676 ..
665 2648 835 2685 guardiani
852 2654 881 2679 ct
894 2650 1029 2680 fratrum
1043 2651 1208 2681 minorum

206 2698 521 2736 Balneoregensiuni,
541 2700 574 2729 in
590 2706 724 2739 quatuor
740 2702 846 2731 beatae
862 2703 993 2740 Mariae,
1010 2703 1042 2734 S.
1062 2705 1205 2741 Antonii,

203 2752 235 2782 S.
256 2752 414 2781 Francisci
439 2758 469 2782 et
487 2758 613 2783 sanctae
631 2754 740 2784 Clarae
757 2755 1002 2792 festivitatibus,
1021 2761 1092 2793 etc.,
1107 2762 1142 2787 ut
1158 2767 1208 2788 su-

202 2814 257 2843 pra
280 2814 379 2844 usque
402 2806 471 2835 Dat.
497 2816 528 2835 ιιι
548 2807 620 2837 idus
640 2809 784 2845 augusti,
805 2818 890 2839 anno
914 2814 1037 2848 quarto.
1057 2811 1205 2848 (Pomm,

202 2859 326 2898 23771.)

780 2902 907 2937 Orvieto‚
927 2904 957 2929 18
972 2905 1039 2931 aout
1055 2904 1134 2931 1291.

240 2961 276 2990 In
297 2971 322 2991 e.
342 2971 398 2999 m.,
416 2971 471 3002 pro
487 2963 618 2994 ecclesia
635 2986 656 2994 ..
674 2964 790 3003 prioris
806 2969 836 2995 et
851 2970 1024 2996 conventus
1041 2970 1203 2997 monaste-

960 299 1194 331 REGISTRES
1214 299 1268 329 ΒΕ
1290 298 1473 328 NICOLAS
1496 299 1551 329 lv,

1298 364 1336 393 rii
1359 364 1465 394 Sancti
1485 364 1645 394 Johannis
1667 364 1706 395 de
1729 364 1929 395 Saxoferrato
1955 364 2076 395 heremi
2094 366 2299 405 Mentissam,

1297 425 1351 455 per
1366 416 1504 454 priorem
1520 417 1604 447 soliti
1618 417 1801 455 gubernari,
1815 417 1937 448 ordinis
1952 417 1985 447 S.
2004 418 2182 455 Benedicti,
2200 419 2299 451 Nuce-

1298 469 1387 498 rinae
1404 469 1568 506 dioecesis,
1585 470 1620 499 in
1636 470 1904 500 Annuntiationis
1921 471 2029 500 beatae
2047 471 2177 510 Mariae,
2195 472 2227 503 S.
2244 473 2300 504 Jo-

1297 521 1415 551 hannis
1433 522 1608 561 Baptistae,
1629 523 1661 553 S.
1678 523 1838 553 Johannis
1855 523 2076 562 Evangelistae
2096 529 2127 554 et
2142 525 2172 555 S.
2191 526 2301 557 Jacohi

1297 575 1427 613 apostoli
1453 575 1679 606 festivitatibus
1704 580 1735 606 et
1758 586 1814 615 per
1834 580 1902 607 octo
1924 577 1991 607 dies
2019 584 2198 617 sequentes.
2228 579 2300 610 Dat.

1296 629 1380 668 apud
1409 629 1693 665 Urbemveterem‚
1724 638 1765 659 xv
1796 629 1948 660 kalendas
1977 632 2184 670 septembris,
2215 641 2302 664 anno

1296 686 1418 721 quarto.

1875 722 2001 756 Orvieto,
2022 724 2052 751 13
2069 726 2136 752 nont.
2152 726 2230 754 1291.

1338 784 1375 813 Iu
1392 792 1420 813 e.
1439 793 1499 820 m.,
1518 793 1573 822 pro
1590 784 1723 815 ecclesia
1740 786 1850 816 Sancti
1868 786 1951 816 Piati
1969 787 2166 826 sicliniensi,
2179 789 2301 820 Torna-
2321 775 2326 786 x

1298 837 1401 866 censis
1423 836 1596 875 dioecesis,
1620 838 1654 867 iu
1680 843 1815 877 quatuor
1836 839 1944 870 beatae
1964 840 2087 871 Mariae
2109 847 2140 872 et
2161 842 2194 874 S.
2218 843 2303 874 Piati

1298 890 1449 928 martyris
1465 890 1687 921 festivitatibus
1705 896 1735 921 et
1747 901 1804 931 per
1816 897 1884 922 octo
1897 892 1964 923 dies
1981 899 2161 932 sequentes.

1341 955 1354 970 «
1372 943 1559 974 Sanctorum
1577 945 1699 974 meritis
1717 935 1866 976 inclita...
1885 963 1922 968 —
1939 947 2009 978 Dat.
2027 948 2111 987 apud
2128 948 2303 980 Urhemve-

1299 1001 1408 1032 terem,
1427 996 1533 1027 idibus
1548 998 1691 1036 augusti,
1711 1007 1796 1029 anno
1812 1004 1935 1038 quarto.
1954 1012 1968 1027 »
2268 1012 2271 1013 ⁷

1872 1079 2004 1114 Orvieto,
2023 1081 2052 1107 11
2070 1082 2137 1109 nont
2153 1082 2232 1110 1291.

1340 1141 1376 1170 In
1396 1150 1423 1172 e.
1445 1151 1501 1177 m.,
1525 1150 1580 1181 pro
1601 1142 1733 1172 ecclesia
1759 1142 1848 1172 Beati
1873 1143 2015 1173 Mauritii
2041 1144 2079 1173 de
2104 1144 2186 1175 Salis
2207 1153 2304 1185 prope

1298 1194 1545 1233 Compniacum,
1565 1196 1801 1226 Xanctoneusis
1821 1196 1991 1234 dioecesis,
2010 1197 2044 1226 in
2061 1197 2092 1228 S.
2112 1197 2258 1229 Mauritii
2275 1202 2306 1229 et

1299 1248 1456 1278 sociorum
1476 1250 1544 1287 ejus
1562 1254 1742 1288 martyrum
1761 1253 1791 1279 et
1803 1253 1938 1288 quatuor
1954 1250 2062 1280 beatae
2080 1251 2201 1282 Mariae
2217 1252 2304 1282 festi-

1298 1301 1450 1331 vitatibus
1467 1306 1497 1332 et
1513 1312 1567 1341 per
1583 1307 1651 1333 octo
1668 1302 1737 1333 dies
1753 1307 1936 1342 sequentes.

1340 1367 1353 1381 «
1373 1354 1445 1393 Vite
1462 1356 1613 1394 perennis
1629 1356 1768 1393 gloria...
1782 1373 1819 1377 -
1838 1356 1909 1385 Dat.
1927 1356 2010 1393 apud
2026 1356 2303 1396 Urhemveterem,
2341 1369 2345 1372 ·

1300 1417 1332 1438 ιιι
1349 1408 1421 1438 idus
1433 1409 1576 1447 augusti⁷
1596 1418 1682 1439 anno
1697 1414 1820 1449 quarto.
1840 1422 1855 1436 »
1871 1409 1931 1448 (En
1943 1410 2072 1450 mar-qe.)

1871 1490 2004 1522 Orvieto,
2021 1491 2053 1518 21
2073 1493 2141 1518 aout
2157 1491 2234 1520 1291.

1338 1552 1377 1581 In
1400 1561 1427 1581 e.
1455 1560 1516 1588 m.,
1540 1561 1596 1590 pro
1622 1552 1756 1582 ecclesia
1783 1553 1898 1582 Beatae
1924 1553 2043 1583 Mariae
2067 1553 2106 1584 de
2129 1554 2304 1594 Haynnes,

1300 1605 1566 1645 Rothomagensis
1592 1606 1763 1642 dioecesis,
1796 1606 1831 1635 in
1864 1612 2001 1645 quatuor
2030 1607 2140 1637 beatae
2166 1607 2305 1645 Mariae,

1299 1659 1331 1689 S.
1361 1658 1515 1697 Stephani
1541 1662 1570 1689 et
1595 1659 1627 1689 S.
1653 1659 1817 1689 Johannis
1842 1660 2001 1699 Baptistae
2026 1660 2250 1691 festivitatibus
2276 1665 2308 1692 et

1299 1722 1354 1752 per
1388 1717 1456 1743 octo
1488 1713 1556 1743 dies
1585 1717 1765 1752 sequentes.
1801 1714 1871 1743 Dat.
1905 1714 1988 1752 apud
2023 1714 2304 1752 Urbemveterem‚

1298 1773 1340 1794 xn
1356 1763 1511 1794 kalendas
1527 1765 1732 1803 septembris,
1751 1774 1837 1795 anno
1855 1770 1977 1804 quarto.
1995 1765 2095 1804 (Ibid.)

1874 1844 2002 1877 Orvieto‚
2020 1847 2058 1872 1⁶¹·
2073 1847 2140 1874 aout
2155 1846 2233 1875 1291.

1339 1908 1376 1937 In
1394 1917 1422 1937 e.
1441 1916 1497 1945 m.,
1515 1917 1570 1947 pro
1586 1907 1718 1938 ecclesia
1733 1907 1845 1938 Sancti
1863 1908 2019 1938 Germani
2041 1909 2079 1939 dc
2098 1909 2213 1940 Sancto
2230 1909 2306 1940 Ger-

1298 1969 1394 1991 mano
1411 1964 1512 1991 terrae
1530 1961 1650 1991 Montis
1665 1961 1865 1998 Casinensis,
1881 1962 1915 1991 in
1931 1962 1963 1992 S.
1982 1962 2146 2000 Germani,
2166 1962 2305 2002 Epipha-

1298 2015 1371 2044 niae
1384 2014 1517 2044 Domini
1533 2019 1563 2045 et
1581 2015 1612 2045 S.
1635 2016 1800 2045 Benedicti
1816 2015 2058 2052 festivitatibus,
2080 2026 2135 2056 per
2150 2021 2219 2048 octo
2237 2017 2306 2048 dies

1297 2072 1466 2107 sequentes
1495 2073 1524 2099 et
1550 2070 1583 2099 in
1609 2070 1830 2101 anniversario
1853 2071 1905 2100 die
1929 2071 2138 2101 dedicationis
2162 2071 2305 2110 ejusdem

1297 2121 1457 2152 ecclesiae.
1485 2122 1557 2152 Dat.
1581 2123 1665 2161 apud
1684 2123 1965 2161 Urbemveterem,
1986 2123 2135 2154 kalendis
2155 2125 2302 2163 augusti,

1295 2183 1381 2205 anno
1398 2179 1522 2214 quarto.

1875 2217 2006 2249 Orvieto‚
2023 2217 2055 2244 21
2071 2218 2140 2244 aout
2155 2217 2233 2245 1291.

1337 2278 1374 2307 In
1391 2287 1417 2307 e.
1435 2288 1492 2313 m.,
1507 2287 1562 2317 pro
1573 2279 1706 2309 ecclesia
1722 2280 1953 2316 Londonieusi,
1970 2280 2004 2309 in
2021 2284 2203 2310 sanctorum
2217 2280 2304 2310 Petri

1296 2335 1325 2361 et
1348 2331 1440 2361 Pauli
1466 2336 1496 2362 et
1523 2337 1659 2371 quatuor
1680 2333 1789 2363 beatae
1812 2333 1934 2363 Mariae
1954 2333 2179 2364 festivitatibus
2201 2337 2231 2364 et
2249 2342 2305 2372 per

2367 1650 2379 1675 ,ι
2367 1558 2386 1632 '¹³25'
2358 1460 2383 1547 ⁷0¹1·
2366 1411 2384 1450 ·-*
2369 1361 2380 1402 ᾳ·
2367 1326 2381 1348 ‹·
2347 711 2393 1308 ,.,„Qffl⁶m⁹r
2356 691 2363 700 ’

1293 2390 1362 2414 octo
1377 2384 1445 2414 dies
1459 2390 1638 2424 sequentes.
1657 2386 1727 2416 Dat.
1745 2386 1829 2425 apud
1850 2386 2123 2423 Urbemveterem,
2137 2395 2180 2416 xn
2194 2385 2304 2417 kalen·
2351 2378 2357 2382 ’

1293 2438 1348 2468 das
1366 2439 1570 2477 septembris,
1587 2448 1674 2470 anno
1690 2444 1813 2478 quarto.

1872 2505 2004 2540 ot-viem,
2021 2485 2053 2533 is
2068 2506 2136 2532 aout
2152 2504 2230 2533 1291.

1332 2568 1368 2597 In
1386 2577 1413 2598 e.
1433 2577 1489 2605 m.,
1509 2577 1563 2607 pro
1582 2568 1716 2599 ecclesia
1733 2569 1867 2599 Sanctae
1891 2569 2012 2599 Mariae
2030 2568 2069 2598 de
2092 2568 2279 2598 Domanova
2292 2592 2299 2606 ‚

1293 2621 1441 2651 Elnerisis
1460 2621 1631 2658 dioecesis,
1654 2623 1688 2651 in
1705 2627 1840 2661 quatuor
1859 2623 1969 2653 beatae
1986 2622 2107 2665 Mariae
2124 2625 2154 2652 et
2175 2625 2300 2653 sancto-

1290 2683 1363 2704 rum
1380 2675 1466 2704 Petri
1484 2678 1514 2704 et
1533 2674 1625 2704 Pauli
1639 2675 1875 2712 festivitatibus,
1894 2684 1948 2714 per
1962 2679 2032 2705 octo
2048 2674 2115 2704 dies
2131 2678 2301 2714 sequentes

1289 2728 1367 2758 etin
1385 2727 1607 2758 anniversario
1623 2725 1675 2758 die
1691 2728 1901 2758 dedicationis
1915 2728 2058 2767 ejusdem
2075 2727 2237 2758 ecclesiae.

1330 2792 1344 2807 «
1372 2781 1470 2818 Virga
1490 2781 1715 2811 venustissima
1736 2786 1802 2813 et...
1823 2798 1861 2804 -
1883 2781 1953 2812 Dat.
1980 2780 2064 2820 apud
2088 2781 2298 2812 Urbemvete-

1288 2842 1374 2870 rem,
1392 2843 1431 2863 xv
1449 2833 1602 2864 kalendas
1618 2835 1824 2873 septembris,
1842 2843 1929 2865 anno
1944 2838 2067 2874 quarto.
2083 2846 2096 2861 n

1871 2907 1996 2939 Orvieto,
2017 2907 2047 2934 13
2063 2908 2130 2936 aout
2146 2907 2226 2936 1291.

1327 2969 1365 2999 In
1384 2979 1410 3000 e.
1439 2979 1499 3007 m.,
1523 2980 1579 3010 pro
1603 2971 1736 3002 ecclesia
1758 2971 1868 3002 Sancti
1891 2971 2022 3001 Martini
2044 2970 2212 3002 Leodiensi
2226 2994 2233 3007 ,
2260 2969 2294 2999 in
