2393 3496
758 372 943 404 LETTRES
966 371 1056 401 NON
1079 360 1414 400 ENnnciTsnnns.
2063 365 2138 397 1023

49 436 210 486 legationis
221 443 361 473 officium
376 442 557 481 deposuisse
572 441 655 480 quod
669 442 708 470 ad
722 441 829 470 sedem
843 439 1048 479 apostolicam

49 499 172 533 licentia
188 506 250 527 non
264 496 362 538 petita
382 495 515 525 venerit.

89 566 102 580 a
134 551 245 582 Felicis
274 549 503 579 recordationis
535 549 731 578 Martinus...
766 565 802 570 -—
835 549 905 577 Dat.
938 548 1046 580 Reate,

50 604 248 642 nonisjunii,
264 612 350 633 anno
368 603 482 640 primo.
502 615 516 629 n
533 603 684 642 (Poma,
706 602 829 641 22737.)

117 770 234 800 *2415

89 838 187 870 Eidem
206 835 350 865 concedit
368 838 416 869 ut,
440 837 604 872 postquam
620 841 756 870 regnum
775 832 906 863 Siciliae
924 833 1049 871 ingres-

50 891 103 924 ‘sus
117 890 223 926 fuerit,
240 898 275 918 ex
295 896 331 918 eo
348 887 456 925 egredi
476 891 506 916 et
522 886 561 916 ad
578 886 685 915 sedem
704 885 908 924 apostolicam
927 887 1048 923 venire,

53 944 193 986 quotiens
209 942 271 981 ipsi
288 944 501 980 opportunum
518 940 690 975 videbitur,
708 941 815 978 possit.

91 996 193 1028 «Cum
208 1000 235 1025 te
246 995 323 1024 ad...
337 1012 377 1018 —
389 995 459 1024 Dat.
476 994 585 1029 Reate,
597 993 798 1031 nonisjnnii,
811 1001 897 1022 anno
908 993 1020 1031 primo.
1036 1005 1049 1019 ³>

50 1051 196 1092 (Pomm-L,
216 1048 340 1088 22738.)

672 769 759 803 Rieti,
781 769 795 795 5
813 769 876 803 juin
900 768 976 795 1288.

117 1215 231 1247 241ss
672 1212 760 1245 Rieti,
782 1213 796 1239 5
813 1212 878 1246 juin
902 1212 979 1238 1288.

88 1301 108 1310 ..
133 1279 234 1307 abbati
254 1282 279 1306 et
300 1278 463 1306 conventui
479 1277 659 1305 monasterii
677 1276 711 1304 de
727 1275 921 1310 Gamberone,
940 1274 1050 1304 Cister-

51 1332 154 1364 aiensis
171 1331 306 1366 ordinis,
323 1330 546 1359 Cameracensis
565 1329 720 1364 dioecesis,
736 1336 848 1358 omnes
873 1326 1048 1363 libertates,

49 1384 264 1416 immunitates
281 1387 310 1412 et
326 1382 543 1420 exemptiones
557 1381 736 1412 coufirmat.

90 1450 102 1466 ι
123 1437 207 1468 Solet
228 1445 372 1466 annuere
395 1436 522 1467 sedes...
548 1453 586 1459 -ψ
608 1435 679 1464 Dat.
706 1435 816 1471 Reate,
840 1435 934 1464 nonis
952 1434 1050 1472 junii,

51 1500 133 1523 anno
150 1492 260 1530 primo.
283 1500 297 1519 »
314 1490 466 1528 (Pomm,
486 1489 607 1527 22739.)

122 1657 234 1685 ’ἵΙ-ΙΙἼ
659 1656 744 1688 Rieti,
767 1655 801 1683 22
819 1657 883 1689 juin
905 1655 983 1682 1288.

51 1734 63 1761 .'
95 1720 247 1749 Universis
263 1719 377 1748 Christi
395 1719 534 1756 fidelibus
555 1717 722 1748 ecclesiam
740 1718 874 1748 fratrum
892 1718 1055 1748 minorum

50 1773 263 1814 ,Velitrensem
288 1773 491 1802 visitantibus
510 1773 543 1802 in
568 1772 663 1802 certis
687 1772 798 1802 diebus
820 1772 1057 1810 indulgentiam

57 1826 151 1858 unius
169 1826 246 1856 anni
265 1830 295 1856 et
310 1835 347 1855 xz
363 1826 488 1855 dierum
504 1825 659 1856 concedit.

51 1909 54 1915 ,
95 1891 109 1907 α
129 1880 209 1910 Loca
228 1879 293 1909 Deo
311 1878 452 1908 dicata...
470 1895 509 1900 —-
529 1879 599 1908 Dat.
623 1878 738 1916 Reate,
756 1888 773 1907 x
792 1878 945 1908 kalendas
965 1878 1058 1916 julii,

59 1941 139 1963 anno
152 1932 265 1971 primo.
288 1943 301 1958 n
318 1931 470 1971 (Poma,
491 1930 615 1969 22747.)

97 2107 100 2110 ’
126 2097 243 2126 '24¹8
668 2096 754 2129 Rieu,
776 2096 891 2131 ‘22j1nn
914 2097 991 2124 1288.

97 2182 116 2189 ..
132 2161 232 2190 abbati
255 2165 281 2189 et
306 2161 469 2190 conventui
485 2161 664 2189 monasterii
680 2161 713 2189 de
733 2161 838 2196 Thela,
856 2161 1063 2190 Cistercz‘enst's

56 2213 187 2251 'ordinis,
205 2214 405 2243 Lausanenst's
424 2213 577 2250 dioecesis,
595 2212 773 2249 libertates,
792 2213 1015 2243 immunitates
1033 2217 1064 2243 et

61 2268 272 2306 exemptiones
287 2267 466 2297 confirmat.

100 2332 113 2347 α
127 2320 206 2351 Qum
221 2329 239 2350 a
256 2321 386 2350 nobis...
403 2337 442 2342 -
460 2321 530 2351 Dat.
549 2320 657 2358 Reate,
674 2330 693 2350 x
709 2320 863 2350 kalendas
876 2320 964 2359 julii,
978 2329 1064 2351 anno

61 2373 172 2413 primo.
195 2386 209 2400 »
229 2374 378 2413 (Porta,
398 2373 523 2413 22748.)

130 2541 243 2570 ’2419
664 2539 750 2570 Rieti.
772 2541 805 2568 24
824 2540 888 2575 juin
912 2540 991 2567 1288.

103 2627 122 2633 ..
138 2605 237 2642 priori·
252 2609 277 2633 et
293 2605 444 2641 fratribus
458 2604 565 2633 domus
581 2603 686 2632 Beatae
699 2604 813 2632 Mariae
826 2604 860 2632 de
877 2604 972 2632 Monte
989 2602 1065 2632 Car-

62 2657 132 2686 meli
150 2657 332 2686 Treuir-ensis
349 2657 479 2686 domum
497 2656 532 2685 in
548 2656 677 2686 civitate
693 2656 877 2686 Trevirensi
899 2656 1003 2691 sitam,
1023 2655 1068 2684 eis

59 2717 82 2739 a
96 2709 294 2748 Margaretha
309 2710 393 2739 dicta
411 2710 535 2748 Regina
549 2709 734 2739 Trevirensi
750 2709 869 2745 datam,
884 2709 1065 2739 confirmat.

104 2774 118 2790 ι(
143 2762 224 2793 Cum
240 2772 258 2793 a
278 2763 407 2793 nobis...
428 2779 465 2785 —
483 2763 553 2792 Dat.
580 2763 696 2799 Reate,
716 2772 771 2792 vni
796 2762 949 2792 kalendas
973 2762 1068 2800 julii,

64 2823 149 2846 anuo
164 2816 275 2854 primo.
295 2828 309 2843 »
325 2816 476 2855 (Poma,
497 2816 622 2855 22749.)

138 2981 255 3010 ’2420
679 2980 764 3011 Rieti,
786 2980 819 3007 27
836 2980 901 3015 juin
922 2979 999 3007 1288.

112 3066 131 3074 ..
147 3044 309 3074 abbatissae
321 3048 348 3074 et
363 3044 526 3074 conventui
540 3043 720 3072 monasterti
731 3042 834 3072 Sancti
848 3043 1002 3072 Francisci
1016 3042 1071 3071 Bo-

1132 439 1297 473 noniensis,
1307 437 1425 465 ordinis
1434 437 1560 466 Sanctae
1567 436 1684 472 Clarae,
1695 434 1917 465 immunitates
1929 437 1959 463 et
1969 432 2138 472 privilegia

1131 490 1309 519 confirmat.

1174 555 1186 569 (ι
1208 543 1288 572 Cum
1308 552 1325 572 a
1340 543 1468 572 nobis...
1484 559 1519 565 -
1536 543 1607 572 Dat.
1627 543 1736 578 Reate,
1754 551 1773 571 v
1786 539 2039 578 kalendasjulii,
2053 547 2140 570 anno

1132 596 1247 634 primo.
1271 608 1283 622 n
1303 596 1452 633 (Pomm,
1474 595 1598 634 22750.)

1205 782 1316 809 ’ἳ421
1746 780 1832 813 Rieti‚
1855 780 1888 806 30
1904 780 1968 814 juin
1990 779 2068 806 1‘288.

1175 866 1195 873 ..
1210 845 1310 872 abbati
1323 848 1348 871 et
1362 845 1523 872 conventui
1539 843 1715 871 monasterii
1731 843 1766 870 de
1777 842 1926 877 Nenbode,
1939 842 2142 871 Cisterciensis

1134 897 1269 932 ordinis,
1291 896 1395 925 Sancti
1417 896 1555 924 Andreae
1570 896 1724 930 dioecesis,
1745 894 1899 932 quasdam
1921 899 2018 924 terras
2041 894 2142 923 Estir-

1135 958 1209 987 crag
1220 948 1394 986 vulgariter
1403 952 1613 986 nuncupatas,
1628 947 1674 977 eis
1683 956 1701 976 a
1710 947 1813 976 clarae
1822 947 1995 977 memoriae
2007 946 2143 977 Alexan-

1135 1003 1202 1038 dro,
1222 1011 1294 1040 rege
1313 1001 1446 1038 Scotiae,
1463 1001 1563 1037 datas,
1582 1001 1761 1030 confirmat.

1178 1068 1191 1082 «
1209 1055 1289 1085 Cum
1305 1064 1323 1084 a
1338 1055 1466 1085 nobis...
1480 1072 1517 1076 —
1535 1055 1605 1084 Dat.
1622 1054 1730 1091 Reate,
1748 1063 1768 1083 11
1786 1053 1941 1083 kalendas
1953 1053 2042 1092 julii,
2057 1060 2143 1083 anno

1136 1109 1249 1148 primo.
1271 1120 1285 1135 n
1303 1108 1453 1146 (Pomm,
1471 1107 1598 1146 22751.)

1209 1296 1324 1324 '7422

1177 1358 1347 1394 Benedicta,
1372 1357 1477 1387 Sancti
1499 1357 1616 1386 Nicolat‘
1638 1357 1672 1385 in
1699 1355 1823 1384 Carcere
1849 1355 1991 1384 Tulliano
2019 1354 2147 1382 diacono

1136 1412 1305 1447 cardinali,
1317 1419 1427 1440 curam
1439 1414 1470 1440 et
1479 1409 1648 1448 protection
1664 1417 1704 1437 =m
1716 1408 1838 1438 ordinis
1851 1407 1959 1437 Sancti
1972 1405 2147 1436 Guillermi

1137 1465 1319 1494 committit.
1352 1464 1421 1493 Dat.
1449 1462 1596 1492 kalendis
1620 1461 1706 1500 julii,
1736 1469 1822 1491 anno
1851 1460 1964 1498 primo.
1995 1460 2146 1498 (Poma,

1137 1517 1262 1555 22752.)

1716 1292 1803 1325 Rieti,
1826 1292 1864 1318 1·ΞΓ
1880 1291 1975 1325 juillet
1997 1290 2073 1317 1288.

1214 1710 1329 1738 7423
1740 1706 1828 1742 Rieti,
1850 1707 1865 1732 4
1881 1706 1977 1740 Juillet
1997 1705 2074 1732 1288.

1183 1795 1202 1801 ..
1213 1774 1365 1802 abbatibus
1376 1772 1634 1801 monasteriorum
1645 1771 1678 1799 de
1686 1770 1880 1799 Elseneborch
1889 1774 1915 1798 et
1924 1768 2148 1805 deHaseborclt,

1142 1836 1176 1856 ac
1194 1849 1213 1855 ..
1231 1827 1402 1864 praeposito
1418 1826 1452 1854 de
1467 1825 1704 1860 Hademersleve,
1722 1823 1981 1852 Halberstadensis
1999 1822 2149 1859 dioecesis,

1142 1888 1271 1910 causam
1287 1879 1463 1909 abbatissae
1477 1882 1507 1908 et
1521 1882 1698 1908 conventus
1716 1876 1901 1906 monasterii
1922 1875 1960 1905 de
1976 1873 2151 1911 Quedelin-

1143 1933 1302 1972 geburch,
1322 1932 1445 1963 ordinis
1465 1932 1498 1962 S.
1518 1930 1714 1969 Augustini,
1732 1934 1843 1960 contra
1864 1929 2009 1960 Oli-icum
2029 1928 2067 1958 de
2086 1929 2150 1958 Re-

1144 1991 1289 2025 gensten‚
1302 1985 1464 2023 comitem,
1475 1985 1532 2024 qui
1551 1984 1585 2013 in
1602 1983 1668 2014 solo
1686 1983 1787 2022 ipsius
1802 1982 1988 2012 monasterii
2006 1980 2154 2011 aedificia

1144 2045 1174 2071 et
1185 2040 1383 2070 munitiones
1394 2040 1514 2078 injuste
1525 2037 1712 2074 construxit,
1721 2035 1957 2066 decernendam
1968 2034 2151 2065 committit.

1187 2106 1201 2121 «
1224 2094 1289 2124 Sua
1309 2092 1401 2123 nobis
1421 2091 1572 2122 dilecte...
1597 2108 1635 2112 —
1660 2091 1730 2120 Dat.
1759 2090 1872 2125 Reate,
1898 2098 1930 2118 1v
1945 2097 2046 2119 nonas
2064 2087 2152 2127 julii,

1144 2155 1231 2177 anno
1249 2146 1361 2185 primo.
1385 2157 1398 2172 n
1415 2145 1567 2184 (Poma,
1586 2142 1712 2183 22753.)

1220 2338 1336 2368 *2424
1730 2335 1821 2368 Rieti,
1846 2335 1876 2361 15
1893 2334 1989 2369 juillet
2008 2333 2085 2362 1288.

1191 2426 1210 2433 ..
1234 2402 1335 2431 abbati
1360 2400 1465 2430 Sancti
1490 2398 1628 2434 Auberti,
1651 2420 1672 2429 ..
1691 2398 1801 2427 decano
1820 2397 1925 2426 Sancti
1951 2395 2109 2433 Gauqerici
2132 2401 2160 2425 et

1148 2454 1314 2491 Franconi‚
1332 2454 1477 2483 canonico
1490 2450 1765 2485 Cameracensibus,
1781 2449 1944 2488 significat
1962 2471 1983 2480 ..
2000 2449 2160 2479 decanum

1151 2514 1181 2539 et
1210 2506 1436 2542 Godefridum,
1471 2505 1666 2536 canonicum
1701 2503 1853 2534 ecclesiae
1885 2503 1996 2533 Sancti
2027 2501 2162 2540 Georgii

1149 2561 1367 2596 Coloniensis‚
1393 2559 1541 2598 iniquam
1566 2557 1761 2588 sententiam
1780 2560 1890 2587 contra
1908 2555 2071 2591 consules,
2090 2563 2159 2585 sca-

1151 2617 1245 2647 binos
1272 2619 1302 2644 et
1330 2613 1573 2644 universitatem
1601 2612 1708 2651 oppidi
1731 2610 1974 2640 Tremoniensis
1995 2617 2161 2648 perperam

1154 2666 1386 2707 promulgasse,
1415 2674 1433 2695 a
1458 2673 1522 2704 qua
1550 2673 1624 2694 cum
1656 2662 1809 2702 praedicti
1839 2661 2005 2699 consules,
2038 2659 2164 2690 scabini

1096 2752 1099 2755 ,
1152 2727 1183 2751 et
1201 2719 1394 2750 universitas
1418 2718 1458 2748 ad
1481 2717 1589 2748 sedem
1613 2716 1819 2756 apostolicam
1840 2714 2085 2754 appellaverint,
2110 2721 2164 2743 eos

1153 2773 1329 2813 praedictos
1354 2772 1513 2801 decanum
1538 2775 1569 2800 et
1594 2771 1786 2800 canonicum
1811 2767 2163 2804 excommunicavisse3

1154 2828 1263 2865 eisque
1279 2825 1410 2855 mandat
1432 2829 1466 2854 ut
1487 2824 1570 2854 hanc
1590 2822 1935 2853 excommunicationis
1951 2820 2144 2850 sententiam
2156 2843 2163 2856 ,

1155 2881 1182 2910 si
1213 2884 1281 2919 post
1311 2877 1557 2917 appellationem
1586 2876 1767 2915 legitimam
1798 2875 1862 2905 lata
1895 2875 2007 2911 fuerit,
2038 2874 2165 2903 irritam

1156 2932 1363 2963 denuncient.

1197 2998 1212 3013 α
1230 2985 1294 3015 Sua
1310 2984 1400 3014 nobis
1415 2983 1551 3022 judex...
1568 2999 1607 3005 —
1624 2982 1696 3012 Dat.
1718 2982 1831 3019 Reate,
1848 2980 1956 3010 idibus
1969 2979 2059 3018 julii,
2079 2987 2165 3010 anno

1158 3039 1273 3078 primo.
1295 3049 1309 3065 »ι
1326 3037 1478 3076 (Pom-Te..
1497 3035 1623 3075 22755.)
