2393 3496
856 362 1068 394 REGISTRE
1089 352 1305 393 CAMERAL.
2075 365 2133 394 985

39 437 233 472 'ascendimus
261 434 300 463 ad
330 441 493 463 summum
525 432 718 471 apostolatus
747 432 910 466 officium,
942 429 982 459 ad
1014 434 1041 459 te

41 490 187 525 nuntium
222 486 391 527 specialem
421 495 485 516 non
518 486 687 523 misimus,
719 486 873 524 qnoniam
907 484 1041 514 nuntius

42 549 129 581 tuus,
147 550 241 581 quem
264 539 304 569 ad
327 539 530 569 carissimum
557 539 589 568 in
616 538 743 569 Christo
763 538 867 567 filium
894 541 1041 567 nostrum

42 596 244 635 Philippum,
272 592 431 622 illustrem
461 601 569 630 regem
599 592 750 627 Francie,
777 591 974 627 destinaras,
1003 590 1041 620 ad

41 653 175 682 nostram
197 646 389 686 presentiam
411 645 612 684 postmodum
633 645 854 681 accedentem,
872 644 1044 674 retardavit

42 701 138 735 nostri
157 699 262 730 nuntii
279 698 480 734 missionem,
497 707 568 728 curn
589 698 682 728 nobis
699 698 781 728 bona
795 698 858 727 fide
877 705 1043 734 suggesse-

43 756 84 788 rit
97 754 178 794 quod
199 757 230 782 tu
255 752 393 782 eundem
413 752 565 781 nuntium
585 760 658 781 cum
674 751 867 790 quibusdam
890 750 952 779 tuis
975 758 1044 779 am-

44 807 185 841 basciatis
203 810 234 836 et
248 805 386 843 negotiis
402 814 471 834 eras
490 805 528 834 ad
550 813 607 834 nos
624 804 818 843 quamtotius
833 804 1042 840 remissurus,

45 871 97 904 per
119 869 212 900 quem
236 859 274 889 de
299 859 477 888 intentione
501 863 553 888 tua
578 866 633 897 per
657 858 825 897 petitiones
853 857 946 887 nobis
970 865 988 886 a
1017 860 1044 886 te

45 913 245 946 destinandas
272 921 326 951 per
350 911 457 950 ipsum
481 910 600 941 instrui
622 914 814 949 poteramus.
837 910 908 940 Dat.
937 914 969 939 ut
991 918 1043 938 su-

43 976 106 1009 pra.
125 977 138 994 »

109 1137 225 1167 ’2243

75 1198 227 1227 Concessio
243 1199 315 1225 viae.
333 1198 404 1233 (Fut.
421 1198 455 1225 40
472 1199 523 1231 vo.)

357 1135 708 1170 Satnte-Marie-MaJeure,
725 1134 758 1162 23
774 1135 878 1162 fevrier
896 1134 972 1161 1290.

78 1302 196 1333 Dilectis
210 1302 286 1339 filiis
298 1302 409 1339 populo
427 1302 566 1331 Civitatis
583 1301 759 1331 Castellane.
775 1312 789 1327 «
808 1300 851 1330 Ex
869 1303 955 1339 parte
973 1308 1045 1329 ves-

42 1357 89 1387 tra
101 1355 160 1385 fuit
174 1354 351 1393 expositum
368 1363 474 1384 coram
492 1354 583 1384 nobis
597 1353 682 1392 quod
700 1354 733 1382 in
753 1353 909 1383 territorio
926 1356 1044 1389 vestro,

44 1416 97 1449 per
115 1407 226 1438 silvam
248 1406 397 1437 videlicet
418 1416 479 1446 que
503 1406 678 1444 vulgariter
700 1406 818 1436 dicitur
839 1405 1045 1443 Scardasolli,

0 1457 1 1484 ἶ
45 1461 170 1500 antiqua
184 1461 235 1490 via
255 1469 308 1490 seu
328 1464 424 1490 strata
440 1461 621 1490 communis
641 1460 786 1495 babetur,
804 1459 837 1488 in
857 1468 931 1498 qua,
950 1468 1045 1497 prop-

0 1509 7 1552 Ῐ
45 1517 90 1546 ter
110 1514 169 1545 loci
195 1513 427 1550 solitudinem,
455 1513 605 1543 nonnulli
631 1513 687 1552 qui
711 1513 746 1542 in
777 1513 872 1542 rebus
897 1512 1046 1550 pessimis

47 1566 218 1608 gloriantur
234 1567 424 1606 plerumque
439 1566 637 1597 insidiantur
651 1566 824 1596 viatoribus
842 1575 896 1604 per
912 1565 1046 1595 eandem

45 1624 74 1652 et
88 1621 297 1659 oportunitate
315 1624 437 1659 captata
452 1620 486 1649 in
507 1620 592 1659 ipsos
608 1619 759 1649 insiliunt
778 1628 894 1658 eosque
911 1618 1047 1657 spoliant

46 1677 75 1705 et
87 1674 242 1709 occidunt,
258 1679 383 1713 propter
397 1673 481 1712 quod
497 1673 650 1711 cogimini
667 1673 851 1711 frequenter
867 1672 1047 1701 substinere

44 1735 137 1768 penas
155 1736 209 1766 pro
231 1727 410 1757 excessibus
436 1726 592 1763 aliorum,
614 1734 801 1764 quanquam
826 1725 865 1754 de
889 1725 966 1764 ipsis
991 1734 1046 1764 ue-

45 1789 198 1820 quaquam
225 1779 398 1819 culpabiles
420 1779 471 1809 vel
498 1779 666 1818 participes
691 1779 871 1808 existatis...
899 1779 1049 1808 Transfe-

46 1833 132 1874 rendi
154 1833 273 1863 dictam
298 1834 382 1863 viam
404 1833 571 1872 antiquam
595 1836 687 1871 prout
713 1832 819 1870 petitis
838 1831 975 1870 (scilicet
996 1841 1049 1869 per

51 1890 165 1926 pontem
190 1888 312 1917 noviter
328 1890 545 1917 constructum
567 1895 662 1925 super
678 1885 852 1924 Tregiam),
874 1885 1048 1915 dummodo

41 1921 105 2025 juis
121 1940 176 1979 qni
198 1949 233 1970 ex
258 1940 468 1970 translatione
492 1939 679 1978 hujusmodi
694 1939 747 1968 vie
763 1939 946 1969 notabiliter
962 1938 1048 1968 lede-

48 1997 150 2024 rentur
180 2002 320 2031 congrue
355 1993 505 2030 satisfiat,
540 1993 629 2023 vobis
661 1992 848 2022 auctoritate
877 1992 1050 2031 apostolica

45 2043 204 2076 licentiam
219 2046 425 2076 concedimus
445 2046 646 2086 postulatam.
664 2046 823 2076 Volumus
840 2050 948 2075 autem
965 2045 1049 2084 quod

45 2106 171 2130 romana
191 2098 323 2129 ecclesia
345 2100 431 2129 idem
451 2100 505 2138 jus
528 2100 561 2128 in
583 2099 734 2129 omnibus
760 2098 892 2137 plenum
915 2103 946 2128 et
967 2099 1048 2127 inte-

45 2159 133 2191 grum
149 2149 262 2182 hab'eat
277 2152 311 2182 in
329 2153 380 2182 via
394 2162 471 2191 que,
490 2157 523 2182 ut
541 2152 724 2191 predicitur,
742 2161 797 2191 per
813 2161 868 2181 vos
884 2151 1049 2181 transferri

46 2205 208 2244 contigerit
228 2211 322 2245 prout
345 2206 405 2236 sibi
425 2210 604 2245 competere
628 2205 805 2235 dinoscitur
823 2205 856 2234 in
876 2204 1047 2243 antiqua...

46 2257 113 2289 Dat.
129 2259 239 2297 Rome,
256 2263 328 2296 etc.‚
346 2268 388 2288 vn
406 2258 561 2289 kalendas
583 2259 705 2295 martii,
722 2258 925 2297 pontificatus
949 2258 1048 2287 nostri

44 2318 126 2343 anno
141 2313 241 2343 tertio.
260 2325 274 2340 ι

113 2485 227 2514 ’2244

80 2545 226 2581 Apocham
237 2546 374 2581 Berardo,
386 2546 529 2582 quondam
543 2546 698 2573 camerario
711 2554 774 2577 suo,
787 2545 844 2571 dat.
858 2545 932 2578 (Fol.
943 2545 973 2571 41
986 2545 1034 2575 ro.)

363 2484 724 2519 Sainte—Marie-MaJenre,
742 2484 757 2510 8
769 2484 883 2518 jan-:ier
900 2483 977 2510 1290.

85 2648 190 2679 Dilecto
204 2649 267 2688 filio
289 2650 420 2679 Ber-ardo
437 2650 471 2678 de
494 2649 666 2685 Camerino,
687 2649 843 2686 quondam
865 2648 1048 2683 camerario,

49 2703 194 2740 capellano
219 2708 339 2739 nostro,
366 2704 496 2732 salutem
524 2708 550 2732 et
578 2702 775 2740 aposcolicam
805 2702 1049 2730 benedictionem.

50 2753 154 2784 «Cum
167 2764 221 2793 per
232 2758 417 2794 computum
430 2756 468 2785 de
484 2755 634 2785 mandato
650 2760 756 2785 nostro
773 2764 827 2793 per
845 2759 872 2783 te
890 2754 1050 2783 redditum

50 2814 101 2837 seu
117 2807 232 2837 factum
249 2816 355 2838 coram
372 2808 486 2838 dilecto
502 2808 568 2837 filio
584 2808 736 2845 magistro
753 2806 896 2842 Nicolao‚
916 2815 1053 2835 camera-

49 2857 95 2889 rio
105 2863 134 2889 et
144 2861 265 2891 notario
280 2866 396 2897 nostro,
410 2861 449 2890 sit
466 2865 626 2899 repertum
639 2869 933 2890 CLVIllmDCCCLxxxx
944 2859 980 2897 (1)
998 2859 1051 2888 flo-

77 2998 109 3029 (¹)
125 2998 162 3036 Ce
176 3002 290 3025 nombre
306 3004 332 3025 et
347 3002 386 3025 les
402 3002 529 3025 suivants
546 3004 609 3025 sont
625 3001 707 3025 ecrits
723 3008 757 3025 en
773 3004 863 3025 tontes
877 3001 971 3024 lettres
987 2999 1054 3023 dans

48 3041 75 3066 10
87 3045 242 3069 manuscrit.
282 3068 285 3069 γ

186 3101 258 3131 Rae.
277 3102 401 3130 NicoLAs
422 3103 473 3129 IV.

1125 437 1218 459 renos
1231 430 1301 458 auri
1319 435 1348 458 et
1364 439 1383 458 v
1398 434 1500 467 partes
1516 429 1612 459 unius
1626 429 1739 459 floreni
1753 438 1787 460 ac
1801 437 2133 460 cccnxlemLxxxxvxtl

1125 480 1223 511 libras
1247 487 1278 511 et
1296 491 1364 511 xini
1386 481 1534 511 denarios
1557 482 1778 512 turonensium
1801 491 1970 522 parvorum
1992 483 2024 512 in
2049 488 2134 514 turo-

1127 534 1219 563 nensi
1237 538 1265 563 et
1282 534 1354 563 aliis
1370 535 1506 564 diversis
1523 535 1660 565 monetis
1675 535 1714 565 ad
1731 540 1936 566 turonensem
1955 536 2132 573 redductis,

1125 586 1164 616 de
1176 586 1344 616 nonnullis
1358 587 1548 623 redditibus,
1563 588 1770 626 proventibus
1786 588 1925 627 aliisque
1937 589 2136 619 obventioni-

1127 639 1184 669 bus
1196 640 1234 669 ad
1245 639 1411 669 ecclesiam
1427 649 1589 669 romanam
1604 641 1831 679 spectantibus,
1847 646 1908 671 toto
1922 646 2061 680 tempore
2073 651 2136 680 quo

1127 694 1353 722 camerariatus
1366 694 1533 723 exercuisti
1550 694 1704 730 officium,
1723 695 1762 723 ad
1780 695 1880 733 ipsam
1897 695 2062 725 ecclesiam
2087 695 2135 725 vel

1128 746 1154 784 ej
1162 755 1196 774 us
1204 755 1235 775 ca
1243 755 1362 775 meram
1374 746 1557 784 pervenisse
1569 757 1574 781 3
1587 747 1928 786 sitquoquerepertum
1937 758 1991 787 per
2000 749 2135 778 eandem

1128 799 1284 828 rationem
1303 808 1356 828 seu
1374 804 1557 837 computum
1577 803 1671 829 totam
1689 801 1857 838 pecuniam
1876 802 2090 840 supradictam
2108 806 2138 831 et

1129 852 1225 881 etiam
1242 852 1326 881 ultra
1343 852 1444 890 ipsam
1462 852 1629 890 pecuniam
1648 859 1844 883 cxxxmncccc
1862 854 2001 883 florenos
2017 855 2085 884 auri
2101 863 2137 884 ac

1129 908 1361 933 cxvnmnccxnn
1380 904 1488 940 libras,
1512 914 1555 933 1111
1573 904 1689 934 solidos
1708 910 1737 935 et
1761 915 1790 934 XI
1813 906 1960 936 denarios
1985 911 2137 945 turonen-

1129 958 1212 987 sium
1238 966 1407 995 parvorum
1435 961 1465 986 et
1487 964 1631 987 xxrmcccc
1657 967 1780 988 marcas
1807 959 2048 996 sterlingorum,
2077 969 2138 997 que

1131 1014 1270 1048 tempore
1286 1010 1388 1039 felicis
1405 1010 1631 1040 recordationis
1649 1011 1780 1040 Martini
1796 1020 1890 1050 pape,
1908 1012 2138 1050 predecessoris

1129 1064 1242 1099 nostri,
1258 1068 1286 1093 et
1302 1063 1340 1093 de
1356 1064 1455 1101 ipsius
1472 1064 1705 1102 predecessoris
1720 1064 1882 1100 mandato,
1896 1073 1951 1102 pro
1963 1065 2080 1103 prefata
2094 1074 2141 1094 ec-

1129 1117 1235 1152 clesia,
1254 1126 1270 1146 a
1289 1117 1381 1146 certis
1404 1117 1633 1147 mercatoribus
1649 1123 1760 1147 mutuo
1780 1118 1946 1156 recepisti,
1970 1122 2000 1148 et
2022 1118 2054 1147 in
2076 1118 2139 1148 alia

1129 1175 1216 1209 parte
1236 1171 1274 1200 de
1297 1175 1436 1209 tempore
1453 1174 1559 1200 nostro
1576 1174 1799 1200 nnmcxxxxvrn
1821 1170 1918 1201 libras
1937 1175 1965 1201 et
1983 1181 2026 1201 x11
2044 1171 2140 1201 dena-

1130 1224 1194 1254 rios
1210 1225 1431 1253 turonensium
1450 1233 1620 1263 parvorum
1636 1229 1666 1253 et
1679 1231 1988 1255 KltimDCCCCLXXXVHI
2005 1225 2139 1255 florenos

1128 1278 1198 1306 auri
1214 1286 1269 1316 pro
1283 1276 1392 1307 multis
1408 1281 1438 1306 et
1454 1277 1552 1306 variis
1568 1278 1750 1316 sumptibus
1767 1282 1797 1308 et
1809 1278 1958 1316 expensis
1974 1278 2075 1307 eidem
2092 1286 2140 1308 ec-

1129 1330 1223 1360 clesie
1236 1330 1495 1366 imminentibus,
1513 1334 1574 1360 toto
1584 1331 1723 1369 predicto
1738 1334 1878 1369 tempore
1888 1339 1961 1370 quo,
1975 1331 2057 1360 sicut
2073 1339 2140 1370 pre-

1129 1384 1284 1420 mittitur,
1318 1384 1459 1414 officium
1490 1384 1660 1414 exercuisti
1696 1385 1865 1423 prefatum,
1897 1394 1952 1423 per
1984 1389 2011 1413 te
2043 1384 2140 1414 fuisse

1129 1446 1284 1475 expensa,
1311 1437 1350 1466 de
1376 1437 1492 1475 quibus
1519 1437 1687 1466 reddidisti
1713 1446 1818 1467 coram
1849 1437 1934 1467 dicto
1966 1438 2141 1467 camerario

1129 1490 1375 1519 satisfacientem
1404 1495 1434 1519 et
1458 1490 1636 1528 plenariam
1662 1491 1837 1525 rationem;
1867 1491 1910 1520 ita
1936 1490 2032 1529 quod,
2059 1491 2142 1519 sicut

1130 1553 1184 1582 per
1196 1544 1331 1573 eandem
1346 1544 1501 1573 rationem
1517 1544 1659 1574 constitit
1673 1543 1849 1580 evidenter,
1867 1544 1987 1582 prefata
2003 1552 2137 1574 romana

1130 1597 1262 1626 ecclesia
1273 1602 1300 1627 et
1315 1598 1384 1635 ejus
1396 1605 1521 1626 camera
1535 1600 1659 1626 tantum
1675 1597 1714 1626 ad
1730 1597 1965 1627 restitutionem
1984 1597 2141 1626 dictorum

1130 1655 1315 1680 mutuorum
1337 1656 1366 1680 et
1384 1651 1526 1688 ipsarum
1545 1659 1756 1688 expensarum
1773 1650 1927 1680 factarum
1944 1650 1983 1680 de
2000 1654 2142 1688 tempore

1130 1709 1248 1739 nostro,
1262 1703 1337 1732 etin
1352 1702 1415 1733 alia
1430 1712 1527 1732 manu
1544 1703 1772 1733 mercatoribus
1785 1703 1823 1732 de
1834 1704 1983 1733 societate
1994 1703 2142 1732 Pulicum

1131 1760 1161 1786 et
1178 1756 1453 1786 Rimbertinorum
1476 1756 1514 1785 de
1537 1756 1699 1785 Florentia
1718 1756 1751 1785 in
1772 1765 2022 1786 nccccnxxxxvm
2039 1756 2141 1792 libris,

1132 1819 1153 1839 11
1169 1809 1281 1839 solidis
1298 1813 1328 1838 et
1342 1819 1411 1838 vnn
1425 1809 1569 1839 denariis
1587 1809 1812 1839 turonensium
1830 1817 2077 1848 parvorum,pro
2093 1818 2144 1838 ex-

1130 1865 1238 1902 pensis
1254 1872 1334 1902 quas
1353 1864 1493 1893 fecerant
1511 1872 1567 1902 pro
1586 1863 1778 1902 quibusdam
1797 1863 1924 1892 nuntiis
1944 1871 2022 1902 quos
2042 1863 2143 1892 felicis

1132 1916 1359 1946 recordationis
1377 1915 1531 1946 Nicolaus
1546 1926 1634 1955 papa,
1652 1916 1854 1955 predecessor
1871 1920 1988 1952 noster,
2005 1915 2142 1946 destina-

1132 1970 1176 1999 vit
1199 1971 1238 1999 ad
1259 1970 1425 2007 Tartaros,
1448 1969 1624 1999 tenebatur.
1649 1970 1732 2005 Nos,
1753 1969 1917 1998 certificati
1938 1968 2066 2007 plenius
2089 1978 2144 2007 per

1131 2023 1254 2053 dictum
1280 2023 1492 2052 camerarium
1519 2023 1557 2052 de
1583 2023 1735 2052 omnibus
1764 2022 1974 2060 supradictis,
2003 2021 2145 2051 volentes

1133 2085 1227 2115 super
1250 2076 1315 2105 hiis
1345 2082 1406 2105 tam
1432 2075 1487 2105 tibi
1513 2084 1609 2114 quam
1636 2075 1776 2113 predicte
1803 2084 1928 2104 camere
1955 2075 1994 2104 de
2021 2074 2146 2104 cautela

1132 2139 1275 2167 congrua
1294 2129 1477 2168 providere,
1497 2129 1554 2158 tibi
1575 2129 1774 2166 presentium
1794 2128 1981 2158 auctoritate
1997 2127 2144 2157 concedi-

1133 2192 1204 2211 mus
1227 2187 1261 2211 nt
1281 2191 1375 2220 super
1393 2181 1522 2220 prefatis
1543 2181 1776 2219 quantitatibus
1792 2184 1996 2210 monetarum
2015 2189 2032 2209 a
2052 2185 2095 2216 te,
2113 2185 2147 2209 ut

1133 2235 1344 2274 premittitur,
1362 2236 1405 2263 sic
1425 2234 1558 2272 receptis
1574 2238 1604 2263 et
1620 2233 1768 2272 expensis
1791 2232 1881 2262 aliud
1903 2232 2039 2262 ulterius
2057 2241 2145 2262 com-

1133 2293 1245 2327 putum
1262 2292 1316 2317 aut
1333 2287 1488 2316 rationem
1505 2287 1601 2316 aliam
1621 2286 1753 2315 reddere
1769 2294 1825 2315 seu
1841 2285 1946 2315 facere
1962 2284 2147 2315 nullatenus

1137 2341 1284 2378 tenearis,
1306 2350 1364 2369 uec
1383 2339 1499 2370 exinde
1519 2348 1537 2368 a
1558 2348 1718 2378 quoquam
1736 2348 1831 2377 super
1846 2338 1909 2368 alio
1926 2338 2086 2368 reddendo
2102 2347 2149 2367 ra-

1135 2395 1265 2424 tiocinio
1287 2393 1398 2433 impeti
1420 2393 1525 2422 valeas
1549 2392 1600 2422 vel
1622 2393 1717 2422 etiam
1740 2392 1912 2421 molestari.
1933 2392 1970 2421 In
1989 2392 2081 2430 cujus
2101 2392 2147 2421 rei

1137 2447 1354 2477 testimonium
1379 2451 1542 2485 presentes
1562 2446 1684 2475 litteras
1707 2445 1746 2474 ad
1769 2450 1855 2474 tuam
1878 2449 1908 2474 et
1930 2453 2055 2474 camere
2077 2454 2147 2482 pre—

1134 2501 1217 2531 dicte
1243 2500 1399 2531 cautelani
1428 2499 1515 2529 bulla
1545 2504 1651 2529 nostra
1679 2499 1816 2529 fecimus
1841 2498 2047 2528 communiri.
2075 2498 2145 2528 Dat.

1136 2556 1248 2592 Rome,
1261 2555 1343 2593 apud
1358 2556 1506 2583 Sanctam
1523 2553 1657 2583 Mariam
1676 2553 1842 2591 Majorem,
1858 2562 1888 2581 vr
1904 2552 1975 2582 idus
1988 2551 2144 2591 januarii,

1136 2609 1337 2649 pontificatus
1353 2608 1454 2638 nostri
1472 2616 1558 2637 anno
1575 2607 1724 2637 secundo.
1745 2618 1758 2633 »

1208 2808 1323 2836 *2245

1172 2870 1278 2897 Contra
1297 2869 1499 2904 tisi1.pationes
1516 2868 1665 2895 nobilium,
1682 2867 1753 2900 (Fol.
1772 2868 1800 2893 41
1820 2868 1871 2900 vo.)

1619 2805 1980 2839 sainte-Marie-MaJeure,
2000 2803 2075 2830 1290.

1179 2980 1222 3009 Ad
1238 2983 1414 3017 perpetuam
1432 2978 1477 3005 rei
1492 2977 1685 3006 memoriam.
1703 2976 1782 3005 Cum
1799 2976 1833 3005 in
1850 2974 2048 3004 Patrimonio
2064 2974 2148 3003 beati

1144 3032 1233 3062 Petri
1253 3032 1317 3061 sint
1334 3029 1456 3059 nobiles
1472 3030 1540 3068 qui,
1558 3034 1722 3068 postquam
1740 3038 1794 3066 per
1810 3028 1915 3067 plures
1931 3035 2032 3057 annos
2048 3031 2147 3056 recto-

1952 3093 2002 3119 rl‘Zli
