2393 3496
924 283 1178 329 QUATROEME
1194 282 1352 321 ANNEE.
2133 295 2193 324 819

95 372 160 394 una
181 371 253 392 cum
281 361 365 390 dicto
391 360 618 390 archidiacono
643 369 679 389 ac
704 360 772 399 ipse
795 359 1037 389 archidiaconus
1060 358 1098 386 de

96 413 280 453 hujusmodi
304 412 526 451 appellationis
549 421 644 442 causa
664 420 852 450 cognoscere
877 412 914 440 de
938 412 1010 449 jure
1035 419 1098 440 non

95 471 239 507 poterant
257 475 315 495 nec
330 465 496 495 debebant.
519 465 556 494 Et
574 465 648 494 licet
664 465 802 503 prefatus
829 465 968 494 decanus
986 463 1100 493 Sancte

97 521 198 551 Marie
214 518 399 557 hujusmodi
416 519 633 556 exceptionem
650 518 828 556 legitimam
846 517 971 546 duxerit
990 516 1102 545 admit-

98 572 236 609 tendam,
257 575 362 601 tamen
378 571 453 609 quia
469 571 712 600 archidiaconus
728 575 758 600 et
772 570 910 600 decanus
926 569 1100 598 Gustrueu-

98 627 140 657 sis
157 624 269 664 prefati
294 624 421 654 eosdem
442 629 654 662 preceptorem
674 628 704 653 et
723 624 835 652 fratres
858 631 952 660 super
970 622 1028 651 hoc
1044 630 1102 651 au-

98 679 167 709 dire
185 682 294 707 contra
306 677 466 715 justitiam
483 677 694 714 denegarunt,
712 681 778 706 tum
796 680 922 715 propter
940 676 1009 710 hoc,
1035 679 1101 704 tum

98 732 172 772 quia
187 730 366 761 Jordanum
385 730 423 759 de
441 730 591 766 Esebeke,
609 730 644 759 in
660 730 783 765 Lesinc,
801 734 831 758 et
847 729 1048 759 Bernardum
1064 729 1103 758 de

98 786 279 819 Everstem,
296 783 330 812 in
350 782 507 812 Berekem
525 782 693 812 domorum
715 782 857 820 ejusdem
880 781 996 811 militie
1016 790 1103 810 com-

97 837 307 872 mendatores,
321 840 539 874 procuratores
553 835 711 865 dictorum
722 828 913 874 preceptoris
926 839 955 864 et
968 835 1103 863 fratrum

72 902 73 905 ¹
97 889 284 920 mandatum
307 889 468 918 sufficiens
487 888 692 924 exhibentes,
713 887 797 926 quod
818 887 948 926 quidem
968 887 1103 916 manda-

99 948 164 974 tum
187 943 289 972 dictus
309 942 448 972 decanus
471 941 748 971 Halberstadeusis
771 941 952 978 legitimum
978 945 1103 979 reputa-

97 997 151 1034 vit,
169 995 223 1025 sed
238 994 482 1025 archidiaconus
498 998 528 1023 et
542 993 681 1023 decanus
694 993 827 1031 predicti
841 994 1028 1023 mandatnm
1043 994 1103 1023 hu-

94 1048 235 1088 jusmodi
258 1056 324 1077 non
345 1056 414 1077 esse
436 1046 600 1076 sufficiens
624 1046 785 1085 dictosque
809 1051 1025 1084 procuratores
1048 1056 1104 1085 pro

62 1124 65 1128 ,
98 1101 247 1142 predictis
275 1105 454 1140 preceptore
477 1105 508 1130 et
531 1100 682 1129 fratribus
708 1108 771 1129 non
799 1109 867 1129 esse
891 1100 1105 1130 admittendos

98 1165 151 1195 per
171 1154 445 1184 interlocutoriam
470 1154 721 1193 pronuntiarunt
744 1153 912 1192 iniquam,
938 1162 992 1192 pro
1018 1157 1105 1192 parte

98 1209 253 1239 dictorum
271 1208 463 1247 preceptoris
481 1211 512 1237 et
529 1208 663 1237 fratrum
679 1207 719 1236 ad
735 1211 877 1237 nostram
894 1208 954 1237 fuit
968 1208 1105 1237 audien-

99 1262 174 1292 tiam
200 1261 394 1300 appellatum
409 1285 416 1298 ,
443 1269 480 1290 ac
507 1260 607 1290 iidem
636 1260 884 1290 archidiaconus
909 1265 939 1290 et
966 1261 1106 1291 decanus

99 1315 319 1351 Gustruensis,
336 1314 525 1353 hujusmodi
545 1313 756 1353 appellatione
773 1319 965 1353 contempta,
982 1315 1106 1354 predic-

101 1373 162 1398 tam
192 1367 498 1398 excomunicationis
525 1367 717 1397 sententiam
747 1367 786 1396 ad
815 1367 970 1397 cautelam
998 1373 1108 1398 contra

96 1421 255 1461 justitiam
271 1420 465 1450 relaxarunt.
483 1420 626 1459 Nosque,
642 1420 681 1449 de
698 1421 864 1458 utriusque
880 1421 977 1458 partis
993 1429 1107 1460 procu-

99 1479 242 1505 ratorum
265 1483 416 1511 assensu,
442 1473 617 1503 venerabili
640 1473 731 1503 fratri
756 1478 863 1504 nostro
887 1497 907 1503 ..
928 1474 1108 1504 Raczebur-

99 1527 190 1566 gensi
206 1527 351 1565 episcopo
369 1535 405 1556 ac
426 1549 446 1556 ..
466 1526 587 1556 decano
611 1526 719 1556 Sancti
739 1526 865 1556 Nicolai
881 1526 916 1556 in
933 1527 1023 1557 Novo
1041 1528 1107 1557 foro

99 1579 371 1618 Magdeburgeusi
386 1583 416 1610 et
433 1603 453 1610 ..
470 1579 606 1618 plebano
623 1579 724 1618 plebis
739 1579 774 1608 in
791 1580 881 1610 Novo
898 1580 1019 1619 Repin,
1038 1582 1106 1611 Ha-

100 1633 315 1671 velbergensis
331 1633 484 1670 diocesis,
502 1632 710 1663 ecclesiarum
726 1633 844 1663 nostris
860 1633 1006 1664 dedimus
1024 1634 1107 1664 litte-

99 1686 143 1716 ris
156 1686 189 1715 in
204 1686 363 1716 mandatis
374 1690 418 1724 ut,
430 1686 514 1725 apud
526 1686 654 1716 Novum
662 1686 766 1725 Repin
775 1687 893 1717 vocatis
906 1688 961 1726 qui
972 1688 1107 1718 vocandi

100 1742 205 1769 essent
224 1744 254 1769 et
271 1739 391 1769 auditis
411 1739 488 1769 hinc
506 1739 582 1769 inde
603 1740 787 1778 propositis,
808 1740 892 1778 quod
911 1741 1036 1779 justum
1061 1741 1107 1771 fo-

100 1796 156 1829 ret,
176 1792 388 1832 appellatione
406 1793 590 1832 postposita,
611 1797 797 1830 statuerent,
813 1798 844 1824 et
863 1794 1005 1824 facerent
1022 1796 1106 1833 quod

72 1867 74 1869 »
100 1846 309 1876 decernerent
334 1847 521 1876 auctoritate
551 1850 658 1876 nostra
685 1846 823 1876 firmiter
843 1847 1018 1877 observari.
1043 1849 1107 1878 Ve-

100 1908 172 1929 rum
188 1908 261 1929 curn
277 1900 441 1938 episcopus
457 1899 740 1937 Raczeburgensis,
756 1900 894 1930 decanus
907 1906 937 1931 et
952 1901 1107 1939 plebanus

98 1952 212 1990 prefati
227 1952 406 1982 litterarum
429 1952 573 1991 ipsarum
593 1954 778 1983 auctoritate
803 1954 843 1983 ad
861 1954 965 1984 locum
982 1956 1107 1994 predic-

99 2008 165 2035 tum
184 2005 297 2035 ducem
314 2005 406 2035 citari
423 2005 571 2035 fecissent
586 2006 737 2043 eundem,
754 2007 816 2036 dux
832 2008 899 2046 ipse
916 2009 1104 2044 Henricum,

94 2058 326 2096 presbiterum,
354 2062 383 2088 et
407 2058 680 2098 Hifflebrandum,
702 2059 857 2099 militem,
878 2062 1009 2092 fratrem
1023 2064 1107 2101 eJus-

99 2111 171 2141 dem
195 2111 326 2148 domus,
354 2112 411 2150 qui
431 2113 590 2142 citationis
609 2113 796 2152 hujusmodi
820 2114 939 2145 litteras
959 2125 994 2145 ex
1021 2121 1108 2155 parte

98 2164 414 2203 dictorumjudicum
430 2165 625 2201 detulerunt,
644 2175 718 2196 cum
733 2167 787 2197 alii
804 2177 859 2206 pre
883 2169 995 2199 timore
1016 2170 1106 2200 inve-

98 2217 161 2247 niri
175 2226 239 2247 non
255 2223 383 2256 possent
398 2219 454 2257 qui
470 2218 500 2248 ei
516 2219 635 2249 vellent
648 2219 771 2250 litteras
786 2226 968 2259 presentare
985 2224 1106 2261 predic-

100 2274 155 2307 tas,
175 2271 243 2309 capi
258 2271 333 2300 fecit
349 2275 379 2300 et
394 2271 545 2301 carcerali
563 2273 706 2302 custodie
724 2274 913 2313 mancipari,
934 2275 969 2304 in
984 2281 1106 2314 aposto-

98 2322 158 2353 lice
176 2324 260 2353 sedis
280 2328 499 2363 contemptum
520 2327 551 2354 et
570 2326 757 2356 eorumdem
779 2328 972 2366 preceptoris
992 2333 1022 2358 et
1043 2329 1107 2359 fra-

101 2383 185 2407 trum
201 2377 415 2416 prejudicium
430 2387 494 2408 non
512 2379 673 2409 modicum
685 2384 911 2418 etgravamen,
928 2391 964 2411 ac
977 2383 1107 2412 demum

98 2430 290 2468 pretendens
309 2431 507 2461 mendaciter
528 2432 612 2470 quod
635 2433 800 2472 episcopus
819 2434 1106 2472 Raczeburgensis,

100 2482 238 2513 decanus
252 2487 282 2513 et
296 2483 453 2522 plebanus
476 2484 607 2523 predicti
626 2485 665 2515 ad
685 2485 791 2516 locum
812 2495 875 2517 non
903 2491 1005 2517 tutum
1027 2488 1106 2518 cita-

99 2536 176 2566 bant
194 2537 351 2573 eundem,
376 2537 449 2567 licet
469 2537 509 2568 de
535 2539 679 2577 ipsorum
704 2540 842 2578 partium
868 2546 1106 2579 procuratorum

100 2589 231 2620 comuni
245 2599 378 2620 assensu
394 2590 433 2620 de
449 2591 517 2621 loco
533 2591 643 2621 eodem
659 2598 851 2622 conventum
870 2594 945 2629 fuit,
965 2600 1056 2633 prout
1071 2596 1106 2624 in

100 2643 229 2680 prefatis
245 2643 361 2672 nostris
379 2642 493 2673 litteris
509 2643 669 2674 contineri
684 2645 811 2681 dicitur,
829 2647 867 2675 ad
886 2648 1038 2685 prefatam
1058 2657 1107 2677 se-

100 2695 170 2725 dem
189 2704 297 2725 vocem
315 2696 540 2735 appellationis
561 2698 677 2727 emisit.
700 2698 779 2728 Cum
800 2705 906 2729 autem
926 2701 1107 2739 Stephanus

100 2747 138 2777 de
153 2747 332 2785 Guarcino,
348 2753 534 2787 procurator
549 2749 693 2787 ejusdem
709 2751 814 2788 ducis,
839 2753 970 2783 nomine
990 2754 1104 2792 ipsius,

99 2810 193 2840 super
212 2801 400 2841 hujusmodi
420 2801 631 2840 appellatione
651 2803 740 2833 ducis
760 2805 871 2842 prefati
891 2806 930 2835 ad
950 2806 1107 2836 decanum

100 2854 232 2884 ecclesie
255 2853 498 2885 Slesewicensis
515 2860 641 2885 nostras
663 2856 786 2886 litteras
806 2858 1021 2896 impetrasset,
1038 2860 1105 2888 An-

100 2907 191 2937 dreas
217 2907 337 2937 Mathie
354 2908 557 2945 Aniciensis,
577 2908 672 2938 frater
690 2914 720 2938 et
742 2915 926 2948 procurator
946 2911 1107 2949 generalis

99 2960 244 2999 magistri
271 2964 302 2991 et
321 2960 457 2991 fratrum
478 2961 616 2999 predicte
640 2961 775 3000 militie,
803 2963 915 2994 litteris
935 2964 1055 2995 eisdem
1071 2964 1106 2993 in

1181 357 1345 386 audientia
1361 358 1485 396 publica
1500 357 1704 394 contradixit,
1730 361 1848 387 etcum
1864 358 1949 387 inter
1972 364 2190 397 procuratores

1182 410 1266 448 ipsos
1285 420 1378 449 super
1397 411 1456 441 hoc
1474 411 1658 450 aliquandiu
1676 410 1837 448 litigatum
1854 410 1982 447 fuisset,
1999 420 2068 447 nos,
2091 416 2192 441 atten-

1182 463 1292 493 dentes
1308 464 1392 502 quod
1408 473 1502 494 causa
1520 465 1597 502 ipsa,
1617 473 1679 502 que
1699 463 1795 501 longo
1814 468 1953 501 tempore
1966 464 2033 501 Jam
2050 464 2187 499 duravit,

1182 521 1307 554 propter
1322 517 1558 547 intricationem
1575 525 1783 555 processuum
1800 516 1983 546 habitorum
2000 517 2034 545 in
2052 526 2106 553 ea,
2125 526 2189 546 uon

1183 574 1303 607 poterat
1318 570 1351 599 iu
1369 570 1433 599 illis
1450 571 1590 608 partibus
1608 570 1648 600 de
1670 570 1754 600 facili
1773 570 1939 599 terminari
1964 579 2028 600 non
2057 575 2119 599 tam
2137 571 2192 609 ju-

1184 622 1229 651 ris
1245 622 1383 660 rigorem
1400 633 1495 661 quam
1513 624 1686 662 equitatem
1704 628 1890 662 sequentes,
1909 623 1947 653 de-
1966 624 2099 653 fratrum
2119 632 2191 653 nos-

1185 678 1305 704 trorum
1322 675 1470 712 consilio,
1492 676 1641 706 volumus
1664 680 1698 705 ut
1721 685 1816 705 causa
1838 676 1978 714 predicta
2005 677 2038 706 in
2060 685 2193 707 romana

1184 727 1273 756 curia
1299 729 1423 757 tractari
1449 729 1561 758 debeat
1583 733 1613 758 et
1635 729 1732 758 etiam
1757 729 1944 767 terminari,
1968 729 2101 768 ideoque
2123 729 2191 759 dis-

1185 780 1317 810 cretioni
1344 785 1395 810 tue
1421 790 1476 819 per
1496 781 1665 819 apostolica
1687 782 1803 819 scripta
1826 782 2017 811 mandamus
2039 782 2193 820 quatinus

1185 833 1363 871 predictum
1384 834 1496 864 ducem
1517 844 1553 863 ex
1571 839 1657 873 parte
1679 839 1802 871 nostra,
1826 844 1879 873 per
1903 839 1930 864 te
1947 844 2002 864 seu
2017 835 2117 864 alium
2139 840 2193 865 aut

1185 885 1275 921 alios,
1293 887 1503 925 peremptorie
1521 887 1616 916 citare
1633 895 1780 925 procures
1795 892 1829 916 ut
1844 888 1927 916 infra
1943 891 2081 926 quatuor
2099 897 2192 917 men-

1187 949 1235 969 ses
1251 943 1319 978 post
1334 940 1516 969 citationem
1538 944 1636 976 tuam,
1654 949 1726 969 cum
1742 941 1892 969 omnibus
1907 941 1995 976 actis,
2013 942 2140 979 juribus
2163 946 2192 971 et

1186 993 1398 1022 munimentis
1414 993 1481 1022 suis
1497 993 1670 1031 predictam
1694 1002 1822 1022 causam
1841 994 2119 1031 contingentibus,
2138 1003 2194 1032 per

1187 1054 1219 1075 se
1247 1045 1297 1075 vel
1318 1055 1374 1083 per
1399 1050 1636 1084 procuratorem
1663 1045 1843 1084 ydoneum,
1866 1046 2035 1085 apostolico
2060 1056 2092 1076 se
2116 1056 2192 1077 con—

1187 1099 1306 1137 spectui
1324 1102 1530 1137 representet,
1548 1098 1689 1128 facturus
1706 1103 1736 1128 et
1753 1103 1936 1137 recepturus
1950 1108 2045 1137 super
2060 1100 2194 1137 premis-

1188 1151 1231 1180 sis
1247 1151 1330 1190 quod
1346 1151 1422 1181 ordo
1437 1151 1605 1181 dictaverit
1624 1151 1768 1181 rationis.
1789 1151 1882 1180 Diem
1900 1160 1973 1180 vero
1989 1151 2146 1181 citationis
2165 1157 2196 1182 et

1187 1204 1323 1234 formam
1340 1209 1370 1234 ct
1383 1205 1537 1243 quicquid
1554 1213 1647 1243 super
1666 1205 1730 1233 hiis
1751 1204 1880 1233 duxeris
1904 1204 2084 1234 faciendum
2104 1205 2194 1234 nobis

1188 1268 1243 1297 per
1261 1263 1328 1288 tuas
1344 1258 1466 1288 litteras
1481 1258 1597 1288 harum
1618 1259 1732 1287 seriem
1752 1258 1950 1288 continentes
1968 1258 2094 1287 studeas
2116 1258 2195 1287 fide-

1188 1311 1262 1341 liter
1288 1312 1450 1341 intimare,
1479 1312 1549 1342 Dat.
1576 1311 1659 1350 apud
1685 1311 1970 1348 Urhemveterem,
1996 1321 2015 1340 v
2040 1310 2194 1341 kalendas

1189 1365 1340 1402 octobris,
1359 1374 1445 1395 anno
1460 1369 1583 1404 quarto.
1600 1376 1614 1391 ι)

1261 1551 1375 1581 6097

1226 1613 1268 1640 De
1283 1613 1469 1640 translatione
1484 1613 1623 1639 ecclesiae
1637 1612 1672 1638 de
1693 1612 1861 1646 Peteghem,
1877 1611 2068 1639 'romanensis
2083 1611 2196 1638 dioece-

1190 1664 1242 1690 sis.
1258 1662 1341 1696 (Res.
1359 1663 1400 1694 46,
1419 1670 1444 1689 c.
1463 1661 1528 1694 522,
1545 1662 1564 1689 f.
1583 1661 1633 1688 103
1650 1662 1701 1695 vo.)

1677 1550 1803 1584 Orvieto,
1821 1551 1850 1576 41
1867 1550 2028 1584 septembre
2045 1550 2123 1577 1291.

1236 1765 1402 1794 Venerabili
1422 1766 1518 1801 fratri?
1539 1786 1559 1794 ..
1582 1765 1714 1802 episcopo
1738 1764 1919 1793 Tornacensi
1941 1762 2072 1791 mandat
2093 1766 2126 1791 ut
2141 1762 2193 1798 G.,

1190 1819 1298 1849 comiti
1314 1817 1495 1855 Flandriae,
1512 1817 1675 1847 licentiam
1692 1817 1842 1846 concedat
1858 1815 2070 1846 transferendi
2088 1824 2193 1854 parro-

1189 1872 1327 1902 chialem
1343 1871 1507 1901 ecclesiam
1525 1870 1620 1901 villae
1635 1871 1673 1900 de
1687 1870 1872 1908 Peteghem,
1885 1869 2096 1899 Tornacensis
2112 1869 2194 1898 dioe-

1189 1926 1279 1962 cesis,
1300 1925 1333 1954 in
1351 1924 1452 1962 ipsius
1468 1924 1590 1953 comitis
1610 1927 1710 1953 castro
1726 1926 1949 1959 constructam,
1970 1926 2096 1960 propter
2111 1920 2193 1959 quod

1189 1979 1228 2008 ad
1249 1987 1319 2008 eam
1340 1978 1488 2007 accedere
1509 1976 1711 2015 parrochiani
1732 1985 1794 2005 non
1814 1980 1963 2014 possunt,
1981 1975 2019 2004 ad
2040 1979 2194 2004 coemete-

1188 2033 1272 2061 rium
1291 2031 1432 2070 ejusdem
1449 2030 1599 2060 ecclesiae
1614 2033 1687 2058 ante
1701 2033 1805 2067 portas
1819 2028 1961 2067 ejusdem
1975 2027 2069 2057 castri
2084 2027 2191 2056 situm.

1190 2085 1320 2115 Proviso
1339 2084 1423 2122 quod
1444 2092 1530 2113 sacer
1550 2083 1637 2112 locus
1658 2082 1690 2111 in
1713 2090 1775 2120 quo
1795 2090 1882 2111 nunc
1899 2081 1982 2111 dicta
2000 2080 2132 2110 ecclesia
2148 2084 2197 2109 est

1189 2141 1368 2168 constructa
1383 2136 1422 2166 ad
1439 2136 1618 2174 prophanos
1635 2144 1711 2164 usus
1728 2143 1793 2164 non
1810 2134 1993 2164 deducatur.

1232 2204 1244 2216 ι
1265 2189 1405 2227 Benigni
1421 2188 1635 2227 promptitudo
1651 2187 1804 2218 favoris...
1820 2203 1858 2208 —
1872 2187 1943 2217 Dat.
1958 2186 2041 2224 apud
2061 2185 2193 2216 Urbem-

1190 2247 1338 2277 veterem,
1357 2252 1389 2271 ιιι
1406 2242 1478 2271 idus
1496 2240 1696 2280 septembris,
1716 2249 1802 2269 anno
1817 2244 1939 2278 quarto.
1963 2251 1975 2266 n

1260 2428 1379 2457 (3038
1746 2424 1873 2458 Orvieto‚
1891 2423 1923 2450 12
1935 2422 2029 2458 juillet
2045 2422 2122 2449 1291.

1224 2490 1375 2525 Exemptio
1388 2489 1609 2525 Jurisdictionis.
1628 2488 1711 2522 (Rau.
1726 2487 1769 2519 46,
1786 2494 1812 2513 c.
1830 2485 1889 2517 523,
1907 2486 1926 2512 1.
1945 2484 1994 2512 103
2015 2484 2064 2519 νῦ.)

1230 2594 1346 2623 Dileclis
1371 2592 1446 2629 filiis
1471 2591 1624 2627 scabinis,
1650 2589 1898 2627 burqimayistris
1924 2592 1950 2616 ει
1980 2585 2194 2616 communitati

1190 2648 1261 2677 ville
1281 2646 1460 2683 Burqensz's,
1480 2645 1677 2674 Tornacensis
1695 2643 1838 2678 diocesis,
1855 2640 1984 2670 obtentu
2005 2639 2061 2675 ss.‚
2085 2637 2192 2667 Sancti

1189 2699 1315 2730 Nicolai
1334 2700 1367 2728 in
1383 2698 1514 2728 Carcere
1533 2696 1682 2726 Tulliano
1697 2694 1822 2724 diaconi
1839 2692 2029 2728 cardinalis,
2048 2690 2193 2727 indulget

1189 2758 1224 2783 ut
1238 2757 1325 2782 extra
1342 2750 1512 2781 dioecesim
1528 2749 1763 2779 Tornacensem
1784 2747 1819 2776 in
1838 2754 1965 2775 causam
1985 2743 2066 2774 trahi
2086 2742 2134 2772 vel
2152 2741 2191 2771 ad

1185 2806 1344 2845 judicium
1362 2803 1484 2834 evocari
1504 2811 1559 2841 per
1575 2801 1697 2831 litteras
1717 2799 1905 2838 apostolicae
1927 2797 2011 2827 sedis
2031 2795 2080 2825 vel
2101 2795 2190 2832 lega-

1190 2863 1292 2889 torum
1309 2858 1377 2896 ejus
1394 2865 1457 2886 non
1474 2855 1605 2894 possint.

1230 2922 1244 2937 ι
1263 2908 1444 2947 Apostolice
1462 2907 1545 2937 sedis
1560 2905 1739 2943 benigna...
1757 2919 1798 2926 —
1815 2903 1885 2933 Dat.
1906 2900 1989 2940 apud
2012 2899 2189 2930 Urbemve-

1191 2968 1298 3000 terem,
1318 2971 1364 2991 1111
1380 2960 1546 3000 idusjulii,
1563 2967 1647 2989 anno
1663 2959 1785 2997 quarto.
1802 2968 1814 2982 ν
