2393 3496
653 382 789 411 TABLE
812 367 1146 415 ALPHABETIQUE
1169 378 1246 407 DES
1269 378 1387 408 NOMS
1412 378 1616 408 PROPRES.
2106 381 2178 409 1147

90 448 289 488 Colleopanis
311 447 371 486 (00.
392 448 429 477 Β.
449 447 569 477 Mariae
585 447 632 487 in)
655 456 750 486 prope
768 447 800 477 S.
819 447 1018 477 Germanum
1035 449 1094 474 ter-

130 511 184 532 rae
200 500 386 531 Casinensis
404 499 493 530 6430.

91 554 331 587 Collestaczario
347 552 405 591 (ec.
424 552 456 582 S.
476 553 596 583 Mariae
611 553 672 590 de),
692 552 878 590 Eugubinae
895 552 924 581 d.
943 551 1030 581 6385.
1048 549 1095 580 Cf.

131 607 360 638 Callestazano.

93 660 311 692 Colletauleno
329 658 470 698 (Blasius
489 658 551 697 de),
571 659 748 689 monachus
766 667 853 689 mon.
873 656 1098 696 Pomposiani,

133 712 354 744 Comaclensis
369 712 400 741 d.
421 711 509 747 5963,
528 710 616 742 6938.

95 765 232 797 Colleuli
248 764 354 795 locum
374 764 439 794 136.

95 818 254 850 Colliculo
271 819 328 856 (ec.
345 817 409 856 de),
428 817 615 847 Parmensis
631 818 660 848 d.
681 818 749 847 299.

96 871 348 910 Collispergulae
365 871 494 910 (domus
517 871 555 900 fr.
577 871 838 909 heremitarum),
862 871 1049 908 Engubinae
1069 870 1099 899 d.

133 924 231 963 5387;
250 941 290 947 —
306 924 432 964 (domus
446 925 485 954 fr.
502 924 596 963 min.)
613 924 701 954 3322.

96 978 268 1010 Colobosco
283 977 410 1017 (domus
426 977 622 1016 leprosorum
639 977 672 1007 S.
692 978 830 1007 Romani
846 977 908 1015 de),
929 976 1101 1006 1101110013-

132 1030 242 1069 gensis
258 1030 289 1060 d.
307 1030 396 1060 4547.

95 1083 278 1115 Colobriera
286 1082 381 1122 (00113
391 1082 422 1112 S.
434 1082 542 1112 Pontii
551 1083 613 1119 de),
622 1083 655 1112 in
664 1083 843 1121 episcopatu
851 1082 1022 1113 Tolonensi
1032 1082 1099 1112 526.

95 1135 277 1167 Colocensis
294 1135 552 1174 archiepiscopus
570 1130 658 1166 4430.

94 1189 247 1220 Colomba
274 1188 455 1228 (Johaunes
483 1188 614 1226 dictus),
646 1188 878 1225 subdiaconus,
902 1187 1102 1218 Coloniensis

134 1242 165 1272 d.
184 1241 273 1272 5589.

95 1296 260 1328 Colomba.
277 1295 326 1326 Cf.
343 1295 510 1326 Columba.

97 1349 299 1382 Coloniensis
320 1349 578 1388 archiepiscopus
598 1349 780 1385 1191-1206,
807 1349 892 1385 1995,
919 1347 1101 1384 2139-2152,

137 1404 226 1441 2748,
244 1403 333 1439 2890,
352 1403 439 1438 2964,
458 1403 546 1439 3295,
565 1403 654 1440 4005,
672 1402 764 1439 4573,
784 1402 877 1438 5109,
897 1402 988 1438 5589,
1008 1401 1101 1437 6892,

137 1456 232 1493 7434,
255 1456 350 1493 7435;
366 1472 406 1479 --
426 1456 537 1486 civitas
559 1457 649 1489 1191,
676 1455 768 1490 1206,
787 1456 874 1490 2140,
893 1455 988 1491 2151,
1008 1454 1102 1489 2890,

138 1509 211 1540 2891
229 1521 235 1547 ;
253 1527 291 1531 —
306 1510 440 1539 clericus
458 1509 553 1545 74343
580 1527 619 1530 —
643 1509 796 1538 dioecesis
824 1508 891 1544 285,
918 1507 986 1544 834,
1014 1506 1103 1543 3201,

137 1562 227 1600 3295,
245 1562 334 1599 4121,
352 1562 441 1598 4655,
458 1562 547 1598 5589,
569 1561 657 1597 6892,
675 1561 764 1597 7429,
781 1560 871 1595 7434,
889 1560 983 1595 7435;
1002 1577 1040 1580 —
1055 1568 1104 1588 ec—

137 1616 234 1647 clesia
262 1615 441 1651 1191-1206,
473 1615 656 1651 2140-2152,
683 1615 771 1650 2747,
793 1614 881 1650 2748,
905 1613 991 1649 2890,
1015 1613 1104 1648 5580,

137 1669 232 1706 5581,
251 1668 344 1705 5584;
361 1684 400 1689 -
415 1667 576 1706 provintia
591 1667 665 1703 949,
682 1667 779 1703 715S;
797 1683 835 1688 —
851 1666 964 1696 domus
981 1666 1016 1695 B.
1036 1666 1103 1695 Ma-

137 1722 203 1752 riae
224 1721 263 1751 de
287 1721 397 1751 Monte
417 1720 557 1750 Carmeli
574 1720 649 1750 2559
664 1730 670 1757 3
688 1737 725 1741 ——
743 1729 788 1750 ec.
806 1720 861 1750 SS.
882 1719 1105 1758 Apostolorum

139 1776 213 1805 4121
229 1800 236 1813 ‚
253 1775 346 1812 46553
362 1791 400 1796 —
416 1783 461 1803 ec.
483 1774 515 1803 S.
537 1773 674 1803 Ceciliae
695 1773 789 1810 34733
805 1789 844 1795 -
861 1782 906 1802 00.
927 1772 959 1802 S.
977 1772 1105 1810 Georgii

138 1815 233 1865 4656,
258 1828 355 1865 7424,
372 1827 468 1865 7430,
485 1844 524 1849 -
540 1836 584 1857 ec.
608 1827 640 1857 5.
667 1827 786 1856 Mariae
806 1826 844 1855 ad
869 1825 994 1856 Gradus
1017 1826 1105 1863 4656,

139 1881 228 1918 7429,
245 1880 334 1912 7437.

100 1935 296 1966 Colubreriis
305 1933 515 1973 (Guillelmns
527 1933 589 1972 de),
599 1933 796 1971 praepositus
805 1941 849 1962 ec.
858 1932 1007 1971 Aptensis
1016 1932 1104 1962 2038.

100 1988 255 2019 Columba
267 1987 391 2024 Didaci,
406 1987 485 2017 civis
499 1987 652 2016 Toletana
670 1986 754 2021 1774,
771 1986 865 2022 4020,
882 2004 917 2007 —
935 1985 1107 2024 Ispalensis

139 2041 170 2071 d.
191 2040 278 2071 5975.

99 2094 265 2125 Columba.
281 2093 330 2124 Cf.
349 2093 512 2124 Colomba.

100 2147 272 2178 Columbae
283 2146 510 2187 (prioratuss.)
519 2147 556 2176 de
564 2146 764 2183 Savarduno,
772 2145 1006 2175 Tholosanaed.
1017 2146 1104 2176 5716.

100 2201 275 2232 Columbae
292 2202 390 2239 (mon.
410 2200 456 2236 S.)
475 2200 514 2230 de
532 2200 572 2235 Y,
591 2200 779 2230 Sodorensis
795 2200 825 2229 d.
847 2199 932 2229 1598.

101 2254 292 2285 Columbani
308 2253 411 2292 (mon.
430 2253 478 2292 S.)
496 2253 655 2283 Bobiense
671 2252 759 2282 2035.

100 2307 293 2338 Columbani
307 2305 409 2346 (mon.
428 2306 475 2345 S.)
490 2306 655 2336 Januense
672 2306 760 2336 3336.

100 2360 305 2390 columbario
319 2359 408 2398 (Gilo
426 2359 489 2398 de),
505 2359 627 2389 archid.
648 2358 825 2388 Meldensis
842 2359 927 2388 1126.

101 2412 286 2443 Columbeio
300 2411 490 2451 (Riccardus
506 2412 569 2448 de),
586 2412 625 2441 fr.
643 2412 724 2441 min.
740 2412 789 2440 77.

102 2465 287 2496 Columbeio
302 2465 361 2504 (00.
379 2465 411 2495 S.
429 2465 559 2503 Vigoris
574 2464 637 2504 de),
662 2464 844 2503 Bajocensis
862 2464 892 2493 d.
911 2465 999 2493 2615.

103 2517 314 2549 Columberiis
322 2517 554 2557 (Raymundus
563 2516 626 2556 de),
635 2517 808 2547 canonicus
818 2517 1010 2546 Biterrensis
1018 2516 1106 2546 4022.

104 2570 319 2602 Columberiis
336 2570 395 2610 (ec.
413 2570 445 2600 S.
464 2570 584 2600 Mariae
601 2570 662 2606 de),
680 2569 880 2599 Tholosanae
896 2570 926 2598 d.
946 2569 1033 2599 6375.

105 2623 313 2662 Columbeyo.
330 2623 379 2654 (11.
399 2622 598 2653 Columbeio.

105 2677 255 2708 Columbi
272 2682 354 2706 terra
370 2676 458 2707 3465.

106 2730 286 2770 Columpna
300 2730 470 2769 (Agapitus
482 2729 545 2768 de),
559 2729 696 2759 vicarius
711 2729 872 2758 Marehiae
888 2729 1110 2758 Anconitanae

145 2784 234 2821 7271,
261 2784 350 2820 7288,
378 2782 466 2819 7290,
494 2781 680 2818 7294-7297,
707 2781 802 2818 7303,
829 2781 917 2817 7320,
947 2781 1021 2810 7571
1038 2791 1044 2817 ;
1071 2797 1112 2803 -

145 2837 231 2867 filius
246 2836 408 2867 Johannis
428 2836 468 2865 de
491 2834 682 2873 Columpna,
701 2835 831 2864 rectoris
855 2834 1017 2863 Mareliiae
1041 2834 1110 2863 An-

145 2891 311 2922 conitanae
327 2888 416 2925 7294,
434 2888 522 2918 7296.

107 2944 286 2984 Columpna
309 2942 487 2982 (Johannes
509 2941 557 2979 de)
581 2941 619 2970 de
636 2941 723 2971 Urbe
739 2940 836 2977 4915,
853 2956 891 2961 —
908 2943 1008 2969 rector
1024 2939 1111 2968 Mar-

146 2996 469 3028 chiaeAnconitanac
486 2994 573 3030 2698,
592 2993 679 3030 2723,
699 2994 787 3029 5856,
807 2993 895 3029 7089,
914 2992 1002 3029 7090,
1023 2991 1111 3028 7093,

147 3050 235 3086 7094,
253 3050 342 3086 7102,
360 3047 449 3083 7103,
473 3046 562 3082 7120,
580 3046 669 3083 7122,
687 3045 776 3081 7123,
792 3045 887 3083 7160,
906 3045 1002 3081 7161,
1022 3044 1111 3081 7176,

1220 444 1308 480 7194,
1324 444 1411 480 7294,
1430 444 1524 479 7296,
1542 444 1630 480 7335,
1649 444 1742 481 7507;
1763 461 1800 466 -
1824 449 1949 475 senator
1973 446 2068 475 Urbis
2091 446 2179 483 7259,

1218 497 1306 532 7264,
1331 497 1418 532 7265,
1439 496 1526 526 7333.

1180 548 1360 587 (101001οι13
1374 549 1552 588 (1011301105
1570 549 1716 579 Landulfi
1730 550 1778 587 de)
1795 549 1833 579 de
1850 550 1936 580 Urbe
1952 550 2040 581 2989.

1181 601 1358 640 Columpna
1373 602 1551 640 (Johannes
1568 602 1720 641 Stephani
1736 602 1788 641 de)
1803 603 1841 632 de
1856 603 1944 633 Urbe
1960 603 2049 633 7030.

1181 654 1358 693 Columpna
1381 655 1604 694 (Landulphus
1624 655 1671 690 de)
1691 655 1765 691 4793
1782 672 1820 677 —
1837 660 1939 685 rector
1954 656 2088 686 ducatus
2104 656 2181 695 Spo-

1222 708 1319 737 letani
1338 708 1524 744 6955-6958,
1544 708 1631 745 7019,
1650 708 1738 743 7065,
1756 708 1842 738 7080.

1182 760 1360 799 Columpna
1369 761 1546 798 (Mathaens
1557 761 1618 799 de),
1630 761 1802 790 0300010115
1811 760 2016 791 Carnotensis
2027 762 2096 800 654,
2108 763 2163 792 655
2174 773 2180 799 3

1222 830 1260 835 —
1277 814 1470 852 praepositus
1491 823 1534 844 ec.
1557 814 1590 844 S.
1610 814 1806 850 Andoinari,
1828 814 2024 844 Morinensis
2044 815 2071 844 d.
2093 815 2181 845 4660.

1182 865 1362 904 (10Ιο10003
1376 866 1478 905 (Oddo
1496 866 1548 905 de)
1563 866 1630 896 479.

1184 919 1362 957 Columpna
1375 919 1502 957 (Petrus
1517 918 1580 957 de),
1596 919 1778 957 capellanus
1796 928 1891 958 papae
1910 920 1979 956 171;
1999 936 2035 942 -
2052 920 2084 950 S.
2100 921 2180 951 Eus-

1226 972 1320 1001 tachii
1336 972 1490 1001 diaconus
1505 972 1676 1001 cardinalis
1692 972 1779 1001 3112.

1184 1024 1362 1062 Columpna
1381 1024 1576 1063 (Stephanus
1592 1024 1658 1061 de),
1684 1024 1834 1054 dominus
1856 1025 1893 1054 de
1915 1025 2069 1055 Jenezani
2088 1026 2182 1062 49l5;

1222 1092 1262 1098 —
1279 1081 1380 1106 rector
1400 1075 1607 1105 Romaniolae
1623 1076 1712 1112 7253,
1730 1076 1818 1113 7254,
1836 1076 2022 1114 7294-7303,
2040 1078 2127 1107 7317.

1184 1128 1361 1167 Columpna
1377 1129 1519 1158 Adriana
1532 1128 1591 1167 (00.
1609 1128 1641 1158 S.
1660 1128 1783 1158 Nicolai
1798 1129 1849 1168 de)
1865 1130 1902 1158 de
1922 1130 2008 1159 Urbe
2024 1129 2112 1159 4596.

1183 1181 1401 1212 Comaclensis
1417 1181 1569 1211 dioecesis
1584 1182 1671 1217 5963,
1693 1181 1871 1211 6938-6940.

1184 1235 1304 1265 Combe.
1323 1236 1378 1271 (ec.
1398 1234 1429 1264 S.
1448 1234 1579 1264 Martini
1596 1234 1634 1263 de
1654 1234 1766 1273 Bella),
1785 1234 1982 1265 Tholosanae
1997 1235 2027 1264 d.
2046 1235 2134 1266 5146.

1184 1288 1310 1324 Comes,
1333 1287 1390 1317 SS.
1410 1287 1590 1316 Marcellini
1612 1291 1641 1317 et
1657 1288 1743 1317 Petri
1759 1288 1924 1326 presbyter
1946 1288 2118 1318 cardinalis
2137 1289 2184 1325 27,

1225 1340 1274 1376 37,
1292 1340 1339 1376 51,
1360 1340 1425 1376 183,
1443 1340 1531 1370 5750.

1186 1394 1298 1423 Comes
1318 1393 1511 1429 Riccardini,
1529 1393 1606 1422 civis
1624 1393 1655 1423 S.
1674 1393 1862 1423 Geminiani
1885 1392 1973 1424 3581.

1186 1446 1299 1476 (101005
1315 1446 1353 1476 de
1369 1446 1573 1482 Urbevetere,
1588 1446 1672 1485 juris
1689 1446 1790 1475 civilis
1803 1446 1959 1484 professor
1979 1446 2066 1477 3504.

1187 1499 1308 1529 Comite
1323 1499 1551 1538 (Adenulphus
1568 1499 1617 1537 de)
1634 1499 1672 1528 de
1691 1499 1932 1529 Vallemontone
1951 1499 2036 1530 1937.

1187 1552 1310 1582 Comite
1324 1552 1506 1592 (Philippus
1523 1552 1585 1590 de),
1604 1552 1798 1591 praepositus
1815 1561 1860 1582 ec.
1883 1551 1915 1581 S.
1935 1553 2103 1583 Laurentii
2120 1554 2186 1584 Me-

1227 1605 1423 1635 diolanensis
1445 1604 1532 1635 7235.

1187 1656 1310 1687 Comite
1326 1657 1464 1694 Rogerio
1481 1657 1608 1696 (Petrus
1624 1656 1690 1696 de),
1709 1657 1882 1687 canonicus
1899 1657 2081 1688 Melfitanus
2099 1658 2186 1688 3821.

1187 1709 1310 1740 Comite
1326 1710 1491 1740 Ursonum
1508 1709 1683 1747 (Johannes
1696 1710 1759 1749 de),
1776 1711 1854 1740 civis
1870 1711 2084 1741 Amalfitanus
2099 1712 2186 1742 2322.

1188 1764 1365 1794 Comitibus
1385 1763 1596 1802 (Percivallus
1613 1763 1666 1803 de)
1681 1764 1719 1793 de
1735 1764 1861 1800 Padua,
1879 1764 2045 1803 episcopus
2064 1765 2188 1795 Padua-

1228 1827 1290 1848 nus
1305 1818 1372 1848 540.

1189 1872 1321 1902 Comitis
1336 1871 1477 1910 (Proba),
1495 1875 1650 1900 mercator
1665 1870 1812 1900 601-603.

1189 1925 1321 1955 Comitis
1334 1924 1487 1963 (castrum
1508 1923 1641 1960 Serrae),
1660 1923 1899 1961 Senogaliensis
1916 1924 1944 1953 d.
1963 1925 2055 1962 4480,
2068 1941 2106 1946 -
2120 1925 2190 1964 ((10-

1229 1987 1301 2007 mus
1318 1978 1354 2006 fr.
1374 1978 1454 2006 min.
1469 1977 1506 2006 de
1523 1976 1630 2015 Serra)
1646 1978 1733 2006 6867.

1189 2029 1696 2068 (1001105530((130111ᾶο5)6852,
1715 2030 1803 2059 6853.

1189 2084 1376 2114 Comitissae
1390 2083 1492 2122 (mon.
1511 2083 1547 2111 Β.
1563 2083 1682 2111 Mariae
1698 2083 1806 2112 Novae
1823 2082 1958 2121 dictum)
1974 2087 2061 2113 extra
2082 2092 2190 2114 muros

1229 2136 1395 2170 (10110030,
1416 2135 1569 2165 Aretinae
1587 2135 1617 2163 d.
1636 2135 1725 2172 4812,
1743 2135 1831 2164 5872.

1189 2188 1402 2220 Comitisvilla
1418 2191 1474 2225 (ec.
1493 2187 1524 2217 S.
1543 2188 1628 2217 Petri
1645 2188 1707 2226 de),
1726 2188 1955 2217 Ambianensis
1971 2188 2002 2218 d.
2019 2188 2108 2218 4730.

1189 2244 1349 2274 Comitum
1364 2241 1495 2281 (Serra).
1521 2241 1567 2271 (11.
1585 2240 1719 2270 Comitis
1737 2240 1870 2280 (Serra).

1190 2296 1364 2334 Compagni
1380 2295 1543 2333 (Jacobus)
1562 2294 1646 2324 1325.

1189 2347 1624 2388 Compalatii(Landulphns,
1644 2347 1865 2385 Pandulphus)
1883 2348 1971 2385 5162,
1988 2349 2076 2377 5165.

1190 2403 1364 2441 Companio
1392 2400 1642 2439 (Speneindeus)
1668 2400 1706 2430 de
1733 2400 1932 2437 Serbeliano,
1963 2401 2133 2432 Firmanae
2158 2402 2190 2432 d.

1231 2455 1318 2485 4503.

1190 2509 1396 2547 Coinpatrum
1427 2507 1553 2546 (domus
1580 2506 1619 2536 fr.
1653 2506 1732 2535 min.
1760 2506 1799 2536 de
1825 2506 1956 2546 Monte),
1988 2507 2189 2538 Tusculanae

1230 2562 1262 2590 d.
1279 2562 1367 2590 5672.

1191 2614 1444 2653 Compendiense
1463 2621 1549 2642 mon.
1572 2612 1604 2642 S.
1622 2611 1773 2647 Cornelii,
1795 2612 2033 2653 Suessionensis
2051 2612 2081 2641 d.
2103 2612 2190 2650 1392,

1232 2667 1319 2704 6030,
1338 2666 1427 2696 6108.

1191 2719 1454 2759 Compendiensis
1469 2718 1583 2748 domus
1598 2718 1637 2747 fr.
1654 2718 1748 2753 min..
1765 2717 2005 2747 Suessionensis
2020 2718 2050 2747 d.
2069 2717 2157 2747 3092.

1192 2772 1386 2812 Compendio
1401 2771 1546 2811 (Egidius
1563 2770 1614 2810 de)
1629 2770 1718 2800 6849.

1192 2825 1389 2864 Coinpendio
1408 2825 1544 2863 (Symon
1562 2824 1624 2862 de),
1645 2823 1817 2853 canonicus
1835 2823 2075 2853 Suessionensis
2100 2822 2188 2853 6941.

1193 2879 1398 2918 Compendio.
1417 2878 1464 2907 Cf.
1480 2877 1746 2916 Compendiense,
1763 2876 2038 2914 Compendiensis.

1193 2933 1388 2972 Comperseti
1402 2932 1460 2970 (ec.
1479 2931 1512 2960 S.
1530 2930 1631 2969 Petri)
1647 2930 1735 2959 6094.

1193 2987 1350 3024 Compeys
1381 2983 1555 3018 (Gerardus
1579 2982 1641 3018 de),
1663 2986 1767 3011 custos
1790 2981 1885 3011 castri
1912 2980 2040 3010 Insulae
2065 2980 2189 3011 (101100-

1234 3039 1343 3069 nensis
1367 3037 1455 3066 7565.
