2393 3496
240 294 299 326 942
990 298 1227 329 REGISTRES
1248 300 1303 329 DE
1325 299 1509 330 NICOLAS
1532 302 1587 331 IV.

239 361 432 393 mandamus
450 363 612 402 quatinus,
626 363 781 402 premissa
797 363 969 401 diligenter
984 363 1164 400 attendens¹
1185 373 1249 394 non

238 416 404 455 permittas
421 416 506 455 quod
524 416 558 446 in
575 416 728 446 comitatu
747 420 778 446 et
792 421 894 447 castro
910 417 1061 455 predictis
1077 427 1172 456 super
1189 418 1248 448 hu·

235 468 377 508 jusmodi
401 469 543 499 collectis
568 473 599 499 et
619 469 747 507 juribus
767 468 957 507 colligendis
981 479 1037 509 per
1056 471 1124 509 jam
1147 470 1248 501 dictos

238 522 391 552 officiales
415 521 596 552 collectores
616 521 673 551 alii
691 522 899 560 deputentur;
923 532 981 553 nec
1000 524 1128 562 patiaris
1151 525 1246 554 eliam

238 575 322 614 quod
340 574 488 604 homines
505 578 534 604 et
548 574 741 605 habitatores
757 575 869 613 prefati
884 577 1050 607 occasione
1063 577 1246 608 rebellionis

237 626 423 665 hujusmodi
459 636 565 657 coram
593 627 787 657 officialibus
819 628 896 667 ipsis
921 629 961 658 ad
988 630 1146 668 judicium
1172 640 1246 670 per-

236 679 426 717 trahantur,
455 683 508 709 aut
536 680 620 718 quod
647 681 811 711 occasione
844 682 983 720 predicta
1012 692 1068 721 per
1093 683 1244 714 officiales

235 732 361 763 eosdem
385 732 572 771 procedatur
590 733 625 762 in
642 733 752 772 aliquo
773 739 882 764 contra
903 743 964 765 eos.
987 735 1136 766 Ceterum
1154 737 1243 768 volu-

235 795 306 816 mus
339 786 423 825 quod
461 786 609 817 homines
642 787 719 817 ville
751 797 813 826 que
852 789 1033 819 Pateruella
1071 790 1244 828 vulgariter

234 843 438 878 nuncupatur
460 848 532 869 cum
552 839 740 870 hominibus
764 842 859 871 castri
882 842 1031 879 Laureti,
1053 849 1144 882 prout
1165 853 1242 874 con-

233 897 407 922 sueverunt
435 892 601 930 hactenus,
625 894 831 924 contribuant
858 895 892 924 in
919 895 1071 932 collectis,
1099 901 1129 927 et
1155 897 1240 936 quod

232 945 381 975 homiues
398 950 427 976 et
443 946 637 977 habitatores
653 947 813 978 dictorum
833 949 1003 978 comitatus
1025 955 1055 979 et
1071 951 1166 980 castri
1185 952 1240 989 qui

232 1002 372 1037 tempore
391 1008 454 1037 quo
466 1000 534 1038 Jam
552 999 653 1030 dictus
671 1000 788 1030 nobilis
805 1010 936 1031 romane
954 1002 1088 1032 ecclesie
1105 1004 1239 1034 comita-

232 1055 299 1082 tum
317 1056 347 1082 et
361 1057 500 1082 castrum
519 1053 673 1092 prelibata
691 1054 830 1084 restitnit
845 1056 996 1084 mandata
1018 1056 1117 1094 ipsius
1138 1057 1239 1087 eccle-

231 1105 481 1144 siejuraverunt
499 1116 534 1136 ac
556 1107 757 1145 postmodum
780 1108 811 1137 in
835 1109 903 1146 ejus
922 1108 1091 1149 devotione
1108 1119 1144 1140 ac
1161 1111 1238 1140 fide-

230 1157 317 1188 litate
335 1159 548 1197 permansisse
569 1168 606 1189 ac
627 1169 814 1198 permanere
834 1165 1011 1190 noscuntur
1031 1172 1140 1193 secure
1158 1163 1238 1193 inibi

229 1215 480 1249 commorentur,
500 1212 647 1250 quodque
665 1212 813 1242 homines
829 1213 996 1242 comitatus
1014 1218 1042 1243 et
1057 1215 1151 1244 castri
1168 1226 1239 1254 pre-

229 1263 387 1293 dictorum
404 1264 437 1293 in
458 1265 575 1302 rengni
592 1265 699 1295 Sicilie
717 1266 858 1304 partibus
882 1266 1122 1297 citi-aterrarum
1140 1277 1237 1307 nego-

231 1316 303 1346 tiari
318 1316 417 1347 libere
432 1318 671 1356 permittantur,
691 1327 748 1348 nce
764 1318 872 1357 aliqua
888 1319 932 1348 cis
947 1320 1104 1350 inseratur
1117 1321 1239 1361 injuria

231 1370 279 1400 vel
297 1370 428 1401 offensa.
449 1371 517 1400 Dat.
538 1372 648 1408 Rome,
667 1371 749 1410 apud
767 1373 918 1401 Sanctum
938 1374 1077 1404 Petrum.
1092 1374 1237 1406 kalendis

227 1423 348 1462 aprilis.
368 1435 381 1450 n

296 1639 414 1667 (3924

261 1707 303 1734 De
318 1708 418 1734 eodem
436 1709 561 1743 negotio.
579 1709 651 1741 (Fal.
670 1709 684 1736 3
701 1711 749 1742 vo.)

738 1640 946 1675 Saint-I‘icrrc,
964 1642 978 1667 3
995 1643 1064 1668 avril
1087 1642 1162 1670 lPSS.

264 1824 373 1853 Dilecto
388 1824 450 1861 filio
468 1825 564 1853 nobili
583 1826 648 1853 ciro
668 1825 753 1853 Petro
768 1826 802 1853 de
817 1826 1028 1864 Palizmbmv'a,
1047 1829 1169 1858 Lam-etc
1184 1838 1233 1859 co-

222 1877 408 1914 miiatnsque
430 1878 524 1914 ipsius
545 1882 571 1906 el.
594 1880 688 1907 castri
707 1879 775 1907 Albe
795 1880 914 1908 rectori.
938 1879 971 1908 Ei
998 1880 1158 1918 significat
1181 1882 1232 1912 in-

221 1928 400 1968 frascriptas
415 1929 536 1959 litteras
547 1930 584 1959 ad
596 1930 648 1967 G„
661 1931 842 1969 episcopum
855 1932 1077 1971 Sahinensem,
1095 1935 1230 1973 misisse,

221 1982 314 2021 eique
330 1983 460 2013 mandat
477 1988 510 2013 ut
528 1984 695 2020 generales
710 1984 857 2014 collectas
873 1985 1000 2025 aliaque
1013 1987 1088 2025 jura
1106 1988 1232 2018 heredi-

220 2035 279 2065 bus
295 2036 390 2073 regiis
411 2036 518 2066 dehita
537 2037 568 2066 in
589 2037 739 2066 comitatu
763 2042 793 2066 et
815 2043 916 2068 castro
937 2040 1087 2078 predictis
1105 2041 1232 2080 colligat

219 2097 319 2126 eaque
333 2097 486 2127 personae
497 2098 514 2118 a
528 2089 690 2128 praedicto
706 2090 744 2120 G.
759 2091 890 2121 nomine
901 2091 1057 2123 heredum
1069 2095 1230 2132 regiorum

217 2141 384 2181 deputatae
398 2143 552 2181 assignet.

260 2207 272 2221 ιι
293 2195 402 2234 Nuper
419 2196 593 2226 venerabili
609 2197 739 2228 fratri..
761 2215 798 2219 ——
816 2199 887 2228 Dat.
907 2203 940 2229 ut
957 2209 1064 2238 supra⁷
1081 2211 1115 2231 111
1128 2209 1230 2232 nonas

216 2248 341 2286 aprilis.
361 2261 374 2274 n

707 2462 915 2495 Saint-Pierre,
938 2465 973 2490 ler
988 2466 1057 2492 avril
1077 2466 1153 2494 1288.

286 2460 403 2489 6925

249 2527 419 2555 Auditorem
436 2529 626 2556 criminalium
643 2530 865 2565 appellationum
883 2533 1043 2559 constituit.
1057 2533 1127 2568 (1³01.
1144 2534 1158 2561 4
1176 2536 1223 2567 ro.)

251 2645 374 2682 [Dilecto
388 2644 504 2683 fili0...]
521 2646 582 2675 civi
599 2647 742 2676 Romano.
761 2647 1108 2688 Eum‚jurisperitum,
1128 2659 1224 2690 super

209 2696 476 2736 appellationibus
505 2698 729 2728 ciiminalibus
762 2700 845 2738 apud
878 2700 986 2731 sedem
1017 2703 1222 2741 apostolicam

209 2751 380 2781 audiendis
396 2755 426 2780 et
441 2751 512 2781 sine
535 2750 639 2781 debito
659 2753 873 2783 terminandis
888 2754 1068 2786 auditorem
1086 2761 1116 2785 et
1132 2757 1221 2795 J‘ndi-

209 2813 277 2834 cem
296 2802 500 2842 generalem,
523 2813 623 2844 usque
644 2805 684 2835 ad
707 2814 803 2836 suum
823 2806 1078 2847 heneplacitum,
1102 2810 1218 2840 consti-

208 2857 281 2887 tuit.

251 2922 264 2937 ι
282 2911 369 2941 Inter
383 2910 576 2951 multiplices
592 2920 725 2943 curas...
741 2928 781 2936 —
795 2913 867 2944 Dat.
889 2914 1002 2954 Rome,
1019 2914 1103 2954 apud
1122 2915 1218 2946 Sanc-

208 2968 271 2993 tum
291 2965 432 3001 Petrum,
445 2963 592 2995 kalendis
605 2963 730 3004 aprilis.
746 2977 760 2993 a

1403 365 1519 394 (3⁰7ss

1368 426 1586 455 Procuratorem
1594 437 1747 456 causarum
1757 430 1897 457 ecclesiae
1905 438 2037 458 romanae
2045 431 2268 467 constituit.(Fol
2281 434 2294 461 4
2302 433 2337 470 ro)

1825 367 2031 403 Saint-Pierrc,
2049 369 2087 395 1⁸*
2101 369 2171 396 avril
2191 369 2266 398 1‘288.

1372 523 1480 552 Dilecto
1499 524 1564 561 filio
1587 526 1730 561 rnaye'scro
1754 525 1882 562 Mathia,
1905 527 2050 557 canonico
2073 527 2226 557 Tltcativzo.
2251 540 2265 556 c
2288 528 2336 561 De

1329 575 1482 606 fidelitate
1507 586 1542 606 ac
1568 577 1727 607 industria
1751 583 1803 607 tua
1827 577 1955 617 plenam
1976 579 2009 609 in
2029 579 2168 610 Domino
2186 580 2347 624 fiduciam,

1328 628 1526 666 obtinentes,
1556 635 1583 660 te
1603 634 1746 661 nostrum
1765 635 1795 661 et
1812 631 1945 662 ecclesie
1969 641 2100 663 romane
2123 642 2318 672 yconumum

1327 687 1564 720 procuratorem
1597 684 1664 713 sive
1694 688 1833 714 actorem
1867 685 2095 716 constituimus
2123 686 2156 716 in
2185 687 2315 720 omnibu

1327 735 1431 764 causis
1448 739 1558 766 contra
1574 745 1647 773 nos,
1664 737 1782 767 dictam
1799 737 1964 768 ecclesiam
1982 748 2037 769 seu
2052 743 2188 770 rectores
2203 743 2330 772 autom

1326 787 1421 817 ciales
1436 793 1591 819 terrarum
1605 790 1706 828 ipsius
1717 790 1848 821 ecclesie
1860 799 1984 821 necnon
1997 796 2027 822 et
2038 801 2202 830 processus
2210 801 2317 826 eorum
2326 817 2333 835 3,

1325 850 1361 870 ac
1384 850 1439 879 pro
1463 842 1555 871 nobis
1578 847 1608 872 et
1626 843 1778 873 omnibus
1796 844 1987 882 supradictis
2009 853 2115 874 coram
2139 845 2335 884 quibuslibe

1322 894 1485 934 judicibus
1507 905 1560 925 seu
1587 896 1787 927 auditoribus
1806 906 1824 927 a
1842 897 1935 927 nobis
1959 907 2054 937 super
2073 897 2137 928 hiis
2157 897 2284 938 speciali
2304 906 2334 936 ε.)
2372 903 2381 914 ”

1325 957 1380 978 seu
1397 949 1592 986 generaliter
1611 950 1770 989 deputatis
1791 955 1847 981 aut
1868 951 1902 980 in
1928 956 2087 990 posterum
2111 951 2300 990 deputandis
2325 940 2339 983 ’ἕ

1323 1002 1582 1041 quibuscumque
1598 1003 1742 1041 personis
1758 1003 1853 1034 motis
1869 1007 1964 1043 atque
1980 1005 2160 1042 movendis,
2173 1005 2252 1035 utin
2264 1001 2329 1045 prq‘

1325 1055 1432 1085 missis
1453 1055 1492 1085 de
1514 1061 1621 1086 nostro
1640 1056 1764 1095 spetiali
1786 1057 1938 1087 mandato
1959 1057 2095 1096 agendi,
2119 1057 2311 1089 defendendi
2328 1080 2337 1099 ⁷.

1324 1109 1518 1147 excipiendi,
1536 1109 1730 1148 replicandi,
1749 1110 1838 1140 litem
1858 1110 2077 1148 contestandi,
2095 1111 2245 1150 ponendi,
2263 1119 2314 1143 res
2329 1130 2337 1138 -.

1323 1162 1505 1200 poudeudi,
1530 1162 1724 1193 beneficium
1743 1164 1955 1194 restitutionis
1973 1164 2006 1193 iu
2024 1164 2186 1202 integrum
2202 1168 2328 1203 penem,

1323 1224 1359 1245 ac
1382 1215 1522 1246 faciendi
1545 1219 1647 1246 cetera
1667 1226 1728 1255 que
1754 1226 1849 1247 verus
1867 1221 1897 1248 et
1915 1217 2079 1256 legitimus
2099 1222 2283 1257 procurator
2299 1227 2338 1250 e

1323 1278 1503 1308 yconumus
1522 1271 1588 1300 sive
1605 1276 1691 1301 actor
1706 1271 1809 1301 tacere
1825 1271 1995 1302 debet-etet
2011 1275 2115 1311 posset
2130 1271 2259 1311 plenam
2272 1271 2334 1302 tia-1

1321 1323 1396 1353 beas
1423 1328 1623 1361 potestatem,
1645 1328 1675 1354 et
1695 1324 1912 1355 substituendi
1933 1325 2034 1355 alium
2053 1325 2103 1355 vel
2120 1325 2200 1356 alios
2216 1333 2331 1365 procu-

1321 1382 1440 1407 ratores
1459 1377 1497 1407 ad
1516 1379 1625 1407 omnia
1639 1383 1669 1408 et
1684 1378 1814 1417 singula
1828 1379 2020 1418 supradicta,
2036 1379 2071 1408 in
2088 1379 2205 1418 quihus
2221 1379 2332 1410 omni-

1319 1431 1379 1461 bus
1393 1431 1582 1470 supradictis
1598 1432 1761 1462 substituti
1776 1432 1916 1462 similem
1932 1432 2071 1462 habeant
2087 1437 2283 1473 potestatem,
2298 1435 2335 1464 et*

1320 1485 1493 1514 revocandi
1509 1485 1637 1515 eosdem
1653 1494 1690 1515 ac
1705 1485 1772 1515 loco
1789 1486 1930 1525 ipsorum
1946 1485 2025 1516 alios
2039 1485 2236 1524 subrogandi
2253 1490 2334 1525 quot

1321 1539 1401 1569 tiens
1417 1544 1610 1578 oportunum
1632 1539 1727 1569 fuerit
1744 1548 1801 1569 seu
1825 1539 1942 1569 videris
1961 1538 2128 1579 expedire3
2147 1544 2253 1569 ratum
2268 1539 2334 1570 ha-.

1318 1593 1417 1622 bituri
1447 1597 1476 1621 et
1502 1592 1632 1622 firmum
1656 1592 1811 1631 quicquid
1837 1593 1920 1623 circa
1944 1593 2084 1632 predicta
2110 1596 2140 1623 et
2164 1589 2338 1632 quodlib&

1318 1646 1531 1684 predictorum
1556 1656 1611 1685 per
1634 1650 1661 1675 te
1681 1646 1732 1676 vel
1756 1646 1965 1676 substitutum
1984 1655 2040 1676 seu
2061 1646 2248 1676 substitutos
2261 1654 2281 1676 a
2298 1649 2330 1678 te

1318 1699 1434 1729 sactum
1457 1700 1594 1729 extiterit
1615 1699 1664 1729 vel
1684 1700 1779 1729 etiam
1797 1704 2012 1739 procuratum.
2035 1699 2106 1729 Dat.
2129 1704 2164 1730 ut
2183 1707 2290 1738 supra.
2309 1711 2324 1727 n

1388 1866 1503 1894 6927
1834 1865 2040 1898 Saiut-Picrre,
2058 1865 2073 1892 5
2089 1865 2159 1892 avril
2176 1865 2253 1893 1288.

1353 1929 1500 1963 Leopartlo
1518 1928 1678 1955 Bonvillani
1694 1929 1844 1955 rectoriam
1861 1914 1996 1962 civi-tatis,
2013 1928 2148 1955 territorii
2164 1931 2192 1955 et
2208 1927 2340 1970 districi--

1316 1982 1397 2005 tuum
1415 1978 1684 2004 Beneventanorum
1701 1977 1865 2004 committit.
1882 1976 1955 2010 (Fol.
1973 1977 1984 2004 4
2002 1978 2050 2010 1¹⁰.)

1355 2075 1464 2103 Dilecto
1482 2075 1547 2111 silio
1564 2074 1713 2111 Leoparclo
1729 2074 1916 2110 Βοηυίἰίαηί,
1935 2074 1996 2103 civi
2009 2074 2196 2110 Auximum,
2215 2073 2324 2104 rectori

1313 2129 1446 2157 civitatis
1465 2129 1677 2157 Beneventrme.

1355 2193 1368 2207 «
1398 2181 1526 2217 Quanto
1554 2180 1718 2220 spetialius
1745 2180 1894 2211 civitas...
1922 2197 1960 2202 —
1990 2180 2060 2210 Dat.
2090 2181 2210 2218 Rome,
2237 2179 2322 2220 apud

1313 2235 1466 2265 Sanctum
1483 2235 1626 2271 Petrum,
1647 2234 1740 2264 nonis
1757 2234 1900 2274 [aprilisl.
1919 2245 1932 2261 ι

1381 2393 1498 2421 69ἵ8
1827 2392 2033 2427 Saint-Pierre,
2050 2394 2065 2420 5
2081 2393 2151 2420 avril
2169 2393 2246 2420 1288.

1346 2455 1387 2481 Dc
1403 2455 1504 2482 codem
1521 2455 1647 2489 negotio.
1664 2455 1735 2489 (Fol.
1752 2454 1767 2481 4
1784 2462 1835 2487 νο.)

1347 2551 1469 2581 Βίιιόίίε
1484 2551 1561 2588 filiis
1575 2552 1687 2589 populo
1706 2551 1922 2581 Beneuentano.
2172 2588 2178 2591 ι

1352 2616 1364 2631 ι
1380 2604 1507 2640 Quanto
1523 2604 1686 2643 spetialius
1700 2605 1849 2635 civitas...
1866 2620 1905 2627 -
1921 2604 1993 2635 Dat.
2011 2608 2169 2644 utsupra.
2190 2615 2204 2632 n

1375 2764 1490 2792 6:932)
1813 2762 2027 2798 Saint-Pierre,
2043 2763 2059 2790 5
2074 2763 2145 2790 avril
2164 2762 2242 2790 ¹288.

1339 2827 1503 2853 Hermanno
1525 2827 1558 2853 de
1580 2826 1772 2854 Monaldescis
1797 2827 1946 2853 rectoriam
1968 2826 2170 2861 Romaniolac,
2186 2825 2311 2853 civitatis

1301 2875 1449 2903 Bononiae
1464 2879 1494 2902 et
1508 2876 1662 2903 comitatus
1679 2875 1850 2903 Brictonorii
1866 2875 2029 2902 committit.
2047 2874 2118 2908 (F'ol.
2136 2875 2150 2901 4
2168 2875 2220 2907 vo.)

1341 2971 1655 3010 Dilectossfiliojnobili
1676 2973 1740 3002 viro
1764 2972 1939 3001 Hermanno
1959 2971 1994 3001 de
2015 2971 2228 3008 Monatdescis,
2245 2969 2308 3000 civi
