2393 3496
235 318 292 349 976
982 314 1218 346 REGISTRES
1241 314 1295 343 DE
1317 313 1501 344 NICOLAS
1525 315 1580 345 IV.

234 393 325 424 peres
352 389 382 415 et
405 385 579 423 adimplere
600 383 730 414 sollicite
755 391 950 421 procurares.
975 381 1049 416 Sed,
1077 381 1158 410 sicut
1183 388 1240 410 nos

234 438 308 467 sacti
325 438 485 467 evidentia
506 437 613 467 edocet
629 445 663 466 ae
683 435 878 474 experientia
895 434 989 464 realis
1007 434 1172 469 informat,
1193 437 1237 469 tu,

233 490 410 521 devotionis
425 490 490 520 zelo
508 494 538 519 et
555 489 734 519 obedientie
753 488 849 524 bono,
867 496 929 526 que
947 487 1065 516 cautim
1081 486 1240 516 custodire

234 544 406 579 debueras,
426 543 552 572 incaute
569 541 746 580 postpositis
764 540 812 570 vel
830 540 935 569 verius
952 540 1163 569 irreverenter
1180 539 1238 568 ab-

229 597 333 635 jectis,
352 604 459 634 preces
475 600 504 624 et
520 594 669 623 mandata
687 593 825 632 predicta
838 592 978 623 ludibrio
997 592 1113 622 habere
1129 592 1238 622 dinos-

232 649 324 684 ceris,
344 657 442 686 eaque
459 656 523 677 nou
542 647 611 676 sine
631 646 731 676 multe
752 646 938 676 temeritatis
954 645 1085 675 audacia
1101 645 1236 684 vilipen-

231 700 305 731 dere
321 700 536 739 couprobaris.
551 700 631 730 Cum
644 700 731 729 enim
744 708 799 738 per
812 704 935 730 nostras
948 698 1070 729 litteras
1086 698 1238 738 speciales

234 758 260 783 te
279 762 380 792 nuper
397 753 582 783 duxerimus
604 752 783 791 rogandum
806 752 960 782 attentius
980 755 1009 782 et
1029 752 1236 789 hortandum,

229 806 341 835 dantes
361 805 417 835 tibi
441 815 495 844 per
513 815 565 836 eas
584 805 815 836 nichilominus
837 805 872 834 in
891 805 1050 835 mandatis
1066 809 1101 835 ut
1121 805 1238 836 dilecto

229 858 296 889 filio
313 858 404 888 fratri
418 858 563 889 Jolianni
579 858 618 889 de
636 859 764 896 Murro,
785 858 908 889 ordinis
924 859 1086 889 minorum
1101 882 1108 895 ,
1127 858 1179 889 cui
1199 859 1238 888 de

228 912 394 951 probitatis
419 912 607 951 multiplicis
633 912 774 947 meritis,
804 911 962 949 elegantia
986 920 1125 948 morum,
1153 911 1237 942 dono

229 967 362 997 scientie
378 975 413 996 ac
431 966 569 995 aliarum
584 966 740 996 virtutum
756 965 858 996 titulis
870 965 931 996 fide
945 966 1043 1003 digna
1056 966 1238 996 testimonia

228 1020 450 1059 perhibentur,
483 1019 610 1058 plenam
636 1024 666 1049 et
690 1019 825 1049 liberam
850 1019 983 1057 regendi
1011 1018 1175 1049 licentiam
1204 1020 1236 1048 iu

230 1073 407 1111 theologica
425 1072 591 1108 facultate,
608 1072 732 1102 sublato
747 1071 918 1110 cujuslibet
932 1072 1127 1102 difficultatis
1144 1077 1174 1102 et
1188 1073 1238 1102 di-

227 1126 357 1157 lationis
378 1126 552 1162 obstaculo‚
576 1130 670 1165 prout
688 1125 727 1155 ad
753 1129 843 1155 tuum
861 1130 979 1164 spectat
999 1126 1152 1162 officinm,
1171 1125 1236 1155 lar-

227 1180 353 1218 gireris,
373 1185 418 1216 ut,
439 1181 464 1209 si
480 1180 558 1209 sorte
575 1180 732 1218 prefatum
750 1179 934 1209 Johannem
951 1179 989 1208 ad
1007 1179 1183 1217 regendum
1201 1181 1234 1209 iu

227 1233 317 1263 curia
334 1242 480 1262 successu
504 1233 655 1271 temporis
675 1242 692 1261 a
712 1232 803 1262 nobis
821 1233 1019 1270 contingeret
1036 1232 1180 1269 evocari,
1198 1233 1237 1262 ad

227 1295 298 1316 eam
314 1287 476 1317 accederet
492 1286 668 1324 expeditus.
686 1286 751 1322 Tu,
770 1294 908 1324 sequens
922 1286 1048 1325 proprie
1065 1285 1236 1316 voluntatis

226 1339 397 1369 arbitrium
417 1343 446 1369 et
461 1339 618 1378 judicium
637 1339 771 1369 rationis
787 1339 928 1375 evitans,
946 1340 1092 1378 precibus
1109 1344 1139 1369 et
1160 1339 1235 1370 hor-

227 1393 401 1422 tationibus
432 1393 548 1422 nostris
580 1392 689 1422 libello
717 1397 835 1422 temere
864 1392 935 1422 dato
965 1393 1091 1431 repudii
1124 1393 1235 1432 eisque

225 1446 352 1485 penitus
366 1446 534 1483 abauditis,
553 1446 637 1485 quod
651 1446 685 1475 in
699 1446 758 1476 hac
776 1450 861 1485 parte
878 1446 1103 1476 mandavimus
1122 1447 1237 1485 exequi

225 1499 464 1538 contempsisti;
488 1499 527 1529 de
548 1508 610 1538 quo
635 1504 721 1530 tanto
742 1500 833 1530 nobis
854 1500 985 1538 majoris
1008 1499 1236 1530 admirationis

224 1561 320 1583 causa
333 1553 495 1582 suboritur
507 1558 627 1591 quanto
639 1562 709 1591 spes
723 1553 850 1582 uberior
863 1553 1052 1591 suggerebat
1064 1557 1098 1582 ut
1108 1561 1236 1591 promp-

225 1610 275 1636 tus
295 1610 324 1636 et
339 1611 466 1644 paratus
487 1615 670 1636 occurreres
687 1606 766 1636 votis
786 1606 915 1636 nostris.
934 1606 1023 1636 Licet
1037 1606 1137 1644 igitur
1152 1606 1236 1645 quod

225 1669 242 1690 a
260 1665 287 1690 te
304 1661 331 1689 si
347 1660 406 1690 hoc
422 1669 457 1689 ex
474 1660 645 1698 apostolica
659 1668 756 1698 quam
770 1659 907 1689 libenter
918 1659 951 1688 in
970 1660 1086 1689 nostris
1101 1659 1238 1699 amplec-

229 1714 330 1744 timur
345 1714 467 1744 actibus
486 1713 736 1743 mansuetudine
753 1713 890 1752 petimus
907 1713 1066 1752 possimus
1081 1714 1114 1743 in
1131 1719 1237 1744 actum

229 1768 386 1799 deducere
399 1777 454 1806 per
470 1777 527 1798 nos
542 1768 636 1806 ipsos,
651 1767 756 1797 adhuc
773 1770 880 1797 tamen
894 1767 1030 1806 experiri
1042 1767 1184 1797 volentes
1198 1769 1235 1803 si,

229 1825 258 1851 te
286 1821 365 1851 forte
391 1825 572 1851 reverenter
600 1820 746 1858 dirigens
777 1824 807 1849 et
834 1819 873 1850 de
903 1820 1108 1850 inobediente
1137 1822 1239 1851 sactus

227 1875 379 1906 obediens
395 1883 430 1904 ac
449 1874 599 1904 indevoto
616 1874 757 1908 devotus,
777 1874 893 1903 nostris
908 1873 1056 1903 intendas
1072 1874 1238 1904 humiliter

228 1937 338 1968 parere
360 1928 532 1964 mandatis,
553 1927 779 1957 discretionem
804 1931 890 1956 tuam
911 1926 1023 1956 iterato
1042 1936 1190 1965 rogamus
1209 1933 1239 1957 et

227 1981 396 2012 hortamur
409 1983 530 2011 attente
545 1990 600 2019 per
615 1979 785 2019 apostolica
802 1979 860 2009 tibi
877 1980 992 2019 scripta
1009 1980 1150 2010 districte
1166 1989 1237 2018 pre-

226 2035 373 2074 cipiendo
386 2035 574 2064 mandantes
585 2034 750 2073 quatinus,
766 2042 822 2072 pro
834 2037 941 2063 nostra
953 2038 984 2063 et
994 2034 1138 2072 ejusdem
1154 2034 1237 2063 sedis

226 2089 424 2124 reverentia,
443 2088 583 2127 predicto
607 2088 694 2117 fratri
712 2087 875 2123 Johauui,
895 2087 1081 2117 difficultate
1101 2096 1137 2117 ac
1153 2087 1237 2117 dila-

227 2143 313 2172 tione
329 2141 472 2181 qualibet
484 2141 617 2171 omnino
630 2141 787 2176 submota,
806 2140 969 2169 licentiam
987 2141 1107 2170 tribuas
1123 2149 1237 2179 supra-

227 2197 359 2233 dictam,
377 2197 421 2225 sio
441 2195 586 2234 precibus
605 2200 635 2224 et
651 2194 812 2224 mandatis
831 2194 948 2224 nostris
966 2194 1135 2224 efficaciter
1150 2195 1236 2233 pari-

228 2254 317 2279 turus
334 2253 367 2279 ut
385 2249 567 2288 preteritam
584 2247 837 2277 inobedientiam
853 2247 995 2285 corrigas
1011 2257 1067 2286 per
1082 2248 1235 2278 obedien-

229 2304 303 2332 tiam
318 2303 576 2341 subsequentem,
592 2310 712 2339 nosque
726 2300 926 2330 devotionem
940 2305 1026 2330 tuam
1040 2301 1156 2331 exinde
1170 2311 1235 2332 non

227 2356 388 2390 immerito
413 2354 688 2385 commendemus.
721 2353 876 2392 Alioquin
905 2354 1024 2384 sentire
1058 2355 1176 2392 poteris
1206 2359 1237 2384 et

227 2417 415 2447 cognoscere
440 2418 494 2447 per
516 2408 662 2438 effectum
682 2416 779 2446 quam
798 2408 1003 2436 temerarium
1023 2412 1052 2436 et
1068 2417 1234 2447 presump—

229 2467 354 2492 tuosum
382 2462 494 2491 existat
521 2461 701 2500 apostolicis
729 2469 792 2490 non
820 2461 1039 2499 obtemperare
1069 2462 1233 2500 preceptis

228 2516 298 2545 Dat.
318 2516 439 2550 Rome,
460 2515 543 2553 apud
567 2516 715 2544 ‘Sanctam
736 2514 872 2544 Mariam
896 2515 1068 2553 Maj0rem,
1088 2514 1235 2545 kalendis

227 2569 415 2606 decembris,
434 2577 519 2598 auno
535 2569 647 2607 primo.
668 2580 681 2594 n
1176 2604 1187 2621 ι

298 2728 416 2756 ’ἵ196

261 2791 489 2825 Archiepiscopo
506 2789 653 2820 Consano,
672 2789 835 2815 infirmitate
852 2793 983 2824 gravato,
1002 2790 1116 2816 mandat
1132 2794 1163 2817 ut
1184 2799 1234 2825 per

707 2726 1063 2761 Sainte-Marie-Majeure,
1083 2728 1160 2755 1288.

226 2841 311 2867 alium
338 2840 484 2874 negotium
507 2839 533 2863 in
550 2838 654 2864 Tuscia
671 2839 725 2864 sihi
742 2847 756 2863 a
780 2838 848 2864 sede
870 2839 1027 2873 apostolica
1043 2839 1232 2866 commissum

225 2890 328 2924 exequi
344 2889 436 2915 faciut.
455 2888 524 2922 (Ful.
542 2888 574 2914 33
590 2888 635 2921 ro.)

273 2992 437 3023 Venerabili
456 2992 551 3028 fratri
567 2991 786 3028 archiepiscopo
803 2990 951 3020 Consano.

1365 391 1378 406 α
1408 380 1519 419 Nuper
1544 381 1636 411 certis
1662 381 1757 411 tibi...
1777 397 1818 403 —
1842 381 1913 410 Dat.
1937 381 2050 418 Rome,
2073 381 2157 421 apud
2180 381 2325 415 Sanctam

1323 432 1472 471 [Mariam
1501 433 1673 472 MaJ'orem,
1702 434 1747 471 ...J
1777 433 1827 472 (ἵ)
1856 432 1985 463 kalend.
2016 433 2212 472 decembris,
2243 435 2343 468 anno'

1323 494 1436 524 primo.
1458 498 1470 513 n

1345 659 1368 688 ’ἵ
1378 659 1601 688 lov-'2¹98
1639 658 1999 694 Salute-Marie-Majeure‚
2017 660 2049 686 15
2064 659 2216 687 decembre
2231 660 2307 690 1288.

1356 720 1469 748 Inhibct
1487 729 1522 747 ne
1538 721 1603 756 quis
1619 721 1779 749 Perusinus
1795 722 1822 748 in
1838 721 1960 748 Reatina
1975 721 2090 749 civitate
2106 722 2229 749 officium
2244 731 2325 752 exer-

1320 773 1392 796 ceat.
1412 769 1483 802 (Fol.
1502 770 1534 797 33
1552 771 1602 799 vu.)

1361 873 1481 901 De'tectis
1504 873 1580 909 filiis
1604 874 1761 911 potestati,
1791 873 1918 902 consilio
1945 877 1971 901 et
1997 873 2154 902 communi
2181 873 2324 905 Reatinis.

1322 925 1385 962 Eis,
1403 925 1462 956 sub
1481 925 1589 956 debito
1611 925 1772 956 fidelitatis
1794 934 1856 965 quo
1875 925 2028 956 ecclesiae
2052 929 2202 956 tenentur
2221 930 2252 956 et
2270 927 2326 958 sub

1320 977 1662 1007 excommunicationis
1687 982 1717 1007 et
1740 977 1830 1007 mille
1850 986 2031 1007 marcarum
2051 977 2177 1016 argenti
2201 978 2324 1016 poenis,

1320 1031 1452 1060 mandat
1472 1035 1505 1060 ut
1521 1030 1709 1061 electionem
1727 1031 1872 1061 Oddonis
1890 1030 1928 1060 de
1945 1030 2145 1066 Oddonibus,
2162 1039 2258 1070 quem
2273 1040 2327 1071 po-

1322 1089 1465 1114 testatem
1477 1084 1616 1114 civitatis
1632 1093 1707 1114 suae
1719 1084 1896 1122 elegerunt,
1911 1088 2071 1120 revocent,
2089 1083 2278 1124 inhibetque
2288 1093 2327 1116 ne

1319 1138 1424 1176 ipsum
1449 1137 1497 1167 vel
1521 1137 1621 1168 alium
1640 1138 1855 1174 Perusinum,
1875 1137 2012 1167 durante
2028 1136 2261 1167 Perusinorum
2278 1131 2326 1168 re-

1320 1191 1470 1227 bellione,
1495 1191 1528 1221 in
1550 1195 1746 1230 potestatem,
1772 1191 1986 1230 capitaneum,
2011 1195 2167 1221 rectorem
2188 1190 2238 1221 vel
2259 1191 2326 1222 offi-

1320 1244 1432 1274 cialem
1450 1244 1631 1275 admittant.

1361 1309 1375 1324 «
1397 1297 1500 1333 Quam
1523 1298 1664 1335 graviter
1686 1302 1754 1327 et...
1779 1313 1818 1319 —-
1839 1298 1910 1327 Dat.
1938 1297 2058 1334 Rome,
2076 1297 2162 1336 apud
2179 1296 2326 1328 Sanctam

1322 1350 1457 1380 Mariam
1475 1351 1641 1389 Majorem,
1656 1360 1730 1380 xvni
1744 1350 1898 1380 kalendas
1910 1349 2065 1389 januarii,
2081 1358 2168 1380 anno
2183 1349 2325 1388 primo.»
2346 1363 2350 1368 -

1362 1416 1374 1430 α
1394 1404 1431 1433 In
1447 1412 1474 1433 e.
1489 1413 1532 1433 m.
1548 1404 1859 1442 Iterampnem(sc1ns
1872 1405 1982 1433 doute:
1997 1402 2328 1444 Inter-ampnensibus)

1319 1457 1461 1488 nobilem
1479 1458 1583 1487 virum
1600 1458 1850 1496 Longarutium,
1868 1457 1971 1487 filium
1990 1456 2134 1487 Oddonis
2150 1457 2189 1487 de
2204 1456 2327 1488 Oddoni

1319 1511 1394 1548 bus,
1412 1511 1524 1541 militis
1544 1512 1702 1541 Perusini.
1725 1512 1795 1541 Dat.
1817 1516 1851 1541 ut
1868 1520 1974 1550 supra.
1994 1522 2008 1538 »

1346 1684 1591 1713 2199-*2201
1634 1683 1992 1718 Saiiite-Marie-Majeure,
2013 1683 2044 1711 13
2059 1683 2212 1710 decembre
2229 1683 2304 1711 1‘288.

1356 1746 1503 1781 Apocbae.
1519 1746 1589 1781 (Fol.
1605 1746 1637 1773 33
1655 1749 1704 1777 νο.)

1362 1850 1480 1879 Dilectis
1495 1849 1570 1886 filiis
1587 1850 1736 1887 Baynerio
1752 1850 1786 1878 de
1806 1848 1967 1878 Abbatibus
1989 1858 2022 1879 ac
2041 1850 2146 1878 ceteris
2163 1849 2249 1879 sociis
2263 1849 2327 1879 suis

1321 1904 1355 1933 de
1370 1905 1507 1933 societate
1528 1905 1672 1933 Attalum
1697 1908 1722 1933 et
1748 1904 1986 1940 Bacarettorum,
2007 1904 2123 1933 civibus
2137 1908 2163 1932 et
2179 1907 2326 1932 mercato-

1319 1959 1405 1987 ribus
1433 1959 1634 1994 Florentinis,
1661 1957 1815 1996 apocham
1843 1966 1958 1987 novem
1984 1956 2113 1986 milium
2144 1955 2326 1995 septingen-
2367 1971 2370 1974 >

1322 2015 1425 2040 torum
1452 2015 1481 2040 et
1505 2011 1648 2049 quinque
1674 2010 1867 2040 florenorum
1893 2010 1976 2046 auri,
2005 2018 2084 2049 quos
2107 2009 2236 2039 sedente
2259 2005 2346 2040 Ηο-”

1321 2065 1413 2094 norio
1431 2064 1518 2094 IlIl¹⁰
1532 2068 1572 2100 et,
1590 2069 1659 2103 post
1674 2064 1796 2094 obitum
1813 2064 1892 2102 ejus,
1910 2063 1983 2093 sede
2000 2063 2172 2103 apostolica
2188 2067 2325 2099 vacante,
2356 2057 2361 2067 ¹

1320 2126 1338 2147 a
1355 2118 1505 2155 Berardo,
1524 2117 1701 2147 camerario
1714 2117 1894 2156 apostolico,
1910 2121 2108 2156 receperunt,
2130 2125 2274 2156 quosque
2287 2115 2327 2146 ad

1320 2171 1508 2202 mandatum
1532 2180 1630 2211 papae
1650 2172 1780 2202 Fortino
1805 2176 1836 2201 et
1856 2170 2017 2208 Baldutio,
2034 2171 2073 2201 de
2093 2171 2243 2201 societate
2256 2169 2325 2201 Cla·
2351 2162 2355 2169 ⁸

1320 2230 1448 2255 rentum
1466 2226 1503 2255 de
1521 2225 1668 2263 Pistorio,
1682 2226 1785 2255 Vanto
1800 2225 1935 2255 Honesti
1952 2229 1982 2255 et.
1997 2223 2092 2254 Nello
2104 2223 2275 2260 Gualandi‚
2289 2223 2326 2254 de

1319 2279 1468 2308 societate
1483 2278 1712 2308 Riczardoruin
1726 2278 1764 2308 de
1778 2279 1873 2316 Luca,
1886 2286 2030 2308 camerae
2043 2277 2232 2316 apostolicae
2242 2285 2325 2308 mer-

1319 2332 1488 2368 catoribus,
1507 2332 1724 2369 assignarunt.

1361 2397 1374 2412 «
1395 2385 1476 2415 Cum
1493 2385 1531 2414 ad
1549 2385 1772 2416 mandatum...
1790 2402 1829 2406 —-
1846 2385 1916 2414 Dat.
1938 2385 2058 2422 Rome,
2079 2383 2162 2423 apud
2178 2383 2324 2414 Sanctam
2361 2378 2367 2384 '

1319 2440 1453 2469 Mariani
1473 2439 1639 2477 Major-em,
1658 2439 1765 2469 idibus
1781 2439 1971 2469 decembris.
1990 2450 2004 2465 »

1592 2518 1960 2553 Salute-Maric-Majeure,
1977 2518 1992 2546 8
2007 2518 2160 2545 decembre
2178 2518 2255 2546 1-288.

1358 2583 1395 2611 In
1411 2591 1439 2611 e.
1457 2591 1499 2611 m.
1517 2582 1666 2611 Andreae
1680 2582 1790 2612 Jacobi
1808 2586 1837 2611 et
1852 2581 1963 2611 ceteris
1976 2580 2071 2611 sociis
2089 2581 2157 2620 ejus
2171 2580 2211 2611 de
2226 2580 2322 2611 socie·
2348 2592 2350 2595 ’

1318 2640 1378 2666 tate
1396 2636 1507 2666 Jacobi
1528 2636 1655 2673 Altam,
1682 2636 1807 2666 civibus
1824 2640 1854 2665 et
1870 2635 2099 2665 mercatoribus
2117 2634 2321 2672 Florentinis,

1317 2699 1371 2729 pro
1397 2690 1460 2719 duo
1487 2689 1619 2719 milibus
1646 2690 1833 2729 quingentis
1867 2689 1996 2727 triginta
2027 2693 2096 2719 octo
2128 2688 2260 2718 florenis
2293 2690 2322 2717 et

1316 2743 1451 2773 dimidio
1468 2744 1550 2773 auri.
1572 2744 1642 2773 Dat.
1662 2748 1817 2782 utsupra,
1835 2752 1867 2772 vr
1886 2742 1957 2772 idus
1974 2741 2164 2772 decembris.

1569 2824 1681 2850 Sainte-
1689 2822 1938 2857 Marie—MaJ'eure,
1957 2822 1988 2849 13
2003 2820 2155 2848 decembre
2172 2819 2250 2847 1288.

1356 2888 1392 2917 Iu
1411 2897 1437 2917 e.
1457 2897 1499 2917 in.
1519 2911 1539 2917 ..
1555 2888 1676 2923 Jacobi,
1693 2887 1790 2917 Nesio
1806 2890 1836 2917 et
1849 2887 1944 2916 Toeto
1962 2884 2146 2921 Banconici,
2163 2882 2280 2914 Jacobo
2291 2885 2321 2912 et

1317 2941 1457 2970 Lance...
1472 2945 1501 2970 et
1513 2941 1626 2970 ceteris
1640 2941 1734 2970 sociis
1750 2948 1860 2970 eorum
1875 2939 1913 2968 de
1927 2938 2074 2969 societate
2087 2939 2318 2967 Ammannato-

1314 3003 1402 3029 rum,
1421 2994 1546 3023 civibus
1563 2998 1592 3024 et
1616 2994 1844 3024 mercatoribus
1860 2991 2123 3028 pistoriensibus,
2141 2997 2196 3030 pro
2210 2988 2316 3019 decem
