2393 3496
887 329 1098 360 REGISTRE
1120 320 1335 360 CAMERAL.
2096 328 2154 360 973

70 400 129 431 sita
146 396 335 436 supradicta,
354 400 384 425 et
399 396 482 434 quod
499 395 596 426 etiam
612 396 694 426 bone
711 397 865 426 memorie
881 396 930 432 P„
948 396 1068 425 Narbo-

67 453 173 483 nensis
189 449 458 488 archiepiscopus,
472 458 507 479 ac
519 449 668 479 nonnulli
686 449 742 478 alii
759 449 898 488 partium
916 448 1068 487 predicta-

68 514 138 536 rum
160 503 299 533 defuncti
325 507 425 532 certas
449 503 583 541 pecunie
607 490 749 532 summas
774 502 841 532 sedi
865 501 1004 540 predicte
1033 501 1067 530 in

69 559 135 589 suis
149 557 270 587 ultimis
286 555 503 586 voluntatibus
522 555 719 594 legaverunt.
739 556 804 586 Nos
824 556 931 594 itaque
948 555 986 584 de
1003 555 1068 584 sin·

70 612 194 643 caritate
213 614 264 640 tue
280 609 461 639 devotionis
480 614 511 639 et
528 609 604 639 fidei
623 609 750 648 plenam
775 609 808 639 in
829 609 969 639 Domino
986 608 1069 637 fidu-

69 666 148 696 ciam
165 663 345 694 obtinentes
363 667 393 692 et
407 662 550 693 volentes
570 666 730 701 promptas
750 662 868 692 habere
884 661 1070 700 hujiismodi

69 717 200 758 pecunie
215 716 419 755 quantitates,
432 715 617 745 discretioni
630 719 681 745 tue
698 725 753 754 per
768 715 941 754 apostolica
955 715 1070 753 scripta

69 770 257 802 mandamus
281 768 436 807 quatinus
468 768 624 807 predictas
653 768 891 807 quinquaginta
917 768 1016 798 libras
1041 772 1072 797 et

69 824 146 855 alias
163 822 371 862 pecuniarum
394 830 537 851 summas
554 822 593 851 ab
612 822 850 860 archiepiscopo
866 825 896 850 et
913 820 1071 851 defunctis

71 877 188 908 eisdem
212 875 278 905 sedi
300 878 475 905 memorate
490 874 610 912 legatas
626 879 734 905 nostro
753 879 783 904 et
796 875 897 913 ipsius
913 874 995 904 sedis
1014 882 1071 903 no-

71 931 158 962 mine
172 930 211 960 ab
226 929 290 959 hiis
304 928 387 967 apud
406 937 485 967 quos
506 937 574 958 esse
596 931 775 958 noscuntur
794 928 920 965 exigere
939 931 969 957 et
990 928 1071 957 reci-

70 992 142 1024 pere
157 992 211 1022 per
228 987 257 1012 te
273 982 322 1012 vel
340 991 396 1020 per
412 981 512 1011 alium
531 990 586 1011 seu
603 982 681 1012 alios
693 982 801 1020 eisque
817 981 950 1011 nomine
965 985 1072 1011 nostro

71 1041 101 1068 et
114 1035 255 1076 ejusdem
271 1034 354 1065 sedis
370 1035 533 1065 cautiones
550 1034 588 1064 de
601 1034 833 1073 quantitatibus
848 1043 926 1073 quas
945 1043 1072 1073 recepe-

69 1090 114 1120 ris
130 1089 169 1119 ab
184 1088 303 1118 eisdem
324 1088 444 1124 facere,
462 1096 557 1126 super
579 1095 642 1126 quo
665 1087 722 1116 tibi
744 1090 852 1116 tenore
874 1078 1072 1126 presentium

69 1142 248 1174 facultatem
274 1141 493 1178 concedimus,
521 1149 585 1170 non
610 1144 792 1179 postponas.
818 1140 1072 1170 Contradictores

69 1205 122 1236 per
132 1202 301 1226 censuram
315 1193 561 1224 ecclesiasticam
577 1193 788 1232 appellatione
804 1193 973 1232 postposita
986 1201 1072 1222 com-

70 1248 223 1289 pescendo
241 1256 277 1277 ac
297 1256 409 1277 omnes
426 1247 582 1285 predictas
599 1247 750 1285 pecunias
770 1250 800 1276 et
818 1246 898 1276 alias
920 1246 1027 1282 etiam,
1045 1246 1072 1275 si

69 1310 145 1342 quas
174 1300 361 1340 hujusmodi
386 1300 540 1338 pecunias
565 1300 600 1329 in
628 1300 770 1338 partibus
792 1300 870 1338 ipsis
892 1300 1070 1335 inveneriS,

70 1364 162 1395 super
177 1355 294 1394 quibus
309 1354 494 1384 auctoritate
510 1357 617 1383 nostra
636 1359 662 1383 te
678 1353 826 1383 volumus
842 1353 1006 1391 inquirere
1024 1352 1072 1381 di-

68 1409 214 1447 ligenter,
231 1407 356 1436 dilectis.
368 1406 443 1436 filiis
458 1407 556 1436 Pucio
575 1406 744 1445 Raynerii,
763 1406 908 1436 Conrado
924 1405 1073 1443 Galligay

68 1470 104 1492 ac
117 1461 259 1491 Moriano
272 1460 482 1496 Floravantis,
496 1460 535 1490 de
551 1459 700 1489 societate
714 1459 855 1489 Clarenti
871 1459 910 1489 de
923 1458 1071 1495 Pistor-io,

69 1519 174 1546 nostre
195 1523 321 1544 camere
341 1513 587 1550 mercatoribus,
603 1517 658 1542 aut
672 1512 746 1542 aliis
766 1521 876 1542 eorum
899 1512 992 1542 sociis
1016 1512 1073 1542 has

70 1568 127 1598 tibi
142 1567 357 1597 deferentibus
373 1567 505 1601 litteras,
519 1566 643 1596 sublato
656 1566 826 1605 cujuslibet
838 1565 999 1596 obstaculo
1012 1565 1075 1595 dif-

70 1621 228 1665 ficultatiS,
239 1620 395 1658 assignes,
405 1620 526 1650 faciens
538 1620 576 1649 de
587 1619 804 1657 assignatione
817 1619 1002 1658 hujusmodi
1013 1619 1075 1649 duo

73 1674 189 1705 similia
207 1674 320 1704 confici
343 1673 468 1712 publica
489 1673 740 1703 instrumenta...
762 1673 832 1702 Dat.
858 1673 972 1709 Rome,
991 1672 1075 1711 apud

74 1728 220 1758 Sanctam
235 1727 368 1756 Mariam
388 1727 556 1765 Majorem,
574 1735 592 1755 x
607 1725 760 1755 kalendas
779 1725 973 1755 novembris.
991 1737 1005 1752 »

142 1934 251 1963 ’2128

107 1997 216 2032 Regem
237 1996 374 2023 Franciae
394 1996 524 2022 hortatur
546 1998 576 2022 ut
595 1995 855 2021 confederationem
868 2003 933 2022 cum
949 1994 1078 2021 Januen-

73 2046 153 2073 sibus
169 2045 202 2072 ad
219 2044 367 2079 negotium
383 2044 547 2078 Aragoniae
562 2047 590 2070 et
606 2043 720 2070 Siciliae
742 2044 973 2078 prosequendum
990 2045 1075 2070 ineat.

73 2090 143 2128 (Fol.
160 2095 190 2121 31
207 2095 255 2126 r0.)

361 1932 725 1966 sainte-Marie-Majeure,
741 1932 775 1958 23
791 1932 908 1958 octobre
928 1932 1006 1959 1288.

114 2203 291 2242 [Carissimo
314 2203 349 2231 in
372 2202 489 2231 Christo
507 2201 572 2238 filio
592 2200 624 2239 ..]
641 2202 706 2238 reyz·
733 2202 924 2230 Francorum
948 2202 1078 2231 illustri.

77 2268 90 2283 «ι
111 2256 212 2285 Habet
235 2255 298 2284 fide
321 2254 420 2292 digna
443 2253 554 2283 relatio
570 2254 654 2292 quod
670 2254 863 2283 venerabilis
880 2254 988 2293 [frater
1006 2263 1080 2284 nos-

76 2312 122 2339 ter
139 2308 202 2348 G.],
228 2308 392 2346 episcopus
419 2307 622 2344 Sabinensis‚
643 2306 812 2346 apostolice
836 2307 919 2336 sedis
942 2307 1079 2344 legatus,

78 2366 108 2392 et
134 2361 268 2391 dilectus
293 2361 379 2390 filins
409 2359 525 2390 nobilis
556 2360 605 2389 vir
631 2361 683 2397 R„
712 2369 817 2390 comes
844 2360 1080 2398 Atrebatensis,

77 2414 178 2454 bajuli
199 2414 293 2452 regni
317 2413 427 2444 Sicilie
451 2423 505 2452 per
525 2422 693 2443 romanam
716 2413 883 2443 ecelesiam
905 2413 1080 2450 constituti,

78 2477 113 2498 ac
129 2468 223 2498 etiam
240 2467 376 2497 dilectus
395 2466 480 2496 filius
500 2467 615 2496 nobilis
631 2467 680 2496 vir
702 2467 847 2503 Carolus,
868 2470 961 2496 natus
983 2467 1081 2496 caris—

78 2521 151 2551 simi
166 2521 200 2551 in
212 2521 344 2555 ,Christo
361 2520 419 2550 filii
439 2520 538 2550 nostri
554 2519 671 2555 Caroli,
694 2521 898 2559 primogeniti
916 2520 1000 2550 clare
1018 2529 1081 2550 me-

77 2575 178 2605 morie
193 2575 226 2605 C.
248 2574 333 2612 regis
359 2574 481 2610 Sicilie,
500 2583 572 2603 suas
594 2574 781 2603 celsitudini
801 2575 888 2612 regie
908 2574 1083 2611 rogatorias

77 2628 197 2658 litteras
217 2628 363 2666 dirigunt
382 2628 466 2657 inter
484 2632 587 2657 cetera
607 2629 806 2657 continentes
829 2632 879 2665 ut,
897 2637 970 2657 cuin
992 2628 1083 2657 auxi-

77 2681 158 2711 lium
168 2681 383 2711 Januensium
394 2681 511 2711 civium
523 2690 591 2711 esse
604 2682 698 2719 possit
707 2690 771 2711 non
783 2681 942 2711 modicum
955 2680 1033 2711 utile
1044 2680 1083 2709 ad

79 2734 240 2772 negotium
256 2734 418 2772 Aragonie
431 2743 467 2763 ac
479 2735 575 2763 etiam
589 2734 699 2764 Sicilie
713 2735 981 2773 prosequendum,
998 2735 1083 2764 cives

79 2786 161 2825 ipsos
169 2787 208 2817 ad
218 2796 359 2817 amorem
371 2791 461 2816 tuum
472 2787 631 2817 attrahere
642 2788 779 2823 studeas,
789 2787 1082 2818 confederationem

80 2847 153 2869 cum
177 2840 268 2878 ipsis,
294 2845 387 2878 prout
409 2841 533 2870 cautius
557 2841 706 2879 expedire
729 2842 907 2879 putaveris,
929 2841 1082 2870 ineundo.

82 2892 146 2922 Nos
158 2897 263 2922 autem
277 2893 425 2931 requisiti
439 2897 469 2922 et
482 2893 639 2923 sollicitati
654 2903 765 2924 sumus
777 2895 934 2924 instanter
945 2898 979 2924 ut
991 2903 1085 2932 super

82 2944 140 2975 hoc
158 2945 214 2975 tibi
238 2950 360 2976 nostras
382 2946 612 2976 exhortatorias
637 2946 756 2977 litteras
776 2947 985 2977 destinemus.
1004 2946 1085 2976 Cum

82 2998 206 3038 itaque,
224 3000 362 3038 pensatis
378 3008 440 3038 que
458 2999 705 3029 considerationi
723 3009 755 3030 se
771 3001 924 3037 offerunt,
943 3001 1085 3038 ipsorum

1151 400 1254 425 tecum
1278 396 1494 426 confederatio
1513 396 1552 426 ad
1573 396 1827 435 prosecutionem
1851 395 1970 434 negotii
1995 396 2155 434 Aragonie

1151 453 1181 478 et
1196 449 1305 479 Sicilie
1321 450 1491 488 supradicti
1507 449 1596 479 utilis
1612 458 1679 479 esse
1694 450 1800 488 possit,
1815 450 2017 479 serenitatem
2034 449 2155 486 regiam

1151 502 1303 531 duximus
1321 506 1428 532 tenore
1440 503 1636 541 presentium
1651 503 1851 532 excitandam
1864 506 1900 532 ut
1910 511 2004 541 super
2014 502 2156 532 ineunda

1151 555 1408 585 confederatione
1430 564 1503 585 cum
1522 556 1644 585 civibus
1663 556 1862 591 memoratis,
1880 555 2034 594 premisso
2050 557 2157 584 exacte

1152 607 1391 638 deliberationis
1414 609 1562 638 examine
1581 608 1781 647 consilioque
1800 617 1954 648 perpenso
1973 607 2155 646 prehabito,

1153 661 1196 690 sic
1213 661 1381 699 procedere
1397 661 1522 691 studeas
1542 662 1627 700 quod
1642 662 1681 691 ad
1698 661 1825 691 laudem
1844 662 1918 699 Dei,
1936 661 2092 691 honorem
2108 668 2157 690 ec-

1153 715 1250 744 clesie
1273 719 1303 745 et
1328 715 1438 744 inclite
1463 715 1577 745 domus
1603 719 1654 745 tue
1677 715 1816 753 dictique
1841 715 1962 753 negotii
1987 714 2157 744 utilitatem

1154 768 1368 797 confederatio
1390 768 1458 806 ipsa
1484 767 1573 797 cedat
1595 772 1625 797 et
1645 768 1677 797 in
1700 768 1850 798 omnibus
1868 776 2031 806 processus
2051 767 2157 805 regius

1154 829 1301 859 prospere
1317 829 1442 859 semper
1459 821 1585 850 favente
1606 821 1745 850 Domino
1766 821 1931 858 dirigatur.
1950 822 2019 851 Dat.
2038 821 2156 858 Rome,

1154 874 1238 912 apud
1249 874 1398 904 Sanctam
1413 873 1547 903 Mariam
1562 874 1728 912 Majorem,
1742 883 1759 902 x
1773 873 1923 903 kalendas
1936 873 2154 903 novembris.»

1192 1051 1244 1080 ’21
1255 1052 1445 1080 'vo—*2184
1489 1051 1846 1085 sainte-Marie-ItIaJeure‚
1863 1050 1896 1077 ‘23
1912 1051 2028 1077 octobre
2045 1050 2123 1078 1288.

1190 1114 1295 1140 Contra
1312 1114 1480 1149 praedones.
1498 1113 1570 1147 (Fol.
1587 1113 1617 1140 31
1635 1114 1682 1146 ro.)

1195 1217 1315 1245 Dicet-tis
1330 1217 1406 1253 filiis
1421 1239 1439 1246 ..
1454 1217 1604 1254 potestati,
1623 1216 1749 1245 consilio
1764 1221 1789 1244 et
1801 1215 1956 1245 communi
1968 1215 2159 1244 Senensibus.

1158 1281 1171 1295 α
1194 1269 1297 1298 Habet
1317 1269 1399 1298 fame
1422 1269 1533 1299 relatio
1554 1273 1584 1298 et
1606 1269 1731 1298 validus
1757 1269 1851 1298 etiam
1873 1268 1993 1298 clamor
2018 1268 2162 1298 insinuat

1156 1322 1369 1361 plurimorum
1387 1323 1470 1361 quod
1496 1332 1549 1362 per
1570 1323 1727 1352 territoria
1749 1322 1962 1361 quorumdam
1985 1325 2161 1352 castrorum

1157 1386 1218 1415 que
1235 1377 1268 1406 in
1286 1376 1433 1406 districtu
1453 1381 1558 1407 vestro
1575 1377 1753 1406 consistunt
1773 1384 1902 1405 securus
1922 1375 2074 1405 transitus
2096 1384 2158 1405 non

1157 1430 1308 1466 habetur,
1326 1438 1399 1459 cum
1415 1429 1500 1458 inibi
1521 1428 1559 1458 ad
1581 1429 1688 1458 sedern
1707 1428 1912 1466 apostolicam
1928 1427 2112 1458 accedentes
2132 1431 2161 1457 et

1158 1483 1330 1512 redeuntes
1345 1482 1385 1512 ab
1400 1482 1478 1520 ipsa,
1496 1486 1530 1512 ut
1547 1485 1666 1512 ceteros
1681 1490 1785 1512 sermo
1801 1485 1966 1520 pretereat,
1978 1490 2041 1517 non
2057 1481 2161 1511 solum

1158 1535 1250 1565 bouis
1267 1544 1329 1574 que
1346 1535 1494 1565 deferunt
1508 1535 1696 1574 spoliantur,
1709 1543 1820 1564 verum
1835 1534 1929 1564 etiam
1945 1534 2105 1564 atrocibus
2117 1533 2161 1563 af-

1158 1588 1312 1618 ficiuntur
1332 1588 1460 1627 injuriis
1476 1589 1584 1627 eisque
1601 1596 1808 1627 personarum
1826 1587 1966 1627 pericula
1983 1588 2092 1625 gravia
2106 1587 2161 1616 in-

1158 1641 1317 1671 feruntur.
1338 1641 1495 1671 Nonnulli
1517 1650 1643 1680 quoque
1658 1645 1834 1671 castrorum
1856 1641 2000 1679 ipsorum
2017 1644 2046 1670 et
2067 1640 2163 1670 etiam

1158 1695 1289 1725 aliunde
1308 1695 1341 1724 in
1359 1695 1501 1733 partibus
1520 1695 1714 1725 Patrimonii
1728 1695 1812 1725 beati
1829 1695 1914 1724 Petri
1934 1695 1969 1723 in
1989 1694 2102 1724 Tuscia
2117 1694 2163 1724 of-

1159 1749 1322 1778 fensiones
1339 1748 1532 1787 multiplices
1548 1752 1578 1778 et
1596 1748 1734 1787 dampna
1753 1756 1817 1778 non
1834 1748 1957 1777 modica
1973 1748 2162 1785 irrogantes,

1159 1802 1193 1831 iu
1212 1801 1324 1831 castris
1346 1801 1439 1840 ipsss,
1463 1801 1545 1831 sicut
1566 1801 1729 1838 asseritur,
1754 1810 1787 1831 se
1813 1803 1988 1839 receptant,
2008 1808 2073 1830 non
2095 1800 2165 1830 sine

1160 1855 1272 1885 divine
1285 1856 1460 1894 majestatis
1477 1856 1609 1892 offensa,
1623 1855 1761 1893 predicte
1776 1855 1859 1884 sedis
1875 1858 2068 1892 contemptu,
2082 1853 2166 1883 fame

1160 1913 1263 1939 vestre
1281 1909 1450 1947 dispendio
1467 1913 1496 1938 et
1513 1908 1662 1938 scandalo
1678 1908 1901 1946 circumposite
1917 1907 2066 1945 regionis.
2083 1906 2166 1936 Cum

1160 1964 1267 2001 itaque
1286 1968 1348 1992 tam
1366 1971 1477 2001 pravos
1493 1967 1522 1992 et
1538 1962 1710 2001 nepharios
1726 1966 1813 1992 actus
1827 1961 1978 1996 nolimus,
1997 1960 2091 1990 sicuti
2107 1968 2166 1990 nec

1161 2016 1326 2052 debemus,
1344 2015 1549 2054 aliquatenus
1565 2016 1758 2051 substinere,
1777 2014 1979 2044 universitati
1994 2017 2096 2043 vestre
2111 2022 2167 2052 per

1162 2068 1332 2107 apostolica
1349 2069 1462 2107 scripta
1478 2068 1620 2098 districte
1637 2067 1842 2106 precipiendo
1858 2067 2048 2096 mandamus
2062 2066 2164 2104 quati-

1163 2131 1224 2151 nus
1245 2126 1329 2151 tante
1353 2122 1601 2160 presumptionis
1618 2127 1647 2151 et
1663 2121 1843 2160 iniquitatis
1865 2129 2030 2150 excessum
2049 2119 2167 2150 moles-

1165 2176 1227 2205 tius
1243 2176 1446 2214 perferentes,
1465 2175 1560 2205 sicin
1578 2175 1637 2205 hac
1655 2178 1750 2213 parte,
1771 2178 1804 2204 ut
1816 2173 1953 2212 expedit,
1971 2173 2093 2203 sublato
2105 2172 2166 2202 dif-

1164 2229 1313 2258 ficultatis
1338 2228 1515 2265 obstaculo,
1542 2228 1708 2267 providere
1732 2228 1847 2258 curetis
1873 2231 1909 2257 ut
1931 2227 2066 2257 ulterius
2092 2225 2167 2256 talia

1164 2291 1228 2312 non
1245 2282 1471 2319 contingant...
1490 2282 1559 2311 Dat.
1581 2286 1735 2319 utsupra.
1758 2293 1771 2308 ³>

1204 2336 1242 2365 In
1260 2344 1287 2364 e.
1309 2344 1351 2363 m.
1372 2358 1391 2365 ..
1410 2335 1565 2373 potestati,
1583 2335 1716 2364 consilio
1731 2339 1761 2364 et
1776 2333 1942 2364 communi
1958 2333 2110 2363 Clusinis.

1204 2388 1242 2417 In
1260 2397 1286 2417 e.
1309 2397 1351 2417 1n.
1373 2411 1392 2417 ..
1410 2388 1582 2418 comitibus
1597 2388 1635 2418 cle
1652 2388 1767 2418 Sancta
1786 2387 1889 2417 Flora.

1206 2441 1242 2470 In
1260 2449 1287 2470 e.
1306 2450 1349 2470 m.
1368 2441 1576 2478 Margaritae,
1594 2441 1774 2470 comitissae
1791 2440 1927 2470 Suanae.

1205 2494 1243 2522 In
1271 2503 1298 2523 e.
1327 2503 1369 2522 m.
1399 2516 1418 2523 ..
1446 2494 1551 2523 abbati
1577 2494 1763 2524 monasterii
1793 2493 1904 2523 Sancti
1933 2492 2105 2523 Salvatoris
2131 2492 2170 2522 de

1167 2547 1276 2577 Monte
1293 2547 1432 2583 Amiato,
1448 2547 1598 2577 Clusinae
1614 2547 1779 2577 dioecesis

1206 2600 1244 2629 In
1263 2608 1292 2629 e.
1311 2609 1353 2628 m.
1374 2621 1393 2628 ..
1414 2599 1555 2629 dominis
1573 2600 1611 2630 de
1633 2600 1805 2638 Campilio,
1829 2599 1980 2630 Clusinae
2003 2598 2168 2629 dioecesis.

1240 2779 1355 2808 &185

1203 2841 1327 2867 Johanni
1345 2840 1507 2866 Christiano
1524 2843 1650 2866 castrum
1665 2840 1821 2867 Trebaruni
1839 2840 1979 2866 coneedit.
1991 2839 2061 2874 (Fot.
2079 2838 2108 2865 31
2127 2839 2172 2873 ro.)

1464 2777 1823 2813 Sainte-Marie-Majeure,
1840 2779 1873 2805 ‘27
1890 2778 2006 2804 octobre
2023 2777 2101 2804 1288.

1209 2944 1317 2973 Dilecto
1338 2943 1403 2980 filio
1422 2943 1558 2972 Jolzanni
1579 2943 1656 2972 dicto
1681 2942 1874 2978 Christiano,
1898 2946 1968 2970 nato
1989 2941 2089 2970 dilecti
2112 2941 2173 2977 filii

1170 2997 1317 3026 Leonardi
1340 2997 1413 3025 dz'cti
1437 2996 1472 3025 cle
1492 2996 1641 3025 Porzicmo
1663 2996 1697 3024 de
1722 2997 1835 3032 Trebis,
1854 2995 2016 3032 Anaqnine
2037 2994 2171 3023 diocesis.
