2393 3496
963 304 1218 350 QUATRIEME
1234 303 1392 342 ΑΝΝΕΕ,
2173 317 2230 347 749

137 381 245 413 nensis
259 380 421 417 dioecesis,
441 380 473 409 in
491 379 629 418 singulis
646 380 789 418 ejusdem
805 380 950 419 apostoli,
967 380 998 411 S.
1017 380 1140 411 Johan-

136 435 186 465 nis
215 438 245 464 et
272 436 408 473 quatuor
435 433 545 463 beatae
574 434 696 464 Mariae
722 434 969 471 festivitatibus,
1001 438 1077 471 etc.‚
1108 437 1142 463 ut

137 496 242 526 supra.

718 553 845 585 Orvieto,
863 554 895 580 30
909 554 974 588 juin
991 553 1069 580 1291.

175 617 213 646 In
236 624 263 645 e.
286 624 350 652 m.,
375 623 431 654 pro
456 615 589 645 ecclesia
611 617 729 647 Beatae
751 617 873 646 Mariae
893 616 932 646 de
956 616 1141 653 Westacre,

136 668 356 701 Norwicensis
376 668 546 705 dioecesis,
568 669 602 699 in
625 673 763 708 quatuor
786 669 930 709 eJ'usdem
954 669 1089 707 virginis
1113 673 1144 698 et

137 724 169 754 S.
199 722 359 753 Johannis
390 722 551 761 Baptistae
579 723 806 753 festivitatibus
837 727 868 752 et
896 731 952 761 per
980 726 1048 752 octo
1076 722 1144 752 dies

137 779 313 816 sequentes.

178 841 192 857 α
210 830 292 859 Loca
312 832 495 859 sanctorum
515 829 700 859 omnium...
718 847 757 851 —
774 830 843 861 Dat.
864 830 948 869 apud
962 829 1144 860 Urbemve-

139 888 234 914 terem
245 905 255 920 ‚
273 892 295 912 11
311 881 465 912 kalendas
479 882 572 922 julii,
588 891 674 913 anno
691 888 816 921 quarto.
835 895 848 910 n

686 969 815 1003 Orvieto,
834 970 872 996 113τ
883 970 978 1004 juillet
994 969 1073 997 1291.

173 1032 212 1062 In
241 1041 267 1062 e.
296 1041 340 1061 m.
371 1031 503 1062 eisdem.
535 1044 549 1058 ιι
580 1031 673 1062 Claro
702 1040 915 1070 supernorum
946 1032 1142 1063 consortio...

135 1085 304 1125 Cupientes
328 1085 426 1123 igitur
451 1089 486 1115 ut
510 1084 631 1124 capella
652 1085 818 1123 hospitalis
846 1094 1025 1123 pauperum
1048 1085 1145 1115 Beate

135 1138 236 1168 Marie
253 1137 293 1168 de
310 1137 515 1175 Urbeveteri,
534 1147 596 1177 que
616 1138 651 1167 in
675 1138 797 1168 honore
818 1138 903 1168 beati
918 1139 936 1168 J
940 1138 1031 1168 acobi
1050 1147 1142 1176 apos-

135 1192 206 1230 toli,
232 1193 324 1231 cujus
350 1193 467 1222 festum
496 1201 609 1223 mense
638 1192 713 1232 julii
741 1192 918 1222 celebratur
930 1218 938 1233 ‚
966 1197 1145 1223 constructa

135 1245 323 1281 dinoscitur,
341 1254 503 1285 quamque
520 1246 638 1276 nostris
656 1246 809 1276 manibus
826 1246 977 1275 duximus
992 1246 1144 1276 dedican-

135 1299 219 1336 dam,
239 1300 389 1337 congruis
405 1299 627 1338 frequentetur
642 1300 819 1330 honoribus
833 1304 864 1330 et
876 1300 1035 1337 condigne
1051 1309 1146 1330 vene-

134 1352 267 1383 rationis
289 1352 393 1383 officio
415 1353 579 1391 visitetur,
600 1353 751 1383 omnibus
776 1362 849 1383 vere
873 1353 1094 1392 penitentibus
1116 1358 1146 1384 et

135 1406 286 1436 confessis
301 1406 359 1444 qui
373 1406 413 1436 ad
429 1406 564 1436 eandem
584 1406 740 1445 capellam
755 1406 790 1436 in
807 1407 951 1446 ejusdem
965 1407 1098 1446 apostoli
1117 1411 1147 1437 et

135 1459 331 1497 Nativitatis,
349 1460 588 1490 Purificationis
607 1465 638 1490 et
653 1460 921 1490 Annuntiationis
938 1461 1028 1490 beate
1044 1460 1146 1490 Marie

135 1513 271 1552 virginis
283 1513 511 1543 festivitatibus
524 1517 555 1543 et
569 1522 624 1553 per
639 1518 709 1544 octo
723 1514 791 1544 dies
807 1514 924 1544 festum
940 1514 1041 1553 ipsius
1055 1523 1145 1553 apos-

135 1565 192 1597 toli
214 1566 402 1596 immediate
427 1571 597 1606 sequentes
621 1576 657 1597 ac
678 1567 712 1596 in
735 1567 958 1598 anniversario
981 1568 1033 1597 die
1058 1568 1147 1598 dedi-

137 1619 271 1650 cationis
283 1620 428 1659 ejusdem
445 1620 565 1659 capelle
579 1620 691 1651 devote
703 1622 896 1651 accesserint
913 1622 1094 1658 annuatim,
1109 1622 1148 1652 de

137 1673 367 1712 omnipotentis
378 1673 439 1703 Dei
455 1674 690 1709 misericordia,
704 1679 775 1711 etc.,
790 1683 893 1713 usque
908 1675 1032 1712 confisi,
1046 1684 1148 1705 unum

139 1735 262 1757 annum
278 1730 309 1756 et
323 1727 535 1765 quadraginta
551 1727 620 1757 dies
627 1737 636 1764 3
653 1728 878 1757 accedentibus
897 1736 971 1758 vero
988 1728 1028 1758 ad
1046 1728 1148 1767 capel-

137 1780 202 1812 lam
216 1780 392 1819 predictam
410 1781 446 1810 in
465 1781 608 1820 quolibet
622 1781 674 1812 die
689 1790 707 1811 a
722 1782 881 1821 principio
897 1782 1149 1821 Quadragesime

139 1843 240 1873 usque
254 1834 294 1864 ad
311 1834 437 1864 octabas
454 1834 712 1865 Resurrectionis
730 1826 894 1865 dominice
911 1836 1147 1874 subsequentis,

137 1887 350 1928 quadraginta
366 1887 435 1918 dies
455 1888 495 1918 de
510 1888 668 1927 injunctis
688 1889 749 1918 sibi
764 1889 948 1927 penitentiis
964 1889 1148 1920 misericor-

137 1941 220 1972 diter
238 1941 431 1972 relaxamus.
451 1942 524 1972 Dat.
540 1941 626 1980 apud
642 1942 918 1977 Urbemveterem,
936 1942 1084 1973 kalendis
1100 1944 1150 1982 ju-

137 1995 190 2035 lii,
206 2004 292 2026 anno
307 1999 430 2034 quarto.
451 2007 464 2022 >³

207 2183 324 2213 5498

174 2246 358 2281 Dispensatio
374 2253 463 2280 super
477 2245 640 2281 pluralitate
655 2245 871 2272 beneficiorum.
888 2246 970 2277 (Rae.
985 2246 1028 2278 46,
1046 2254 1071 2272 c.
1087 2245 1148 2277 321,

139 2296 159 2323 f.
175 2296 208 2323 63
224 2298 274 2328 νο.)

692 2183 818 2215 Orvieto,
839 2184 876 2210 181-
889 2184 983 2218 Juillet
999 2183 1076 2211 1291.

179 2406 280 2441 Petro,
302 2405 517 2435 archidiacono
539 2404 739 2442 Gajacziensz'.
764 2402 846 2433 Cum
869 2411 904 2433 eo
928 2403 1091 2442 dispensat
1116 2406 1151 2433 ut

140 2458 289 2489 ecclesias
301 2458 369 2488 sive
379 2457 517 2496 capellas
529 2456 638 2487 Sancti
654 2455 901 2493 Bartholomaei,
915 2455 1024 2486 Sancti
1037 2456 1148 2493 Marci,

140 2511 468 2550 Sanctagathensem,
487 2510 598 2541 Sancti
617 2509 772 2549 Stephani
794 2509 832 2539 de
852 2508 1021 2546 Altavilla,
1042 2509 1151 2539 Sancti

140 2565 276 2596 Martini
288 2565 327 2595 de
339 2564 495 2600 Cannam,
510 2564 620 2594 Sancti
632 2564 734 2593 Prisci
747 2563 786 2593 de
798 2562 979 2593 Formicula
992 2567 1022 2593 et
1035 2563 1151 2593 Beatae

139 2619 262 2649 Mariae
282 2618 322 2648 de
339 2618 441 2648 Ponte
459 2618 597 2647 Latrono
609 2639 617 2654 ‚
635 2625 761 2646 necnon
777 2616 982 2646 medietatem
999 2615 1152 2646 ecclesiae

140 2671 276 2703 Sanctae
292 2671 413 2701 Mariae
428 2670 585 2709 praedicti
601 2669 663 2700 loci
679 2669 718 2699 de
731 2669 886 2706 Canneto,
904 2669 1152 2699 Beneventanae

140 2729 172 2755 et
196 2724 412 2764 Cajacziensis
440 2723 656 2760 dioecesium,
682 2731 819 2761 quarum
846 2726 1018 2761 proventus
1041 2721 1151 2752 decem

87 2780 91 2781 ⁷
140 2777 251 2808 uncias
280 2777 352 2807 auri
379 2785 504 2806 annuas
535 2784 599 2806 non
627 2774 802 2812 excedunt,
828 2783 972 2814 quasque
999 2775 1152 2805 canonice

140 2831 273 2871 adeptus
300 2835 363 2867 est,
395 2838 460 2860 una
485 2838 559 2859 cum
585 2828 846 2858 archidiaconatu
872 2836 929 2858 suo
955 2827 1152 2867 CaJacziensi

141 2884 228 2915 licite
244 2885 384 2915 retinere
400 2883 513 2913 valeat.

183 2950 199 2966 «
218 2937 321 2977 Super
335 2936 493 2967 familiam
510 2935 683 2966 Domini...
701 2951 739 2957 —
754 2934 827 2965 Dat.
847 2935 932 2974 apud
947 2935 1152 2966 Urbemvete·

142 2999 223 3028 rem,
240 2990 389 3021 kalendis
401 2989 486 3029 julii,
503 2997 590 3020 anno
604 2992 728 3028 quarto.
745 3000 759 3015 ν)

1295 379 1412 408 549⁸?
1807 379 1936 411 Orvieto,
1954 380 1987 407 ‘26
2000 381 2063 415 juin
2082 381 2160 409 1291.

1260 440 1393 468 Facultas
1404 441 1591 476 dispensandi
1601 450 1689 477 super
1699 441 1813 469 defectu
1824 442 1970 470 natalium.
1979 443 2063 476 (Res.
2075 444 2117 475 46,
2130 453 2156 471 c.
2169 444 2231 478 322,

1224 489 1243 515 f.
1261 489 1293 516 63
1310 495 1360 520 νο.)

1269 616 1287 620 ..
1305 593 1527 630 archiepiscopo
1538 593 1769 631 Rothomayensi
1782 593 1914 623 mandat
1925 597 1961 623 ut
1975 602 2048 623 cum
2059 593 2233 625 Guillelmo

1226 643 1264 674 de
1281 644 1480 682 Matonvilla‚
1498 646 1694 685 presbytero,
1712 646 1932 676 matriculario
1948 646 2101 677 ecclesiae
2118 648 2233 678 Beatae

1227 697 1348 727 Mariae
1377 698 1414 727 de
1440 698 1637 735 Andehaco,
1664 700 1933 737 Rothomagensis
1958 699 2133 738 dioecesis,
2159 710 2233 731 cum

1227 759 1289 789 quo
1314 750 1390 780 olim
1419 755 1494 780 tunc
1519 751 1554 780 in
1580 752 1762 782 minoribus
1789 753 1956 783 ordinibus
1983 753 2154 784 constituto
2174 754 2235 784 fuit

1227 804 1446 841 dispensatum
1474 808 1526 839 ut,
1548 813 1613 834 non
1640 805 1784 835 obstante
1809 806 1932 835 defectu
1954 806 2111 836 natalium
2136 816 2233 846 quem

1227 856 1361 894 patitur,
1378 856 1416 886 de
1438 857 1622 896 presbytero
1637 859 1765 895 genitus
1783 863 1814 888 et
1830 859 1948 895 soluta,
1965 860 2005 889 ad
2020 868 2131 890 omnes
2148 860 2233 890 ordi-

1227 917 1284 938 nes
1301 909 1482 948 promoveri
1499 914 1528 939 et
1544 909 1739 940 beneficium
1760 911 2021 949 ecclesiasticum,
2038 921 2148 942 curam
2163 913 2234 943 ani-

1228 970 1355 991 marum
1373 970 1439 992 non
1456 962 1589 1000 habens,
1607 963 1747 1002 recipere
1762 968 1876 1002 posset,
1894 974 2006 995 rursus
2022 965 2183 1004 dispensat
2200 969 2235 996 ut

1227 1014 1420 1045 beneficium
1442 1016 1537 1045 etiam
1559 1025 1669 1046 curam
1689 1017 1872 1047 animarum
1888 1018 2026 1053 habens,
2046 1027 2111 1048 non
2128 1023 2234 1049 tamen

1227 1068 1261 1097 in
1279 1068 1412 1098 ecclesia
1428 1069 1462 1098 in
1484 1078 1546 1108 qua
1565 1074 1651 1108 pater
1670 1070 1738 1109 ejus
1759 1071 1904 1109 proximo
1923 1071 2136 1108 ministravit,
2155 1072 2233 1102 obti-

1228 1130 1304 1151 nere
1323 1122 1436 1152 valeat.

1270 1187 1283 1202 <1
1303 1176 1346 1204 Ex
1362 1180 1449 1214 parte
1463 1175 1610 1207 dilecti...
1621 1191 1662 1200 —
1672 1176 1743 1205 Dat.
1757 1176 1841 1215 apud
1856 1176 2128 1216 Urbemveterem,
2141 1187 2171 1207 vr
2183 1177 2234 1208 ka-

1227 1229 1339 1259 lendas
1352 1229 1444 1268 julii,
1461 1238 1547 1260 anno
1565 1235 1691 1269 quarto.
1714 1243 1727 1257 »

1299 1396 1417 1424 5498

1266 1457 1398 1485 Facultas
1414 1459 1581 1485 absolvendi
1596 1459 1631 1485 ab
1648 1459 1954 1486 excommunicatione.
1972 1459 2056 1492 (Hm.
2072 1459 2113 1491 46,
2132 1468 2156 1486 c.
2175 1459 2235 1493 323,

1229 1508 1248 1536 f.
1263 1508 1296 1534 63
1312 1509 1364 1540 vo.)

1827 1396 1957 1428 Orvieto‚
1975 1397 1991 1423 9
2005 1397 2069 1430 juin
2087 1397 2164 1424 1291.

1270 1610 1439 1639 Percioallo
1451 1634 1458 1647 ,
1478 1611 1701 1647 archiepiscopo
1717 1610 1911 1648 CalarttanO,
1928 1609 2109 1640 facultatem
2125 1618 2237 1640 conce-

1230 1662 1277 1692 dit
1303 1662 1488 1693 absolvendi
1514 1662 1646 1693 clericos
1674 1667 1704 1692 et
1731 1662 1827 1693 laicos
1855 1663 1956 1702 ipsius
1984 1663 2135 1694 dioecesis
2163 1664 2238 1702 qui,

1231 1717 1345 1747 vicarii
1361 1716 1548 1756 episcopalis
1569 1717 1730 1747 mandatis
1749 1725 1815 1747 non
1836 1717 2018 1747 obedientes
2031 1741 2038 1754 ,
2056 1726 2237 1748 excommu-

1231 1770 1404 1800 nicationis
1420 1774 1450 1799 et
1466 1770 1686 1808 suspensionis
1702 1770 1877 1800 sententias
1893 1771 2110 1801 incurrerunt.

1274 1835 1288 1850 <a
1304 1824 1372 1853 Tua
1384 1823 1477 1853 nobis
1491 1823 1713 1854 fraternitas...
1724 1839 1764 1845 —
1777 1823 1848 1853 Dat.
1864 1823 1948 1862 apud
1961 1823 2236 1862 Urbemveterem,

1231 1887 1251 1906 v
1266 1876 1338 1907 idus
1351 1877 1448 1915 Junii,
1467 1885 1553 1907 anno
1570 1881 1695 1916 quarto.
1715 1888 1728 1903 »

1302 2041 1552 2070 54199-ὖῦθῖ
1818 2042 1949 2075 Urvieto,
1970 2042 1999 2068 15
2015 2042 2071 2068 mai
2089 2041 2165 2068 1291.

1267 2102 1477 2136 Indulgentiae.
1494 2101 1577 2135 (Rau.
1596 2101 1639 2135 46,
1657 2109 1682 2128 c.
1699 2101 1760 2136 324,
1774 2102 1793 2128 f.
1811 2102 1844 2128 63
1860 2103 1911 2136 vo.)

1276 2228 1294 2233 ..
1323 2205 1468 2234 abbatisse
1497 2207 1524 2234 et
1551 2205 1710 2233 conventui
1740 2205 1919 2233 monasterii
1948 2205 2054 2234 Sancte
2082 2205 2176 2234 Marte
2205 2207 2240 2236 de

1232 2258 1340 2287 Sancto
1356 2257 1487 2295 Elpidt‘o,
1508 2258 1628 2287 ordinis
1642 2263 1744 2287 sancte
1759 2258 1857 2293 Clare,
1874 2258 2017 2288 Firmane
2032 2259 2165 2288 diocesis.
2186 2259 2239 2288 In-

1233 2311 1432 2349 dulgentiam
1452 2311 1549 2340 unius
1566 2310 1646 2340 anni
1664 2314 1693 2340 et
1710 2320 1748 2340 XL
1771 2310 1897 2340 dierum
1917 2311 2060 2341 concedit
2078 2311 2240 2341 visitanti-

1233 2364 1292 2394 bus
1318 2364 1484 2393 ecclesiam
1511 2363 1666 2401 praedicti
1691 2363 1878 2393 monasterii
1900 2364 1935 2393 in
1958 2364 2009 2393 die
2034 2363 2240 2394 dedicationis

1234 2417 1378 2456 ejusdem
1398 2416 1549 2447 ecclesiae
1569 2421 1599 2446 et
1618 2417 1652 2446 in
1674 2417 1895 2448 anniversario
1914 2417 1967 2447 die
1986 2418 2130 2456 ejusdem
2149 2418 2239 2448 dedi-

1234 2471 1380 2501 cationis.

1277 2536 1290 2550 α
1309 2524 1398 2553 Inter
1414 2527 1517 2553 cetera
1534 2527 1772 2554 sacramenta...
1789 2541 1827 2545 -—
1842 2524 1914 2554 Dat.
1931 2524 2015 2562 apud
2033 2525 2238 2555 Urbemvete-

1234 2585 1313 2613 rem,
1332 2576 1440 2606 idibus
1459 2576 1548 2614 maii,
1565 2585 1651 2607 anno
1669 2580 1796 2615 quarto.
1818 2588 1832 2603 »
1849 2576 2000 2616 (Parra,
2018 2577 2142 2616 23672.)

1813 2656 1945 2691 Orvieto‚
1963 2656 2072 2691 3OJuin
2091 2657 2167 2684 1291.

1274 2720 1312 2749 In
1333 2728 1360 2749 e.
1378 2728 1423 2749 m.
1442 2719 1601 2749 universis
1616 2718 1737 2749 Christi
1753 2719 1904 2749 fidelibus
1922 2723 2101 2758 praesentes
2119 2719 2239 2749 litteras

1233 2772 1437 2810 inspecturis.
1456 2771 1611 2802 Eamdem
1626 2771 1865 2810 indulgentiam
1880 2772 2025 2802 concedit
2037 2772 2239 2802 visitantibus

1235 2825 1452 2856 cathedralem
1468 2825 1636 2855 ecclesiam
1656 2825 1979 2863 Vigintimiliensem,
1996 2825 2030 2854 in
2045 2833 2106 2863 qua
2124 2824 2239 2855 multo-

1235 2888 1308 2910 rum
1331 2882 1517 2909 sanctorum
1540 2878 1697 2918 reliquiae
1718 2878 1897 2914 habentur,
1922 2879 1957 2907 in
1978 2881 2112 2917 quatuor
2132 2878 2240 2908 beatae

1236 2932 1358 2962 Mariae
1375 2932 1612 2970 festivitatibus,
1633 2940 1689 2971 per
1703 2935 1771 2962 octo
1786 2931 1855 2962 dies
1871 2935 2038 2970 sequentes
2054 2935 2084 2961 et
2098 2931 2132 2960 in
2147 2931 2240 2962 anni-

1235 2985 1377 3015 versario
1394 2985 1445 3015 die
1461 2985 1671 3015 dedicationis
1691 2984 1835 3023 ejusdem
1851 2984 2012 3015 ecclesiae.
