2393 3496
906 305 1159 350 QUATRIEME
1180 306 1338 341 ΑΝΝΕΕ.
2115 312 2172 341 875

53 377 57 380 “
81 387 232 425 susceptis
260 383 428 414 ordinibus
460 383 644 412 ministrare
673 387 704 412 et
730 382 864 411 unicum
889 379 1083 410 beneficium

82 439 339 472 ecclesiasticum,
356 445 465 466 curam
483 444 547 465 non
564 436 698 473 babens,
716 435 877 473 suscipere
893 434 1002 472 possit.

122 506 133 520 a
154 493 196 522 Ex
210 495 297 530 parte
313 490 459 519 dilecti...
476 507 514 510 —
532 490 603 519 Dat.
622 490 733 524 Rome.
751 488 834 527 apud
851 488 1000 517 Sanctam
1018 487 1084 516 Ma-

82 547 160 577 riam
176 545 341 583 Majmem,
360 552 379 572 x
393 542 546 572 kalendas
562 543 727 579 februarii,
745 550 830 572 anno
846 546 968 580 quarto.
989 553 1001 567 n

151 703 267 731 6544

116 763 299 799 Dispensatio
314 770 402 797 super
412 762 526 788 defectu
542 761 662 788 ordinis.
674 761 757 795 (Rae.
771 761 814 794 46,
827 769 852 787 6.
865 761 926 792 7-24,
940 762 958 788 f.
973 761 1021 787 144
1032 762 1084 793 v0.)

415 699 766 733 Sainte-Marie-Majeure,
785 699 799 725 ‘2
815 700 918 725 sevrier
934 698 1011 725 1292.

121 889 141 896 ..
157 867 267 896 decano
283 866 400 894 ecclesie
415 865 620 893 Lanctavensts
636 863 768 892 mandat
788 868 822 893 ut
840 872 913 893 cum
932 864 1036 893 David
1054 863 1083 893 le

81 920 213 958 Graynt‚
232 918 434 954 subdiacono,
452 918 506 955 qui
521 916 687 946 ecclesiam
711 916 818 946 Sancti
835 917 980 954 Georgii,
999 917 1082 946 Lan-

80 973 224 1004 davensis
243 972 413 1007 dioecesis,
430 971 568 1000 detinuit
590 979 649 1000 nec
665 980 698 1000 se
714 971 747 1000 iu
767 971 989 1008 presbyterum
1010 979 1082 1008 pro-

81 1025 199 1057 moveri
213 1025 296 1060 fecit,
315 1025 475 1063 dispenset
492 1028 525 1054 ut
541 1033 610 1053 eam
628 1023 713 1053 licite
730 1023 888 1061 possidere
906 1024 1013 1061 possit.

121 1091 134 1106 κ
153 1079 244 1108 Lecta
259 1086 364 1107 coram
387 1077 516 1107 nobis...
534 1094 572 1098 -
589 1076 661 1105 Dat.
681 1077 780 1105 Rome
795 1098 802 1112 ,
826 1075 910 1114 apud
933 1076 1082 1105 Sanctam

82 1132 212 1162 Mariam
230 1131 401 1170 Majorem,
420 1139 466 1159 1111
484 1139 584 1160 nonas
601 1129 765 1165 februarii,
783 1138 868 1159 anno
884 1133 1006 1167 quarto.
1027 1141 1040 1155 »

149 1290 266 1318 6545

115 1351 248 1378 Facultas
262 1350 430 1377 absolvendi
446 1359 462 1376 a
477 1349 624 1376 canonicis
639 1349 801 1376 sententiis.
819 1348 902 1381 (Rae.
915 1348 959 1383 46,
971 1357 997 1376 c.
1009 1349 1082 1380 7242,

79 1401 99 1429 f.
117 1401 166 1428 145
185 1402 233 1433 ro.)

386 1287 741 1321 Sainte-Marie-MaJeure,
759 1286 790 1313 ‘23
807 1287 917 1321 janvier
937 1287 1011 1314 1292.

122 1526 142 1534 ..
161 1503 449 1532 abbatimonasteriz‘
464 1501 570 1531 Sancti
582 1501 717 1530 Audoent
729 1501 985 1538 Rothoriiayertst's,
999 1502 1084 1530 ordi-

80 1558 128 1586 nis
137 1556 168 1586 S.
182 1556 344 1593 Benedicti,
359 1554 541 1584 facultatem
554 1554 699 1584 concedit
714 1553 899 1583 absolvendi
911 1553 1084 1584 monachos

81 1614 110 1639 et
136 1617 304 1639 conversos
331 1617 404 1638 suos
430 1608 470 1638 ab
497 1606 837 1637 excommunicationis
865 1611 895 1636 et
920 1607 1084 1637 interdicti

81 1662 245 1697 sententiis
271 1670 350 1700 quas
379 1669 435 1699 pro
461 1665 651 1690 statutorum
675 1660 798 1690 ordinis
831 1660 1083 1697 transgressione

80 1716 284 1746 incurrerint.

120 1781 134 1796 α
147 1769 191 1798 Ex
207 1773 294 1808 parte
310 1772 400 1798 tua...
416 1785 454 1789 —
470 1768 540 1797 Dat.
558 1768 669 1804 Rome,
685 1767 769 1806 apud
782 1767 932 1797 Sanctam
947 1767 1082 1796 Mariam

81 1823 244 1862 Majomrn,
261 1831 280 1851 x
295 1821 447 1852 kalendas
466 1821 632 1858 februarii,
649 1829 735 1851 anno
751 1825 874 1860 quarto.
894 1832 908 1847 >³

149 1981 264 2010 6546

113 2043 297 2079 Dispensatio
313 2043 496 2070 matrimonii.
515 2042 598 2076 (Rae.
612 2042 656 2074 46,
673 2051 698 2069 6.
715 2042 776 2076 725,
792 2042 812 2069 f.
831 2043 879 2069 145
896 2046 943 2074 ro.)

380 1980 738 2015 Sainte-Marie-MaJeui·e‚
758 1980 790 2007 <28
803 1981 917 2015 janvier
933 1980 1011 2008 1292.

121 2147 284 2176 Venerabili
296 2146 392 2182 fratri
409 2167 429 2175 ..
448 2147 580 2182 episcopo
594 2149 620 2173 et
633 2145 739 2174 dilecto
754 2145 818 2182 filio
832 2167 852 2174 ..
868 2145 1083 2175 archidiacono

77 2200 285 2239 Bajocensibus
309 2199 481 2230 committit
498 2202 532 2228 ut
553 2207 627 2227 cum
650 2197 753 2228 nobili
776 2198 843 2227 viro
861 2197 1021 2227 Germano
1044 2197 1082 2227 de

79 2253 261 2292 Mutreceyo
279 2257 309 2282 et
323 2252 426 2282 nobili
441 2251 579 2281 muliere
592 2251 750 2290 Dyonisia
765 2251 804 2281 de
822 2251 968 2287 Bosceio‚
989 2251 1082 2289 Bajo-

78 2306 179 2336 censis
190 2305 355 2342 dioecesis,
369 2305 404 2334 in
415 2304 595 2343 praesentia
607 2313 705 2342 papae
716 2303 908 2340 constitutis,
920 2304 1084 2342 dispenset

78 2363 112 2388 ut
135 2358 170 2388 in
202 2358 407 2388 matrimonio
434 2357 511 2387 olim
542 2357 581 2387 ab
608 2357 698 2396 ipsis,
722 2357 989 2395 impedimentum
1015 2366 1083 2387 esse

77 2411 319 2449 ignorantibus,
345 2415 506 2441 contracto
532 2419 699 2440 remanere
723 2410 868 2444 valeant,
895 2418 1081 2448 quanquam

78 2464 238 2502 quondam
254 2465 368 2495 Petrus
381 2463 419 2493 de
436 2464 581 2493 Alebunt
593 2487 600 2499 ,
627 2464 712 2501 prior
731 2463 906 2502 Dyonisiae
925 2463 1060 2493 maritus
1073 2488 1080 2500 ,

80 2517 169 2547 tertio
186 2517 477 2556 consanguinitatis
492 2517 592 2555 gradu
616 2517 777 2547 Germano
799 2517 989 2555 conjunctus
1005 2521 1080 2546 erat.

119 2582 134 2598 α
147 2570 317 2601 Constituti
332 2571 365 2600 in
383 2571 580 2609 presentia...
600 2587 638 2591 —
656 2570 727 2600 Dat.
746 2571 866 2607 Rome,
883 2570 967 2609 apud
983 2570 1082 2600 Sanc-

81 2629 144 2653 tam
175 2624 311 2653 Mariam
343 2624 496 2663 Majorem
514 2647 520 2660 ‚
554 2634 574 2653 v
603 2623 756 2653 kalendas
793 2623 963 2661 februarii,
998 2631 1083 2654 anno

80 2681 202 2715 quarto.
223 2689 237 2704 ιι

131 2834 380 2863 654ἵ-655ἵ

113 2896 321 2931 Indulgentiae.
340 2896 421 2929 (Rae.
439 2896 481 2928 46,
499 2904 525 2924 c.
542 2895 604 2930 726,
622 2896 641 2924 f.
660 2896 709 2923 145
725 2898 774 2929 ro.)

437 2833 795 2868 Sainte-Marie-Majeure,
808 2835 823 2862 5
835 2834 937 2861 ἰ6ν1-161·
949 2834 1027 2862 1292.

121 2985 273 3015 Universt's
292 2985 406 3015 Christi
421 2985 559 3022 fidelibus
579 2990 728 3022 presentes
749 2985 866 3014 litteras
888 2986 1079 3024 inspecturis.

1166 377 1406 415 Indulgentiam
1433 377 1530 407 unius
1554 377 1633 406 anni
1658 380 1687 405 et
1710 385 1748 405 xi.
1772 375 1899 405 dierum
1925 377 2067 406 concedit
2094 378 2172 406 visi-

1168 431 1306 460 tantibus
1338 430 1504 460 ecclesiam
1535 430 1669 460 Sanctae
1699 429 1818 458 Mariae
1846 429 1884 458 de
1911 429 2168 466 Effinndasund,

1167 484 1427 521 Stawangreusis
1443 484 1607 519 dioecesis,
1624 483 1657 512 in
1675 487 1810 521 quatuor
1828 482 1937 512 beatae
1955 482 2075 512 Mariae
2092 488 2121 512 et
2137 483 2169 513 S.

1168 537 1331 566 Laurentii
1344 536 1580 572 festivitatibus,
1599 545 1654 575 per
1668 540 1736 566 octo
1750 536 1816 565 dies
1833 540 2002 574 sequentes
2019 536 2095 565 etin
2115 546 2172 565 an-

1166 590 1345 619 niversario
1362 590 1412 618 die
1427 590 1636 619 dedicationis
1652 589 1795 626 ejusdem
1812 588 1973 618 ecclesiae.

1208 655 1220 668 a
1239 642 1403 672 Gloriosus
1424 643 1509 671 Deus
1528 643 1599 673 in...
1622 658 1659 663 ——
1678 643 1749 671 Dat.
1775 642 1895 678 Rome,
1920 642 2002 680 apud
2022 641 2171 672 Sanctam

1166 695 1301 724 Mariam
1332 695 1506 733 Majorem,
1541 695 1634 724 nonis
1664 695 1816 724 februarii
1832 718 1838 731 ,
1873 703 1958 724 anno
1994 700 2116 732 quarto.
2157 708 2169 723 n

1165 748 1316 787 (POTTH.,
1334 747 1457 787 23915.)

1206 801 1243 829 ln
1264 810 1291 831 e.
1310 810 1370 837 m.⁷
1390 810 1445 839 pro
1464 800 1639 830 cathedrali
1663 800 1796 829 ecclesia
1817 800 1923 829 Sancti
1945 800 2034 830 Olavi
2056 801 2172 831 Nidro-

1166 854 1276 889 5161151,
1294 854 1328 882 111
1347 858 1482 892 quatuor
1498 854 1606 883 beatae
1628 854 1747 882 Mariae
1766 857 1796 882 et
1812 853 1844 882 S.
1863 853 1971 887 Olavi,
1990 855 2072 891 regis
2088 864 2172 884 mar-

1167 907 1265 945 tyris,
1284 907 1525 942 festivitatibus,
1544 916 1598 944 per
1619 911 1686 935 octo
1707 906 1773 935 dies
1794 911 1962 944 sequentes
1981 908 2057 936 etin
2075 909 2172 937 anni-

1165 960 1306 989 versario
1321 960 1371 989 die
1388 959 1598 989 dedicationis
1614 958 1756 996 ejusdem
1777 958 1940 987 ecclesiae.

1207 1024 1220 1039 11
1242 1013 1312 1042 Vite
1332 1013 1481 1051 perennis
1502 1012 1641 1049 gloria...
1663 1029 1701 1033 —
1721 1013 1791 1041 Dat.
1813 1016 1965 1049 utsupra.
1989 1024 2001 1038 n
2019 1012 2172 1051 (Poma,

1167 1065 1291 1104 23916.)

1468 1143 1829 1177 Salute-Marie-Majeure,
1846 1143 1880 1170 *25
1895 1144 2008 1178 janvier
2026 1145 2102 1172 1292.

1206 1221 1244 1250 In
1263 1230 1290 1250 e.
1311 1229 1368 1256 m.,
1395 1228 1449 1258 pro
1469 1219 1600 1249 ecclesia
1618 1243 1637 1249 ..
1658 1219 1773 1258 prioris
1794 1223 1824 1248 et
1845 1225 2020 1249 conventus
2044 1229 2173 1250 monas-

1167 1275 1236 1304 terii
1258 1274 1365 1303 Sancti
1388 1273 1593 1311 Exuperantii
1617 1273 1655 1302 de
1675 1272 1835 1310 Cingulo,
1859 1282 1915 1310 per
1932 1273 2071 1311 priorem
2090 1274 2174 1303 soliti

1167 1327 1356 1365 gubernari,
1374 1326 1495 1355 ordinis
1514 1325 1546 1354 S.
1573 1325 1760 1361 Benedicti,
1781 1325 1981 1354 Auximanae
1999 1326 2150 1355 dioecesis
2164 1350 2171 1363 ‚

1167 1381 1201 1409 in
1225 1380 1394 1409 festivitate
1410 1380 1553 1417 ejusdem
1573 1379 1673 1407 sancti
1696 1383 1725 1407 et
1745 1387 1799 1416 per
1817 1383 1885 1407 octo
1907 1378 1972 1407 dies
1991 1384 2172 1416 sequentes.

1167 1435 1238 1463 Dat.
1259 1434 1394 1466 Romae,
1412 1432 1495 1470 apud
1521 1432 1671 1462 Sanctam
1695 1432 1831 1460 Mariam
1850 1432 2023 1470 MaJ'ore1n‚
2041 1442 2096 1461 vu1
2117 1433 2174 1462 ka-

1168 1487 1280 1517 lendas
1298 1486 1461 1522 februarii,
1480 1494 1566 1515 anno
1582 1490 1704 1524 quarto.
1721 1497 1734 1512 1>

1498 1580 1858 1614 Sainte-Marie-ltlajeure,
1876 1581 1891 1606 5
1906 1580 2009 1606 sevrier
2030 1580 2104 1608 1292.

1207 1660 1245 1689 In
1262 1668 1290 1688 e.
1304 1668 1360 1695 m.,
1377 1667 1432 1696 pro
1448 1657 1582 1687 ecclesia
1601 1680 1620 1686 ..
1639 1656 1809 1695 priorissae
1823 1660 1852 1685 et
1863 1660 2038 1685 conventus
2052 1664 2176 1686 monas-

1167 1713 1237 1742 terii
1253 1711 1363 1742 Sancti
1380 1711 1539 1740 Leonardi
1555 1710 1593 1739 de
1611 1709 1720 1745 Perht‚
1738 1718 1793 1747 per
1811 1709 1995 1747 priorissam
2013 1708 2096 1738 soliti
2116 1718 2176 1746 gu-

1165 1766 1306 1801 bernari,
1323 1764 1447 1794 ordinis
1461 1764 1492 1795 S.
1513 1764 1701 1801 Augustini,
1720 1762 1827 1792 Sancti
1844 1763 1992 1792 Andreae
2009 1762 2174 1797 dioecesis,

1166 1820 1201 1849 in
1220 1818 1458 1856 Assumptionis
1476 1817 1585 1846 beatae
1608 1816 1727 1845 Mariae
1744 1819 1773 1845 et
1792 1815 1825 1844 S.
1844 1815 2001 1845 Leonardi
2020 1815 2173 1844 festivita-

1167 1874 1250 1903 tibus
1278 1876 1308 1901 et
1337 1881 1391 1910 per
1418 1875 1486 1901 octo
1512 1870 1580 1899 dies
1610 1873 1790 1907 sequentes,
1822 1869 1893 1897 Dat.
1926 1868 2063 1905 Romae,
2092 1868 2175 1906 apud

1166 1926 1316 1956 Sanctam
1355 1924 1492 1954 Mariam
1527 1923 1684 1961 Majorem
1703 1946 1709 1958 ,
1746 1921 1841 1951 nonis
1875 1921 2029 1950 februarii
2047 1946 2053 1958 ‚
2090 1929 2176 1951 anno

1165 1981 1289 2018 quarto.

1472 2047 1831 2082 Sainte-Marie-Majeure‚
1851 2048 1889 2073 1⁰¹·
1905 2048 2008 2073 sevrier
2025 2047 2103 2074 1292.

1208 2129 1243 2158 In
1262 2137 1289 2157 e.
1310 2136 1366 2163 m.,
1385 2135 1438 2164 pro
1454 2125 1622 2155 66616513..
1641 2123 1762 2153 abbatis
1778 2127 1807 2152 et
1823 2128 1999 2152 conventus
2018 2127 2175 2152 monaste-

1165 2182 1205 2211 rii
1222 2182 1260 2210 de
1283 2180 1398 2210 Sancto
1421 2177 1629 2213 Eadmundo,
1654 2176 1693 2205 ad
1715 2184 1880 2205 romanam
1899 2175 2067 2205 ecclesiam
2085 2175 2174 2204 nullo

1165 2235 1269 2264 medio
1292 2233 1496 2272 pertinentis,
1522 2230 1646 2260 ordinis
1675 2229 1707 2259 S.
1738 2229 1920 2265 Benedicti,
1953 2228 2174 2258 Norwicensis

1165 2288 1334 2323 dioecesis,
1353 2287 1386 2315 in
1411 2284 1648 2323 Assumptionis
1671 2284 1780 2313 beatae
1797 2282 1917 2311 Mariae
1935 2291 1971 2311 ac
1989 2286 2172 2311 sanctorum

1166 2341 1347 2372 Eadmundi
1371 2345 1401 2370 et
1421 2338 1570 2377 Botulphi
1592 2337 1816 2367 festivitatibus
1832 2341 1862 2365 et
1883 2345 1937 2374 per
1952 2340 2020 2365 octo
2039 2335 2106 2365 dies
2124 2344 2173 2364 se-

1164 2400 1308 2435 quentes.
1332 2394 1401 2422 Dat.
1419 2394 1552 2428 Romae,
1570 2391 1655 2429 apud
1674 2390 1824 2420 Sanctam
1842 2389 1978 2418 Mariam
1998 2389 2151 2426 Majorem
2169 2412 2175 2424 ,

1164 2448 1311 2479 kalendis
1329 2446 1494 2482 februarii,
1512 2453 1597 2475 anno
1611 2448 1733 2482 quarto.

1205 2503 1241 2531 In
1259 2510 1285 2530 e.
1304 2509 1359 2535 m.,
1378 2507 1433 2537 pro
1453 2498 1583 2528 ecclesia
1601 2497 1734 2527 Sanctae
1757 2495 1879 2524 Mariae
1898 2494 1936 2524 de
1956 2494 2148 2524 Werviutlie
2164 2518 2170 2530 ‚

1165 2553 1392 2585 Dunelmensis
1410 2551 1563 2581 dioecesis
1577 2574 1584 2587 ‚
1606 2551 1641 2579 in
1662 2553 1798 2588 quatuor
1814 2549 1923 2578 beatae
1947 2547 2068 2576 Mariae
2084 2546 2174 2575 festi-

1165 2608 1334 2643 vitatibus,
1356 2615 1408 2644 per
1423 2609 1491 2635 octo
1507 2604 1574 2634 dies
1591 2607 1759 2641 sequentes
1781 2606 1810 2631 et
1831 2602 1864 2631 in
1885 2601 2105 2630 anniversario
2122 2599 2174 2628 die

1165 2661 1374 2693 dedicationis
1409 2659 1551 2698 ejusdem
1591 2658 1752 2688 ecclesiae.
1793 2657 1862 2686 Dat.
1902 2660 1934 2685 ut
1970 2664 2076 2693 supra.
2112 2655 2174 2692 (En

1219 2726 1234 2745 Γ
1256 2725 1279 2744 8.

1165 2726 1252 2798 main-q
1267 2715 1296 2797 e?
1316 2777 1373 2803 m.,
1397 2774 1452 2805 pro
1475 2764 1596 2804 capella
1619 2764 1754 2794 Sanctae
1775 2763 1871 2792 Elbae
1897 2761 1935 2791 de
1958 2759 2173 2795 Elbecestria,

1168 2821 1396 2852 Dunelmensis
1419 2818 1592 2854 dioecesis⁷
1612 2818 1646 2846 in
1667 2814 1907 2854 Assumptionis
1928 2814 2035 2843 beatae
2056 2812 2174 2841 Mariae

1167 2881 1197 2906 et
1213 2879 1339 2905 sanctae
1356 2873 1453 2902 Elbae
1469 2871 1703 2906 festivitatibus,
1722 2878 1777 2908 per
1793 2873 1860 2899 octo
1876 2868 1943 2897 dies
1961 2869 2128 2904 sequentes
2146 2868 2175 2893 et

1166 2929 1201 2958 in
1217 2927 1438 2958 anniversario
1459 2925 1510 2955 die
1532 2923 1744 2954 dedicationis
1762 2921 1909 2961 ejusdem
1927 2918 2078 2958 capellae.
2102 2917 2172 2946 Dat.

1167 2986 1200 3012 ut
1216 2990 1322 3020 supra.
1340 2980 1440 3019 (Ibid.)
