2393 3496
906 289 1158 335 QUATRIEME
1174 290 1330 328 ANNEE.
2108 302 2164 331 779

84 370 307 402 chidiaconum
323 368 556 403 Nicosiensem‚
575 367 640 405 qui,
660 375 714 405 pro
730 366 822 396 bonis
842 370 872 395 et
888 365 984 394 rebus
1002 372 1082 402 quae

85 433 121 454 ex
147 421 279 452 ecclesia
303 420 484 450 Nicosiensi
511 423 650 458 tempore
678 418 964 448 administrationis
989 426 1082 453 suae,

85 485 156 507 eum
170 475 204 504 in
226 473 383 503 discordia
401 472 519 502 electus
537 477 614 509 erat,
636 472 807 511 quamdam
825 471 979 510 pecuniae
995 479 1081 500 sum-

85 537 169 559 mam
184 532 214 557 et
233 535 283 556 res
297 524 412 555 alias'..
427 526 663 564 archiepiscopo
679 525 846 555 restituere
861 524 946 554 infra
961 527 1083 553 certum

86 581 258 612 terminum
274 578 471 618 promiserat,
489 578 556 615 sed,
571 579 706 608 termino
721 577 838 616 elapso,
854 585 917 607 non
933 576 1081 612 restituit,

85 637 210 664 moneat
230 635 262 661 ut
286 631 372 660 infra
395 630 490 660 unius
516 631 635 660 mensis
653 631 790 669 spatium
809 634 876 668 post
899 628 1085 667 hujusmodi

85 685 296 717 monitionem
321 683 514 722 promissum
539 683 657 719 solvat3
688 683 831 722 alioquin
855 691 928 712 eum
950 682 1025 711 citet
1052 684 1086 710 ut

86 739 168 769 infra
191 746 244 767 sex
263 745 390 766 menses
409 736 606 775 praedictum
629 745 773 765 mensem
792 739 961 774 sequentes
978 742 1084 772 perso-

85 792 199 823 naliter
214 799 320 821 coram
336 790 409 819 sede
425 789 598 828 apostolica
613 794 804 828 compareat.

126 856 140 872 ι
157 843 355 882 Significavit
367 843 457 872 nobis
473 842 704 872 venerabilis...
716 842 838 871 —Dat.
852 841 935 880 apud
950 841 1083 871 Urbem-

85 902 235 933 veterem,
253 906 283 926 vr
299 895 451 926 kalendas
467 896 561 933 maii,
580 904 667 925 anno
685 898 808 933 quarto.
827 907 840 921 n

153 1076 270 1106 5285

120 1139 162 1166 De
175 1139 277 1166 abbate
292 1138 466 1164 monasterio
482 1137 580 1163 Sancti
592 1136 671 1162 Pauli
685 1136 867 1162 Anthjoceno
884 1134 1085 1170 praeficiendo.

83 1188 164 1224 (Rae.
182 1188 225 1218 46,
243 1195 269 1213 c.
287 1186 361 1217 392².
379 1187 397 1212 f.
416 1186 450 1213 78
469 1187 521 1218 v0.)

648 1073 779 1103 Orvieto,
797 1073 811 1100 3
825 1073 918 1107 Juillet
937 1072 1013 1099 1291.

126 1312 146 1321 ..
165 1290 381 1320 archidiacono
398 1289 622 1325 Famayustano
644 1286 776 1316 mandat
794 1292 828 1316 ut
850 1287 995 1316 abbatem
1017 1295 1086 1316 mo-

86 1342 226 1374 nasterio
239 1342 347 1372 Sancti
364 1341 456 1371 Pauli
472 1340 511 1370 de
526 1340 708 1376 Anthiocia,
722 1340 846 1370 ordinis
863 1340 894 1370 S.
910 1339 1086 1375 Benedicti,

86 1395 170 1436 quod
184 1399 282 1433 ,tanto
307 1400 445 1433 tempore
469 1395 534 1432 jam
553 1394 675 1423 vacavit
695 1393 779 1432 quod
801 1394 868 1431 ejus
890 1393 1029 1432 provisio
1048 1394 1087 1422 ad

88 1449 193 1480 sedem
211 1447 415 1487 apostolicam
431 1451 477 1476 est
490 1446 648 1483 devoluta,
668 1446 838 1485 praeficiat.

126 1514 140 1529 «
157 1501 255 1532 Illum
273 1510 347 1539 erga
363 1509 458 1530 nos...
469 1517 507 1521 —
522 1500 592 1529 Dat.
606 1500 689 1538 apud
704 1500 979 1535 Urbemveterem,
994 1509 1014 1528 v
1030 1508 1089 1530 no-

43 1580 48 1583 ,
85 1563 142 1586 nas
155 1554 241 1594 julii,
260 1562 346 1584 anno
363 1558 486 1592 quarto.
509 1565 522 1579 »

153 1726 270 1756 5⁹2ssss

121 1789 162 1816 De
173 1789 277 1816 debitis
288 1788 427 1815 ecclesiae
438 1787 722 1822 Caesaraugusta-nae
733 1787 940 1822 persolvendis.
949 1787 1031 1820 (Rae.
1045 1788 1087 1820 46,

84 1845 110 1865 e.
128 1837 192 1869 393,
207 1837 227 1864 f.
245 1837 279 1865 78
293 1838 346 1870 vv.)

651 1724 782 1757 orvieto,
801 1725 839 1751 μ’
854 1726 920 1751 aout
939 1725 1016 1752 1291.

130 1941 298 1970 Venerabili
315 1941 412 1976 fratri
429 1939 479 1976 H„
501 1940 633 1977 episcopo
649 1940 920 1976 Cesarauyuszano,
942 1938 1090 1976 indulget

85 1997 120 2024 ut
141 1993 282 2023 officium
309 1993 500 2022 visitationis
527 2001 582 2030 per
609 1991 687 2021 alias
715 2000 865 2030 personas
891 2001 1036 2022 exercere
1059 1996 1089 2022 et

84 2046 334 2085 procurationes,
349 2045 447 2075 semel
465 2049 588 2074 tantum
606 2050 637 2074 et
652 2044 724 2083 plus
739 2040 831 2074 solito
847 2044 1037 2082 moderatas,
1054 2045 1087 2074 in

83 2093 219 2137 pecunia
240 2103 408 2128 numerata
431 2099 557 2136 exigere
578 2098 692 2134 valeat,
717 2098 945 2127 convertendas
962 2099 996 2127 in
1015 2107 1088 2127 exo-

83 2152 282 2182 nerationem
314 2151 499 2182 debitorum
531 2160 613 2190 quae
643 2151 809 2181 occasione
842 2152 1089 2181 consecrationis

84 2214 160 2235 suae
175 2211 206 2235 et
220 2205 433 2244 postmodum,
451 2213 506 2244 pro
521 2204 761 2243 recuperatione
777 2209 951 2234 castrorum
969 2209 998 2234 et
1013 2204 1088 2234 alio-

83 2267 156 2288 rum
166 2257 308 2288 locorum
324 2262 420 2296 atque
438 2258 595 2288 bonorum
611 2266 692 2296 quae
706 2257 780 2287 sede
795 2257 1088 2295 Caesaraugustana
1112 2259 1115 2261 ’

83 2315 214 2342 vacante
228 2311 366 2341 alienata
383 2316 415 2341 et
429 2311 581 2341 distracta
596 2310 707 2341 illicite
723 2311 859 2348 fuerant,
877 2313 944 2349 ipse
964 2311 1087 2350 episco-

83 2374 144 2404 pus
158 2366 325 2395 contraxit.

124 2430 139 2445 α
163 2418 345 2457 Exposuisti
364 2419 457 2448 nobis
479 2418 602 2457 quod...
620 2434 661 2440 —
683 2418 753 2447 Dat.
774 2417 857 2456 apud
879 2417 1087 2447 Urbemvete-

83 2480 163 2507 rem,
178 2470 327 2501 kalendis
341 2472 480 2509 augusti,
497 2480 583 2501 anno
599 2475 722 2510 quarto.
741 2483 755 2497 »

153 2651 269 2680 5¹2ss?

119 2712 253 2740 Facultas
268 2713 434 2740 absolvendi
448 2722 464 2739 a
477 2714 651 2747 juramento.
669 2712 752 2745 (Res.
770 2712 813 2745 46,
830 2721 855 2740 c.
873 2713 934 2743 394,
951 2713 970 2739 f.
988 2713 1021 2739 78
1036 2714 1087 2745 νῦ.)

633 2651 765 2682 Orvieto,
783 2651 815 2677 30
829 2651 923 2685 juillet
942 2651 1016 2677 1291.

123 2836 146 2847 ..
170 2817 271 2846 abbati
293 2817 474 2845 monasterii
496 2815 601 2844 Sancti
626 2815 774 2844 Mansueti'
801 2815 959 2844 Tullensis.
986 2826 1000 2841 «
1025 2814 1089 2844 Sua

84 2867 177 2898 nobis
205 2867 338 2897 dilectus
364 2867 451 2896 filius
477 2866 614 2896 Jacobus
643 2866 681 2895 de
707 2865 922 2902 claromonte,
949 2866 1088 2895 decanus

84 2921 255 2957 Tullensis,
274 2920 425 2959 petitione
444 2919 632 2949 monstravit
648 2919 743 2956 quod,
761 2927 798 2948 eo
814 2918 935 2948 dudum
952 2918 1088 2947 Metensi

84 2974 239 3004 canonico
263 2974 431 3008 existente,
449 2971 602 3011 quasdam
626 2971 857 3010 possessiones,
879 2980 950 3001 cum
978 2979 1087 3000 earum

1165 364 1368 402 appenditiis,
1389 374 1450 403 que
1471 365 1614 395 bannum
1635 364 1674 394 de
1697 365 1817 394 Arneio
1840 364 2013 402 vulgariter
2034 375 2162 396 nuncu—

1166 422 1292 456 pantur,
1310 427 1327 447 a
1342 418 1478 457 capitulo
1495 418 1631 448 Metensi
1644 418 1683 448 ad
1699 426 1841 447 annuam
1856 418 2042 457 pensionem
2058 428 2165 458 perpe-

1167 474 1219 499 tuo
1239 471 1422 501 retinendas
1444 472 1538 502 certis
1560 471 1706 500 terminis
1726 471 1966 509 persolvendam
1985 472 2112 510 recepit,
2133 482 2165 502 se

1165 522 1204 551 ad
1226 523 1259 552 id
1282 523 1453 561 obligando
1471 524 1596 563 proprio
1615 524 1808 562 juramento.
1828 524 1946 553 Verum
1963 525 2164 562 postmodnm

1166 580 1327 613 promotus
1349 577 1387 606 ad
1410 577 1599 606 decanatum
1617 576 1778 606 Tullensis
1798 576 1944 612 ecclesie,
1963 577 1997 606 in
2018 586 2080 616 qua
2100 578 2166 616 ipse

1168 633 1291 658 tenetur
1312 630 1465 659 continuo
1488 630 1642 665 residere,
1663 634 1788 668 propter
1813 630 1999 668 hujusmodi
2022 630 2166 660 residen-

1167 681 1243 710 tiam
1260 685 1288 710 et
1306 681 1493 711 inimicitias
1508 683 1591 711 inter
1608 682 1862 719 consanguineos
1885 687 1915 712 et
1931 683 2049 712 amicos
2065 683 2166 721 ipsius

1167 734 1278 763 decani
1300 743 1335 763 ac
1354 736 1438 764 cives
1459 735 1616 764 Metenses
1640 740 1670 764 et
1691 745 1818 774 guerras
1837 735 1916 765 alias
1936 736 2054 774 absque
2075 735 2167 774 culpa

1167 786 1279 816 decani
1296 787 1439 825 ejusdem
1457 792 1589 822 exortas,
1610 791 1735 825 propter
1750 796 1828 825 quas
1844 788 1927 818 idem
1944 788 2083 818 decanus
2100 788 2167 827 plu-

1168 840 1230 869 ries
1244 840 1360 869 dicitur
1373 849 1440 869 esse
1453 845 1572 878 captus,
1588 840 1708 869 dictum
1725 841 1866 870 bannum
1884 850 1938 870 seu
1954 842 2168 879 possessiones

1170 897 1276 922 tenere
1295 902 1332 922 ac
1351 893 1493 922 excolere
1514 897 1594 922 etex
1614 893 1660 921 eis
1680 893 1800 922 fructus
1817 894 1975 931 percipere
1997 894 2118 932 nequit,
2139 899 2170 924 et

1168 946 1400 976 nichilominus
1412 946 1600 983 pensionem
1611 945 1713 983 ipsam
1724 945 1867 974 exolvere
1880 948 2012 983 cogitur,
2026 952 2168 984 pretextu

1168 999 1355 1038 hujusmodi
1374 999 1561 1037 juramenti,
1580 1003 1609 1027 et
1625 1007 1660 1027 ex
1682 998 1742 1028 hoc
1759 998 1853 1027 etiam
1872 999 2083 1037 possessiones
2101 999 2169 1038 ipse

1168 1051 1449 1090 dampnificantur,
1465 1051 1498 1080 in
1514 1051 1697 1081 eorumdem
1715 1050 1844 1089 capituli
1862 1055 1890 1080 et
1906 1051 2016 1081 decani
2031 1052 2170 1090 prejudi-

1169 1106 1254 1135 cium
1280 1106 1495 1135 manifestum.
1514 1105 1618 1140 Quare
1635 1105 1725 1134 nobis
1740 1104 1908 1134 humiliter
1928 1104 2116 1142 supplicavit
2135 1110 2170 1134 ut

1169 1159 1336 1197 providere
1361 1159 1421 1187 sibi
1449 1168 1542 1197 super
1569 1158 1627 1187 hoc
1651 1163 1779 1196 paterna
1804 1157 2020 1187 sollicitudine
2043 1166 2169 1187 curare-

1169 1222 1252 1242 mus.
1271 1213 1336 1242 Nos
1353 1212 1468 1250 igitur,
1487 1211 1769 1250 supplicationibus
1786 1210 1934 1240 inclinati
1951 1219 1986 1239 ac
2003 1211 2062 1239 sibi
2077 1219 2171 1248 super

1170 1267 1230 1296 hoc
1255 1266 1418 1304 providere
1444 1264 1599 1301 volentes,
1629 1264 1813 1293 discretioni
1841 1268 1893 1293 tue
1922 1272 1975 1302 per
2001 1263 2171 1301 apostolica

1170 1319 1287 1357 scripta
1310 1318 1501 1347 mandamus
1524 1322 1696 1356 quatenus,
1717 1317 1879 1355 premissis
1897 1317 1980 1346 veris
2004 1317 2171 1345 existenti-

1170 1373 1239 1408 bus,
1258 1372 1341 1410 quod
1362 1372 1448 1401 idem
1466 1372 1605 1401 decanus
1624 1370 1751 1400 easdem
1769 1370 1980 1408 possessiones
1995 1369 2099 1399 eidem
2119 1378 2169 1398 ca—

1171 1425 1269 1464 pitulo
1289 1424 1460 1460 dimittere,
1475 1433 1522 1460 ac,
1542 1424 1586 1453 eis
1609 1423 1761 1459 dimissis,
1781 1422 1865 1461 quod
1888 1423 2074 1460 pensionem
2093 1431 2171 1451 ean-

1171 1480 1242 1509 dem
1266 1480 1475 1517 imposterum
1503 1477 1625 1508 solvere
1653 1477 1788 1506 minime
1812 1480 1967 1511 teneatur,
1990 1476 2172 1513 juramento

1172 1542 1235 1563 uon
1251 1533 1396 1562 obstante
1410 1531 1538 1569 prefato,
1552 1531 1736 1560 auctoritate
1752 1535 1858 1559 nostra
1874 1529 1993 1558 decano
2004 1528 2172 1566 indulgeas

1172 1590 1356 1616 memorato.
1381 1585 1450 1613 Dat.
1476 1583 1560 1622 apud
1585 1583 1859 1617 Urbemveterem,
1883 1591 1916 1610 111
1936 1581 2090 1611 kalendas
2113 1590 2170 1609 au-

1171 1640 1266 1678 gusti,
1283 1647 1369 1668 anno
1384 1642 1506 1676 quarto.
1525 1649 1539 1663 n

1242 1791 1362 1820 5268

1206 1854 1324 1881 Collatio
1344 1853 1559 1879 beneficiorum.
1579 1851 1661 1881 (Rae.
1679 1850 1721 1880 46,
1739 1858 1764 1876 c.
1783 1849 1841 1879 395,
1861 1849 1878 1874 f.
1896 1849 1929 1875 78
1944 1850 1996 1880 νο.)

1722 1788 1852 1817 Urvieto,
1870 1786 1901 1812 v*23
1914 1786 2008 1820 juillet
2026 1785 2102 1812 1‘2911.

1213 1980 1233 1988 ..
1252 1957 1383 1994 episcopo
1400 1954 1608 1984 Colinibriensi
1625 1952 1766 1985 mandat,
1782 1951 1913 1980 obtentu
1931 1950 1980 1986 D„
1999 1949 2084 1986 regis
2100 1949 2172 1978 Por-

1173 2009 1320 2048 tugaHae,
1340 2014 1371 2038 ut
1388 2017 1460 2038 cum
1476 2006 1624 2036 Johaune
1642 2005 1783 2040 Martini,
1798 2003 1940 2042 ejusdem
1958 2003 2041 2039 regis
2059 2001 2172 2031 clerico

1171 2068 1201 2093 et
1217 2062 1408 2096 consiliario,
1426 2061 1479 2099 qui
1497 2059 1645 2088 ecclesias
1663 2057 1769 2087 Sancti
1787 2056 1962 2085 Clementis
1978 2055 2015 2084 de.
2032 2054 2129 2083 Loule
2145 2058 2175 2082 et

1171 2116 1279 2146 Sancti
1306 2113 1473 2143 Michaelis
1501 2112 1539 2141 de
1564 2113 1669 2147 Anco,
1695 2110 1852 2140 Silvensis
1877 2112 1906 2137 et
1930 2106 2174 2137 Colimbriensis

1171 2168 1373 2203 dioecesium,
1396 2174 1505 2195 curam
1527 2164 1711 2193 animarum
1734 2162 1897 2195 habentes,
1920 2160 2124 2190 canonicatus
2145 2163 2174 2188 et

1172 2221 1366 2262 praebendas
1392 2221 1424 2248 in
1448 2217 1674 2248 Colimbriensi
1701 2221 1730 2245 et
1759 2214 1944 2244 Lamecensi
1964 2212 2117 2248 ecclesiis.
2139 2212 2172 2240 iu

1171 2274 1302 2305 ecclesia
1315 2272 1525 2302 Ulixbonensi
1541 2269 1763 2300 canonicatum
1783 2268 1840 2297 sub
1858 2267 2072 2304 expectatione
2088 2273 2172 2303 prae-

1170 2327 1302 2362 bendae,
1321 2330 1349 2355 et
1371 2324 1526 2363 quaedam
1551 2321 1776 2361 praestimonia
1801 2320 1871 2349 sine
1895 2327 1969 2348 cura
1994 2318 2028 2346 in
2053 2316 2171 2347 Colim-

1170 2381 1300 2416 briensi‚
1320 2378 1514 2412 Lamecensi,
1539 2375 1749 2407 Ulixbonensi
1765 2379 1795 2403 et
1810 2373 1918 2403 Sancti
1936 2371 2061 2401 Juliani
2080 2370 2171 2400 Ulix-

1171 2434 1302 2464 bonensi
1319 2431 1461 2461 ecclesiis
1474 2439 1509 2460 ex
1527 2428 1761 2468 dispensatione
1774 2425 1944 2464 apostolica
1958 2425 2091 2458 obtinet,
2106 2422 2170 2451 dis-

1171 2491 1280 2526 penset
1311 2490 1359 2521 ut,
1388 2484 1487 2513 altera
1516 2482 1749 2521 praedictarum
1772 2478 1981 2509 ecclesiarum
2005 2476 2052 2505 vel
2075 2475 2170 2504 etiam

1171 2540 1293 2570 duabus
1311 2537 1464 2572 dimissis,
1487 2544 1587 2565 unum
1608 2533 1657 2564 vel
1672 2534 1735 2563 duo
1756 2531 1819 2561 alia
1837 2530 1991 2562 beneficia
2006 2528 2171 2559 ecclesias-

1172 2594 1243 2629 tica,
1261 2600 1370 2621 curam
1389 2589 1550 2625 habentia,
1569 2588 1664 2618 etiam
1681 2587 1707 2616 si
1723 2586 1821 2616 altera
1840 2583 1980 2621 dignitas
1997 2581 2045 2611 vel
2062 2588 2169 2619 perso-

1173 2651 1264 2676 natus
1281 2645 1400 2678 existat,
1424 2643 1491 2672 loco
1507 2641 1691 2671 earumdem
1709 2639 1848 2676 recipere
1865 2636 1972 2675 possit.

1213 2712 1226 2725 α
1246 2698 1370 2728 Exiniie
1388 2694 1565 2725 devotionis
1582 2693 1783 2723 sinceritas...
1799 2707 1836 2711 ——
1855 2690 1923 2718 Dat.
1936 2687 2018 2726 apud
2035 2686 2168 2716 Urbem-

1171 2757 1322 2785 veteiem,
1338 2760 1356 2778 x
1372 2747 1524 2778 kalendas
1539 2748 1678 2784 augusti,
1695 2753 1780 2774 anno
1796 2749 1918 2781 quarto.
1937 2754 1950 2766 υ

1241 2908 1357 2938 5769
1752 2902 1877 2930 Orvieto,
1895 2900 1928 2926 20
1942 2899 2005 2932 juin
2024 2896 2099 2923 129¹.

1206 2972 1309 2998 Contra
1326 2969 1457 2995 abbatem
1473 2972 1500 2994 et
1520 2966 1674 2993 monachos
1690 2962 1854 2990 monasterii
1872 2957 2078 2992 Fontissrigidi,
2096 2955 2173 2981 Nar-
