2393 3496
606 670 787 714 INCIPIT
817 670 1081 714 REGESTUM
1112 671 1437 715 LITTERARUM
1469 672 1614 715 CUI-tlh}

69 892 387 956 DOMINI
445 891 807 954 NICOLAI
865 890 1091 953 PAPE
1151 891 1285 953 IIII
1344 893 1456 953 DE
1512 891 1754 954 ANNO
1815 893 2155 967 QUINTO

130 1466 243 1495 6951
393 1464 754 1498 Sainte-Marie-MaJeure,
773 1465 810 1490 κ’*
823 1473 901 1492 mars
918 1465 995 1493 1292.

96 1523 169 1558 Regi
187 1522 325 1556 Angliae',
347 1520 396 1556 qui
416 1520 537 1555 petierat
560 1530 572 1543 α
591 1519 818 1546 submissionem
840 1521 869 1547 in
892 1521 988 1556 ipsum
1009 1521 1067 1548 fac-

61 1575 118 1600 tam
132 1580 148 1598 a
161 1570 333 1607 quibusdam
346 1569 395 1605 qui
410 1569 440 1596 in
451 1576 541 1603 regno
553 1567 649 1595 scotie
665 1576 696 1595 se
708 1568 861 1595 vendicant
872 1571 924 1603 jus
935 1570 1040 1596 habere
1052 1580 1064 1595 υ

62 1620 231 1655 confirmari,
245 1619 402 1655 respondet
418 1627 450 1646 se
466 1619 534 1645 huic
549 1618 679 1653 petitioni
701 1626 757 1644 non
771 1626 908 1645 annuere.
924 1618 1007 1652 (Res.
1022 1620 1065 1653 46,

61 1679 86 1698 c.
100 1671 112 1697 1
126 1692 131 1701 .
147 1669 167 1696 f.
183 1669 234 1697 199
249 1674 288 1702 r0;
306 1668 424 1699 Porru..
441 1666 552 1699 23934.)

98 1746 252 1783 Nicotaus,
278 1746 432 1783 episcopus
455 1752 560 1773 servus
583 1752 739 1773 servorum
764 1744 826 1780 Dei,
849 1745 1008 1774 carissimo
1033 1747 1065 1775 in

63 1800 176 1832 Christo
193 1798 256 1837 filio
272 1798 425 1835 Eduardo,
442 1798 508 1836 reyt
522 1797 629 1835 Avnylte
645 1798 773 1834 illustri,
789 1798 917 1827 salntem
936 1804 962 1828 et
978 1808 1064 1837 apos-

62 1853 179 1884 colicam
194 1852 441 1882 benedictionem.
465 1862 479 1877 «
497 1849 609 1881 Oblata
626 1858 728 1888 nuper
748 1850 842 1880 nobis
859 1859 915 1889 per
933 1851 1064 1882 dilectos

60 1905 141 1937 filios
155 1904 280 1936 nobiles
295 1904 381 1934 viros
394 1903 579 1934 ,Iohannem
595 1903 633 1933 de
650 1903 765 1934 Sancto
781 1903 799 1933 J
802 1903 931 1934 ohanne
945 1913 982 1934 ae
997 1905 1063 1935 Ro-

59 1968 169 1999 gerum
181 1958 304 1988 dictum
319 1958 504 1995 Lestrange,
517 1957 649 1987 nuntios
664 1957 778 1994 regios,
796 1961 848 1986 tua
860 1957 971 1996 petitio
987 1967 1063 1988 con-

61 2012 178 2043 tinebat
198 2010 284 2051 quod
308 2010 572 2048 submissionem,
599 2013 632 2039 ut
653 2009 781 2045 dicitur,
807 2010 843 2039 in
863 2014 892 2040 te
915 2010 1029 2041 factam
1047 2021 1064 2041 a

57 2065 248 2106 quibusdam
265 2065 322 2104 qui
336 2064 370 2094 in
393 2072 493 2102 regno
515 2063 619 2094 Scotie
640 2073 673 2094 se
690 2063 862 2094 vendicant
874 2065 929 2103 jus
945 2065 1064 2096 habere

58 2119 244 2150 confirmare
264 2117 454 2149 auctoritate
470 2116 642 2156 apostolica
660 2116 882 2155 dignaremur.
901 2117 1000 2155 Sane,
1017 2118 1062 2148 fili

57 2172 230 2210 carissime,
261 2175 563 2211 quantumcumque
596 2170 831 2200 satisfaciamus
861 2170 998 2202 libenter
1027 2172 1062 2201 in

58 2225 170 2266 quibus
185 2233 258 2256 oum
275 2225 343 2255 Deo
358 2232 529 2263 possumus
545 2227 576 2253 et
592 2223 649 2253 tibi
673 2223 822 2262 expedire
837 2224 1061 2262 cognoscimus
1112 2253 1114 2255 ,

56 2279 134 2310 votis
153 2279 233 2315 tuis,
250 2277 451 2308 attendentes
471 2280 578 2307 tamen
593 2276 781 2315 hujusmodi
796 2276 987 2307 arduitatem
1003 2286 1060 2307 ne-

56 2333 132 2372 gotii
147 2336 177 2364 et
191 2331 275 2372 quod
290 2331 455 2370 negotium
466 2331 574 2369 ipsum
590 2329 708 2360 multas
722 2329 881 2368 contingit
893 2329 1060 2360 ecclesias·
1103 2353 1104 2359 ,

56 2385 130 2416 ticas
149 2389 180 2416 et
199 2384 357 2415 seculares
379 2387 445 2414 tam
465 2383 499 2413 in
524 2382 732 2421 generalitate
758 2391 855 2421 quam
871 2383 1060 2422 spetialitate

56 2446 218 2478 personas,
239 2446 274 2468 ac
292 2437 477 2467 dubitantes
492 2435 577 2475 quod
592 2444 648 2474 per
662 2435 742 2471 hoc,
761 2435 787 2465 si
803 2435 850 2465 sio
869 2444 887 2465 a
902 2436 995 2465 nobis
1010 2436 1059 2465 in-

55 2490 194 2522 consulte
217 2489 410 2530 procederet,
436 2488 537 2528 possit
562 2488 620 2518 tibi
647 2492 677 2517 et
704 2488 750 2517 eis
779 2496 897 2526 mag-na
918 2489 1061 2519 scandali

54 2544 219 2584 provenire
241 2543 386 2580 materia,
410 2542 557 2573 nolentes
581 2550 708 2580 quoque
733 2541 919 2580 aliquorum
941 2543 1006 2581 juri
1032 2547 1062 2573 et

13 2631 17 2634 ,
55 2596 224 2636 spetialiter
235 2596 301 2635 juri
316 2595 401 2635 quod
419 2595 453 2625 in
471 2603 570 2633 regno
585 2594 654 2634 ipso
671 2602 804 2624 romana
817 2594 913 2624 habet
928 2594 1060 2626 ecclesia

55 2648 217 2688 derogari,
236 2657 330 2688 super
345 2648 409 2678 hiis
425 2657 498 2678 cum
519 2647 672 2677 fratribus
695 2648 811 2677 nostris
827 2647 1060 2679 deliberatione

56 2703 216 2742 prehabita
243 2701 408 2740 diligenti,
439 2700 584 2740 petitioni
610 2700 698 2738 regie
728 2701 764 2729 in
789 2701 849 2731 hac
876 2706 963 2740 parte
994 2710 1059 2732 non

55 2755 203 2787 duximus
214 2754 436 2786 annuendum.
451 2754 523 2784 Dat.
540 2754 652 2790 Rome,
665 2753 749 2792 apud
761 2753 909 2784 Sanctam
924 2755 1058 2785 Mariam

55 2808 218 2848 Maiorem,
235 2807 381 2839 kalendis
396 2807 515 2844 martii,
537 2814 623 2836 anno
641 2805 763 2845 quinto.
784 2819 796 2832 n

381 2950 744 2985 Sainte-Marie-Majeure,
767 2952 800 2977 le·
814 2960 890 2978 mers
908 2953 985 2980 1292.

121 2953 236 2982 695²

87 3008 161 3044 Regi
175 3008 296 3043 Angliae
317 3007 461 3043 siguificat
484 3015 516 3034 se
536 3006 606 3033 nihil
623 3005 657 3033 de
673 3006 759 3034 modo
780 3007 931 3035 solutionis
951 3017 1056 3036 census

190 3070 264 3098 Rae.
284 3070 408 3098 meotis
426 3068 480 3098 IV.

1149 1466 1236 1493 annui
1259 1466 1335 1492 mille
1356 1467 1536 1492 marcharum
1557 1467 1695 1493 ecclesiae
1714 1475 1844 1493 romanae
1865 1477 1879 1493 a
1898 1477 1964 1503 rege
1986 1469 2072 1497 debiti
2093 1480 2157 1498 inu-

1149 1518 1217 1541 tare.
1237 1514 1320 1547 (Rae.
1340 1515 1382 1547 46,
1398 1524 1423 1541 e.
1442 1515 1466 1547 2,
1483 1515 1502 1541 f.
1522 1515 1569 1542 199
1586 1522 1628 1544 r⁰;
1649 1515 1763 1548 porra,
1781 1516 1890 1549 ζ33935)

1187 1611 1308 1646 Eidem,
1331 1611 1386 1649 qui
1403 1620 1458 1649 per
1482 1620 1555 1641 suos
1579 1612 1709 1641 nuntios
1732 1613 1863 1650 petierat
1888 1614 1947 1642 sibi
1970 1616 2099 1644 concedi
2126 1622 2158 1645 ut

1147 1672 1261 1694 census
1295 1672 1423 1694 annuus
1459 1663 1548 1694 mille
1577 1665 1782 1695 marcharum
1811 1666 2038 1705 sterlingorum
2061 1677 2157 1707 quem

1147 1716 1269 1746 ratione
1293 1716 1387 1754 regni
1414 1716 1553 1755 Angliae
1577 1726 1612 1747 ac
1639 1718 1800 1748 Yberniae
1827 1728 1926 1758 papae
1952 1725 1982 1750 et
2004 1720 2157 1751 ecclesiae

1146 1778 1298 1800 romanae
1323 1770 1415 1800 debet
1436 1782 1449 1798 α
1470 1770 1507 1800 iu
1529 1770 1692 1810 aliquibus
1714 1772 1815 1811 ipsius
1836 1774 1928 1811 regui
1953 1774 2095 1804 ecclesiis
2119 1775 2157 1804 de

1147 1827 1250 1854 cetero
1264 1823 1463 1862 persolvatur
1477 1836 1505 1861 n,
1519 1825 1689 1863 respondet
1701 1834 1746 1862 se,
1758 1825 1908 1856 adinstar
1919 1827 2044 1857 Nicolai
2059 1837 2157 1867 papae

1146 1877 1243 1913 tertii,
1262 1876 1315 1906 cui
1338 1877 1454 1906 similis
1472 1878 1581 1916 petitio
1598 1882 1797 1916 praesentata
1817 1879 1893 1916 suit,
1917 1880 1998 1909 nihil
2016 1886 2156 1911 mutatu-

1146 1938 1218 1959 rum
1234 1930 1272 1960 de
1291 1930 1336 1960 eis
1349 1939 1431 1969 quae
1447 1939 1542 1969 super
1556 1931 1666 1961 eodem
1681 1941 1777 1962 censu
1792 1938 1916 1962 servata
1928 1933 2051 1963 diutins
2068 1939 2154 1964 sunt.

1188 1995 1201 2009 ιι
1223 1984 1309 2013 Inter
1329 1983 1391 2012 alia
1410 1992 1549 2022 nuper...
1567 2002 1605 2006 —-
1622 1985 1693 2015 Dat.
1713 1990 1869 2024 utsupra.
1892 1999 1904 2012 ι)

1216 2155 1333 2184 6953

1180 2215 1221 2242 De
1238 2216 1338 2243 eodem
1356 2217 1479 2251 negotio.
1500 2216 1582 2249 (Rae.
1602 2217 1643 2247 46,
1661 2225 1685 2243 c.
1705 2218 1730 2248 3,
1751 2218 1769 2244 f.
1792 2217 1839 2245 199
1857 2219 1907 2253 ΓΟ.)

1469 2154 1834 2189 Sainte-Mui·ie-Majeure,
1858 2156 1893 2181 1ΒΓ
1912 2165 1986 2182 mars
2006 2157 2082 2183 1292.

1183 2313 1291 2342 Dilecto
1310 2313 1374 2349 filit)
1395 2314 1539 2350 mayz'stro
1565 2314 1692 2349 &isfrido
1709 2314 1742 2341 cle
1767 2314 1896 2350 Vezano,
1914 2324 2030 2344 camere
2055 2321 2155 2344 nostre

1143 2366 1249 2394 clerico
1265 2375 1299 2395 ac
1316 2367 1426 2394 nuntio
1443 2367 1599 2403 apostolice
1616 2366 1693 2395 settis
1707 2368 1740 2395 in
1757 2367 1879 2404 Anqlz‘a,
1893 2370 2037 2397 canonico
2053 2370 2152 2398 Came-

1142 2419 1271 2447 racensi.
1296 2418 1332 2447 Ei
1358 2417 1490 2447 mandat
1515 2423 1551 2448 ut
1573 2419 1749 2457 praedictas
1769 2419 1891 2449 litteras
1916 2420 2064 2451 Eduardo
2087 2423 2153 2459 regi

1144 2470 1283 2508 Angliae
1299 2475 1487 2509 praesentet.

1185 2535 1197 2550 ιι
1218 2524 1268 2553 Ad
1284 2533 1319 2553 ea
1336 2533 1435 2563 que...
1454 2542 1494 2547 —
1511 2526 1581 2555 Dat.
1602 2531 1636 2555 ut
1652 2536 1761 2565 supra.
1783 2540 1796 2552 n

1211 2696 1329 2726 695⁴

1174 2758 1338 2784 Januenses
1359 2761 1439 2792 rogat
1460 2766 1493 2784 ue
1516 2759 1571 2785 uilo
1593 2759 1676 2786 modo
1699 2768 1764 2786 eum
1785 2760 1909 2795 Jacobo,
1932 2761 1989 2787 fillo
2006 2761 2148 2795 quondam

1140 2806 1217 2841 regis
1232 2806 1411 2841 Aragonum,
1426 2806 1469 2832 vel
1481 2806 1670 2841 complicibus
1687 2809 1751 2842 ejus
1767 2809 1990 2835 communicent.
2005 2809 2088 2842 (Rea.
2106 2809 2149 2842 46,

1139 2863 1164 2882 c.
1182 2855 1208 2886 4,
1226 2855 1245 2881 f.
1266 2855 1314 2882 190
1330 2855 1378 2887 ro.)

1451 2696 1547 2723 sainte
1568 2697 1810 2732 Mario-Majoure,
1828 2700 1862 2726 29
1880 2699 1983 2725 sevrier
2000 2700 2076 2726 1292.

1179 2951 1298 2980 Dilectis
1315 2951 1392 2987 filiis
1414 2971 1434 2979 ..
1455 2952 1611 2988 potestati,
1632 2972 1653 2981 ..
1676 2953 1848 2990 capitaneo,
1873 2955 1999 2983 consilio
2021 2959 2046 2984 et
2068 2963 2149 2984 com-

1137 3005 1226 3034 muni
1254 3004 1468 3034 Januensibus.
1502 3004 1564 3034 Eos
1588 3008 1678 3043 rogat
1704 3013 1744 3035 ne
1772 3005 1811 3035 ad
1836 3005 2007 3044 Jacobum,
2042 3006 2147 3036 filium

1959 3072 2008 3099 118
