2393 3496
853 346 1064 378 REGISTRE
1087 333 1302 374 CAMEERAL.
2075 339 2129 368 987

43 429 88 460 dis
100 425 173 466 julii
182 423 279 454 futuri
291 420 433 459 proximo
444 419 675 454 inchoandum,
684 425 739 456 pro
751 417 851 456 pretio
860 420 938 444 11111ιῃ
947 413 1040 442 libra-

43 489 111 512 rum
125 479 335 508 ravennatum
353 473 447 503 anuis
464 471 602 510 singulis
617 470 749 510 predicti
766 468 918 507 temporis
934 472 1041 498 nostre

43 540 162 566 camere
179 526 402 568 persolvendo,
419 535 492 555 cum
512 525 705 564 quibusdam
721 523 792 553 aliis
808 523 906 561 pactis
925 525 954 551 et
970 529 1041 550 con-

45 584 212 618 ditionibus
228 581 346 611 habitis
362 589 434 610 cum
453 578 567 609 dilecto
583 578 650 608 filio
669 578 724 614 N.,
740 575 914 606 camerario
937 577 968 604 et
990 583 1043 603 no-

45 639 119 672 tario
134 640 250 667 nostro.
269 646 282 661 11

83 704 96 719 α
114 689 282 721 Devotio...
299 703 338 710 ·-
356 687 426 716 Dat.
444 685 527 724 apud
544 684 820 720 Urbemveterem‚
835 682 929 712 nonis
942 681 1043 720 junii,

45 752 126 777 anno
141 742 240 773 tertio.
263 753 275 768 ιι

112 887 229 918 '2252
621 882 748 913 Orvieto,
769 882 798 908 17
813 881 876 915 juin
896 878 972 906 1290.

77 946 305 976 viterbiensibus
319 945 433 972 mandat
454 953 488 970 ne
509 943 691 970 senatoribus
706 946 735 968 et
755 942 818 967 aliis
835 940 922 967 Urbis
939 939 1046 965 officia-

45 999 116 1028 libus
128 996 269 1024 obediant.
288 994 359 1027 (Fol.
376 994 409 1021 43
425 995 473 1026 r0.)

83 1087 197 1117 Dileclis
215 1085 290 1122 filiis
306 1106 327 1113 ..
347 1084 500 1121 potestati,
523 1082 648 1111 consitio
664 1086 689 1109 et
706 1080 862 1109 communi
884 1079 1046 1107 Viterbien-

45 1141 133 1172 sibus.
151 1150 164 1165 α
185 1139 230 1167 Ex
247 1137 407 1175 frequenti
423 1135 553 1174 querela
568 1135 607 1164 ad
624 1143 681 1164 nos
697 1133 859 1163 deserente
876 1131 1047 1161 didicimus

0 1186 2 1202 ³
47 1192 126 1234 quod
144 1195 305 1222 senatores
321 1195 350 1220 et
366 1190 420 1219 alii
438 1188 591 1219 officiales
611 1188 666 1226 qui
687 1195 741 1225 pro
761 1191 900 1224 tempore
918 1188 1049 1223 presunt

0 1233 2 1254 Ξ
46 1246 134 1282 Urbi,
151 1246 185 1275 in
197 1244 326 1274 civitate
339 1248 442 1273 vestra
455 1242 714 1281 jurisdictionem
732 1239 792 1270 sibi
809 1239 978 1268 vendicare
994 1245 1048 1276 pro

46 1298 164 1332 viribus
181 1301 378 1335 satagentes,
396 1297 472 1326 dant
490 1295 579 1325 vobis
593 1295 776 1333 frequenter
797 1301 851 1331 per
867 1300 977 1322 001010
995 1291 1047 1319 lit-

0 1364 1 1372 *
48 1356 126 1384 teras
141 1355 170 1381 et
185 1350 316 1380 nuntios
334 1350 367 1379 10
387 1348 546 1379 mandatis
561 1352 595 1377 ut
610 1346 818 1385 compare-atis
835 1355 889 1384 per
908 1349 1048 1373 vestrum

47 1405 223 1444 legitimum
240 1404 411 1442 syndicum
429 1411 535 1432 coram
553 1401 610 1437 eis,
626 1400 683 1438 qui
699 1408 753 1438 pro
766 1399 855 1429 vobis
871 1403 901 1428 et
919 1398 1050 1428 nomine

20 1472 22 1475 v
49 1463 146 1491 vestro
162 1462 277 1497 prestet
292 1455 496 1495 corporaliter
512 1455 733 1493 juramentum
759 1456 789 1481 et
813 1451 975 1490 promittat
995 1460 1049 1479 ex-

49 1520 149 1553 presse
168 1510 253 1549 quod
271 1518 325 1539 vos
344 1510 467 1546 integre
483 1508 634 1547 parebitis
656 1505 815 1536 mandatis
830 1505 972 1543 ipsorum
989 1528 994 1538 ,
1015 1513 1049 1533 ac

49 1573 155 1596 eorum
167 1566 282 1593 statuta
294 1567 324 1592 et
339 1562 562 1592 ordinamenta
575 1560 655 1590 sacta
668 1564 697 1588 et
711 1559 855 1588 facienda
871 1557 1047 1592 servabitis,

49 1617 190 1658 quodque
210 1616 245 1645 in
269 1624 395 1645 camera
422 1614 566 1653 ejusdem
593 1613 683 1643 urbis
707 1611 836 1641 satisdet
864 1611 988 1650 ydonee
1012 1611 1049 1640 de

49 1669 197 1710 preceptis
224 1672 406 1699 senatorum
432 1672 463 1697 et
487 1666 674 1697 officialium
696 1665 881 1695 eorumdem
908 1665 1051 1703 plenarie

49 1723 257 1763 adimplendis
284 1731 409 1752 necnon
437 1726 466 1751 et
491 1719 836 1759 condempnationibus
861 1722 969 1748 contra
997 1727 1052 1763 vos

0 1779 1 1782 ’
50 1787 102 1818 per
120 1785 170 1807 eos
191 1776 346 1806 hactenus
361 1774 574 1814 vpromulgatis
595 1778 624 1804 et
642 1774 675 1803 in
696 1773 812 1811 quibus
834 1773 868 1801 in
888 1777 1051 1810 posterum

50 1839 102 1862 vos
116 1830 284 1868 contigerit
299 1829 528 1867 condempnari
547 1827 650 1858 eidem
671 1820 1030 1865 eamere‘persolvendis
1042 1849 1051 1862 ‚

51 1892 86 1915 ac
99 1883 254 1914 nonnulla
269 1882 332 1912 alia
353 1886 462 1912 contra
480 1890 535 1911 vos
559 1884 588 1911 et
607 1880 723 1910 dictam
745 1880 905 1909 civitatem
921 1880 1053 1909 commi-

52 1939 164 1967 nantur
176 1939 206 1966 et
223 1936 390 1972 mandant,
403 1944 464 1974 que
478 1935 510 1964 in
527 1943 622 1972 grave
638 1933 853 1972 prejudicium
866 1937 1010 1962 nostrum
1023 1937 1054 1962 et

51 1989 215 2029 apostolice
231 1989 314 2019 sedis
333 1988 513 2018 redundare
532 1991 719 2017 noscuntur.
738 1986 805 2016 Nos
821 1986 931 2024 igitur,
951 1990 1052 2015 atten-

52 2043 156 2074 dentes
171 2043 253 2082 quod
269 2042 381 2072 civitas
399 2041 580 2079 supradicta
598 2040 636 2069 ad
654 2049 710 2070 1105
724 2045 754 2069 et
769 2048 935 2070 romanam
953 2039 1054 2069 eccle-

52 2095 128 2127 siam
151 2097 288 2135 pertinet
309 2095 404 2134 pleno
423 2096 511 2134 jure,
537 2103 572 2123 ac
599 2098 723 2132 propter
742 2093 803 2123 boc
823 2093 967 2123 nolentes
981 2094 1055 2131 jura

52 2150 189 2190 ejusdem
214 2149 345 2179 ecclesie
370 2149 404 2178 in
428 2149 495 2187 ipsa
520 2147 661 2176 diminui
685 2150 740 2176 aut
764 2146 859 2175 etiam
885 2147 1052 2184 occupari,

52 2203 246 2234 universitati
262 2207 376 2238 vestre,
395 2202 454 2231 sub
470 2201 574 2230 debito
591 2199 752 2230 fidelitatis
769 2207 831 2238 quo
849 2199 940 2228 nobis
957 2204 987 2228 et
1004 2208 1054 2229 ec-

53 2255 144 2286 010510
155 2256 293 2295 predicte
303 2254 470 2290 tenemini,
487 2254 629 2283 districte
646 2252 841 2291 precipimus
852 2252 1005 2290 quatinus
1020 2252 1053 2280 in

53 2309 210 2348 premissis
226 2311 256 2338 et
273 2308 344 2337 aliis
365 2316 427 2346 que
451 2306 539 2336 vobis
558 2305 705 2335 mandari
724 2305 892 2343 contigerit
915 2305 948 2333 in
970 2305 1055 2334 futu-

53 2370 122 2392 rum
138 2370 200 2391 non
216 2360 370 2391 obediatis
386 2360 587 2390 senatoribus
608 2364 638 2389 et
652 2358 843 2388 officialibus
859 2359 1055 2388 memoratis.

55 2414 122 2445 Dat.
141 2416 223 2454 apud
240 2415 516 2450 Urbemveterem,
528 2422 569 2442 xv
585 2411 738 2442 kalendas
750 2411 837 2451 julii,
853 2412 1057 2450 pontificatus

55 2468 150 2498 nostri
166 2476 251 2498 anno
269 2467 372 2497 tertio.
393 2479 406 2494 a>

125 2614 240 2643 '2253

91 2674 241 2702 Rectorem
267 2675 454 2702 Romaniolae
481 2677 561 2709 rogat
586 2682 621 2700 ne
651 2674 771 2700 moleste
795 2674 866 2700 ferat
893 2674 1057 2708 passagium

58 2724 124 2752 salis
145 2723 260 2751 Cei-viae
285 2723 492 2750 mercatoribus
514 2723 742 2750 Pistoriensibus
762 2731 933 2749 concessum
958 2723 1059 2750 fuisse.

59 2771 125 2808 (roi.
143 2773 176 2801 43
193 2775 239 2806 ιω.)

631 2611 757 2642 Orvieto,
776 2612 812 2637 fin
826 2611 890 2645 juin
911 2611 987 2637 1290.

96 2862 203 2892 Dilecto
217 2862 282 2899 filio
303 2862 400 2891 nobili
421 2863 489 2891 viro
508 2862 659 2898 Stephano
685 2861 717 2889 de
744 2861 927 2898 Colmnpna,
953 2862 1063 2889 rectori

55 2916 208 2954 provincie
223 2915 407 2944 Romaniote.

98 2979 111 2995 «
137 2967 293 2997 Consuete
318 2965 525 3004 benignitatis
552 2965 705 2996 affectu...
732 2983 770 2987 —
795 2966 866 2996 Dat.
890 2966 973 3005 apud
999 2966 1063 2996 Ur-

60 3019 282 3057 bemveteiem,
300 3018 361 3058 [...]
379 3018 533 3049 kalendas
546 3018 631 3057 julii,
645 3027 732 3048 anno
753 3019 853 3049 tertio.
872 3031 884 3045 ι

1197 411 1313 438 ’ἳ254

1160 473 1314 499 Absolutio
1330 471 1451 498 Conradi
1468 471 1502 497 de
1519 470 1700 498 Montefiltro.
1721 469 1790 501 (Fol.
1808 469 1839 495 43
1856 470 1907 500 νο.)

1678 407 1805 439 Orvieto,
1826 407 1859 432 1²¹
1871 405 1966 440 juillet
1984 405 2060 431 1290.

1166 569 1276 597 Dilecto
1291 569 1355 605 filio
1381 567 1477 596 nobili
1498 567 1566 595 viro
1588 565 1737 602 Stephano
1759 565 1793 593 de
1817 562 1984 600 Columpna
1999 586 2005 599 ,
2023 563 2135 591 rectori

1124 623 1279 659 provincie
1306 621 1490 650 Romaniole.
1522 631 1535 646 11
1561 619 1671 657 Nuper
1693 617 1859 648 Conradns
1882 617 1920 646 de
1942 615 2135 646 Montefiltro

1126 675 1165 704 ad
1187 674 1392 712 apostolicam
1415 673 1523 702 sedem
1548 672 1579 701 in
1609 671 1722 710 spiritu
1744 670 1937 700 humilitatis
1960 669 2132 704 accedens,

1127 737 1221 766 super
1246 726 1424 757 commissis
1451 735 1505 763 per
1529 734 1601 754 0001
1625 725 1804 754 excessibus
1833 726 1941 753 contra
1968 731 2135 753 romanam

1128 780 1292 811 ecclesiam
1313 781 1347 808 in
1371 779 1498 809 civitate
1523 778 1638 808 Urbini
1664 782 1805 807 nostram
1831 781 1861 806 et
1886 776 2030 814 ejusdem
2053 775 2137 805 sedis

1128 833 1381 863 misericordiam
1410 833 1520 861 devota
1548 831 1702 860 instantia
1729 830 1914 868 suppliciter
1941 829 2134 867 imploravit.

1129 888 1195 917 Nos
1223 890 1329 916 antem
1356 886 1425 924 ejus
1453 885 1527 914 licet
1556 884 1699 913 inmeriti
1728 884 1809 912 vices
1837 887 1982 920 gerentes
2012 883 2044 911 in
2076 887 2136 911 ter-

1128 940 1173 968 ris
1198 939 1289 977 cujus
1316 938 1535 967 miserationes
1561 940 1636 965 sunt
1664 944 1759 974 super
1785 935 1894 964 omnia
1919 944 2013 972 opera
2042 935 2111 971 ejus
2129 957 2137 969 ,

1129 992 1269 1029 benigna
1296 990 1504 1020 meditatione
1530 993 1699 1028 pensantes
1724 988 1799 1016 fidei
1825 987 1996 1026 puritatem
2025 993 2054 1016 et
2081 987 2138 1016 de-

1130 1044 1267 1074 votionis
1299 1043 1512 1073 constantiam
1542 1051 1637 1081 quam
1671 1041 1833 1079 quondam
1867 1040 1968 1079 ipsius
2001 1040 2140 1069 Conradi

1129 1099 1254 1135 genitor
1278 1096 1318 1126 ad
1344 1096 1478 1126 eandem
1505 1095 1669 1125 ecclesiam
1696 1094 1807 1123 babuit
1829 1098 1859 1123 et
1882 1103 1936 1132 per
1959 1102 2053 1131 opera
2075 1092 2138 1122 lau-

1130 1149 1249 1180 dabilia
1278 1149 1354 1178 dum
1386 1148 1465 1177 vixit
1491 1148 1682 1178 continuare
1708 1147 1849 1183 curavit,
1878 1146 2028 1184 quodque
2054 1146 2140 1175 idem

1131 1204 1312 1238 ConraduS,
1339 1207 1371 1232 ut
1395 1202 1528 1238 asserit,
1554 1211 1572 1230 a
1592 1200 1799 1240 beneplacitis
1821 1205 1850 1230 et
1870 1199 2030 1229 mandatis
2054 1200 2139 1238 ejus-

1131 1257 1203 1287 dem
1232 1256 1363 1286 ecclesie
1391 1255 1518 1285 deviare
1544 1254 1670 1283 firmato
1699 1253 1858 1292 proposito
1890 1253 1964 1282 ullis
1997 1262 2140 1291 unquam

1133 1311 1327 1349 temporibus
1344 1319 1407 1339 non
1426 1308 1575 1345 intendit,
1593 1313 1622 1337 et
1643 1312 1767 1346 propter
1782 1307 1841 1336 1100
1861 1306 2063 1336 intendentes
2080 1306 2142 1335 mi-

1132 1364 1333 1394 sericorditer
1349 1373 1442 1400 agere
1458 1372 1531 1392 00111
1549 1362 1671 1397 eodem,
1690 1370 1730 1390 ne
1743 1369 1798 1399 pro
1815 1359 2023 1390 correctionis
2039 1362 2143 1388 auste-

1133 1420 1223 1448 ritate
1248 1419 1287 1447 ab
1313 1418 1457 1454 eiusdem
1486 1416 1617 1446 ecclesie
1642 1414 1890 1444 mansuetudine
1915 1423 1948 1443 se
1971 1413 2141 1450 subducam

1133 1472 1293 1502 nobilitati
1311 1475 1362 1501 tue
1380 1480 1434 1509 per
1456 1469 1626 1508 apostolica
1644 1468 1760 1506 scripta
1778 1467 1984 1506 precipiendo
2004 1466 2141 1496 manda-

1133 1535 1204 1556 mus
1231 1525 1392 1564 quatinus,
1420 1524 1556 1562 ydoneis
1580 1522 1782 1552 cautionibus
1803 1521 1842 1550 ab
1861 1520 1970 1550 eodem
1997 1519 2144 1549 Conrado

1133 1579 1266 1617 receptis
1287 1577 1370 1616 quod
1392 1577 1458 1615 ipse
1481 1575 1569 1605 mille
1594 1575 1731 1604 florenos
1754 1574 1836 1608 auri,
1861 1582 1998 1612 quorum
2022 1577 2143 1610 partem

1135 1634 1258 1662 tertiam
1286 1632 1320 1660 in
1352 1631 1429 1660 sesto
1457 1627 1697 1667 Assumptionis
1720 1627 1808 1656 beate
1834 1626 1935 1656 Marie
1963 1626 2143 1664 proximum

1135 1695 1221 1716 nuuc
1242 1689 1383 1718 venturo,
1402 1683 1497 1712 aliam
1515 1683 1547 1712 in
1565 1681 1644 1710 festo
1660 1680 1807 1710 omnium
1826 1683 2010 1709 sauctorum
2027 1678 2143 1707 imme-

1134 1740 1242 1769 diante
1260 1739 1365 1768 tuturo
1386 1746 1421 1766 ac
1443 1736 1602 1774 reliquam
1624 1734 1657 1763 in
1685 1734 1762 1762 festo
1784 1732 1967 1762 Nativitatis
1986 1731 2146 1761 dominice

1135 1801 1170 1822 ex
1202 1800 1276 1822 tunc
1305 1790 1486 1829 proximum
1516 1788 1747 1826 subsequente,
1778 1794 1850 1815 cnm
1881 1785 1993 1814 effectu
2021 1793 2146 1813 camere

1136 1851 1242 1877 nostre
1259 1843 1425 1883 persolvet,
1445 1842 1551 1880 ipsum
1567 1841 1607 1870 ab
1624 1840 1775 1870 omnibus
1793 1843 1823 1869 et
1838 1838 1975 1876 siugulis
1992 1838 2145 1876 processi-

1135 1901 1205 1935 bus,
1220 1898 1336 1928 bannis
1352 1900 1382 1926 et
1397 1893 1742 1933 condempnationibus
1757 1892 1848 1921 factis
1861 1896 1891 1921 et
1902 1891 2020 1921 habitis
2036 1895 2146 1920 contra

1136 1957 1208 1983 0001
1238 1951 1401 1982 occasione
1429 1957 1617 1978 excessuum
1649 1947 1894 1976 commissorum
1924 1954 1978 1982 per
2010 1953 2083 1973 eum
2113 1944 2146 1972 in

1136 2007 1262 2036 civitate
1282 2004 1401 2043 prelata
1424 2011 1552 2040 prorsus
1570 2000 1729 2032 absolvas.
1749 1999 1853 2037 ipsum
1875 2007 2002 2036 quoque
2023 1997 2148 2035 publice

1138 2057 1281 2089 nuntiari
1305 2057 1400 2086 facias
1426 2054 1625 2090 absolutum,
1646 2053 1674 2081 ei
1695 2051 1846 2081 omnibus
1870 2051 1980 2080 castris
2003 2053 2031 2079 et
2058 2049 2148 2078 terris

1137 2113 1204 2142 snis
1231 2121 1286 2150 per
1314 2115 1341 2139 te
1367 2109 1533 2146 hucusque
1560 2105 1697 2135 detentis
1720 2104 1951 2134 nichilominus
1978 2102 2143 2139 restitutis,

1137 2167 1307 2204 ipsumque
1333 2163 1370 2192 de
1391 2166 1494 2191 cetero
1519 2159 1736 2189 favorabiliter
1760 2166 1955 2195 prosequens
1980 2160 2092 2185 tractes
2119 2159 2148 2185 et

1137 2220 1176 2249 ab
1192 2218 1263 2247 aliis
1288 2215 1413 2246 tractari
1435 2215 1530 2243 facias
1546 2213 1626 2242 sicut
1642 2211 1770 2241 fidelem
1792 2215 1821 2240 et
1843 2210 1993 2239 devotum
2016 2208 2148 2239 ecclesie

1139 2271 1339 2310 supradicte,
1360 2278 1394 2297 ac
1418 2277 1491 2297 01101
1516 2267 1548 2296 111
1575 2266 1665 2295 101115
1691 2270 1721 2294 et
1743 2264 1819 2294 locis
1842 2263 2006 2302 provincie
2031 2262 2148 2292 Roma-

1140 2325 1225 2355 niole
1247 2323 1410 2362 permittas
1430 2321 1530 2350 libere
1550 2318 1751 2348 commorari.
1780 2317 1849 2345 Dat.
1867 2316 1951 2354 apud
1970 2315 2149 2345 Urbemve-

1141 2385 1254 2414 terem,
1275 2375 1418 2406 kalendis
1432 2374 1524 2414 julii,
1543 2372 1744 2412 pontificatus
1767 2379 1852 2400 anno
1873 2369 1974 2399 tertio.
1993 2380 2006 2395 11

1213 2542 1332 2571 ‘2255
1716 2535 1844 2566 Orvieto,
1861 2535 1877 2561 5
1888 2534 1983 2568 juillet
1999 2533 2078 2560 1290.

1178 2606 1219 2631 De
1240 2601 1470 2631 transfretatione
1493 2600 1527 2626 ad
1542 2599 1659 2626 Terram
1676 2598 1810 2624 Sanctam
1832 2596 1939 2623 civium
1962 2594 2151 2622 Camerinen-

1142 2664 1217 2683 sum.
1236 2652 1356 2688 (F01.43
1373 2652 1426 2683 v⁰.)

1189 2748 1355 2780 Venerabili
1366 2747 1462 2783 fratri
1475 2768 1495 2774 ..
1507 2745 1639 2782 episcopo
1649 2741 1858 2772 Camerinensi
1868 2739 1998 2770 mandat
2011 2743 2054 2775 ut,
2068 2743 2152 2777 post-

1143 2813 1239 2844 qnxnn
1261 2798 1488 2840 quadringenti
1511 2797 1594 2826 cives
1613 2795 1877 2829 Carmei-irienses,
1895 2792 1950 2832 qui
1975 2792 2080 2822 crucis
2107 2792 2150 2821 si-

1144 2866 1243 2896 gnum
1260 2855 1512 2890 assumpserunt,
1528 2850 1588 2879 iter
1605 2847 1857 2877 transmarinum
1872 2845 2080 2884 arripuerint,
2097 2853 2152 2874 eos

1145 2915 1175 2940 et
1190 2917 1300 2939 eorum
1317 2906 1398 2935 bona
1414 2903 1564 2933 indebitis
1580 2901 1798 2931 exactionibus
1818 2898 1978 2929 molestari
1997 2906 2060 2927 000
2078 2906 2149 2935 per-

1146 2965 1267 2995 mittat,
1284 2958 1577 2999 praedicatoresque
1595 2955 1699 2984 crucis
1716 2954 1748 2982 in
1766 2951 1904 2982 dioecesi
1925 2949 2152 2980 Camerinensi

1146 3015 1314 3054 compellat
1330 3017 1364 3042 nt
1382 3010 1549 3050 pecuniam
1562 3007 1726 3039 collectam
1743 3007 1809 3036 sive
1826 3005 1970 3035 relictam
1987 3003 2020 3033 in
2036 3003 2154 3033 Terrae
