2393 3496
985 249 1239 295 QUATRIFJME
1261 253 1416 289 ANNEE.
2193 267 2251 297 725

227 321 349 350 5204

191 381 324 410 Facultas
334 384 487 411 exercendi
499 392 549 419 per
559 385 704 420 aliumjus
716 386 898 414 visitationis.
911 387 993 420 (Rae.
1009 388 1050 418 46,
1064 395 1089 414 c.
1100 386 1162 418 253,

156 432 174 459 f.
193 431 226 458 50
242 433 293 464 νο.)

747 323 874 358 Orvieto,
891 325 924 352 ‘28
943 325 996 352 mai
1016 325 1092 352 1291.

202 535 372 564 Venerabili
385 536 482 571 fratri
497 536 685 574 ltnymundo,
703 540 835 576 episcopo
848 539 1039 571 Ruthenensi.
1054 538 1163 568 indul-

155 590 207 625 get
222 591 255 616 ut
271 596 326 626 per
341 586 421 617 alias
436 597 586 626 personas
604 589 638 619 in
654 590 809 628 dignitate
826 591 874 621 vel
891 596 1061 630 personatu
1075 599 1162 620 cons-

157 639 264 670 titutas
282 640 475 671 visitationis
491 642 632 672 officium
651 652 810 680 exercere,
829 649 859 674 et
875 649 999 684 propter
1018 644 1074 674 lior
1092 653 1163 683 pro-

155 693 338 723 curationes
361 694 540 724 moderatas
564 696 598 724 in
623 697 815 727 victualibus
835 697 999 727 dumtaxat
1023 697 1162 735 recipere

154 747 263 786 possit.
278 747 507 778 Praesentibus
524 754 592 787 post
607 750 868 788 quinquennium
888 758 951 780 non
969 750 1125 780 valituris.

197 813 211 827 υ
231 800 333 830 Habet
349 802 381 831 iu
400 802 530 832 nobis...
543 819 582 826 —
597 803 667 833 Dat.
681 803 765 842 apud
785 804 1056 840 Urbemveterem,
1075 813 1093 832 v
1111 803 1162 833 ka-

154 853 266 884 lendas
277 854 374 893 junii,
392 864 478 886 anno
491 861 613 894 quarto.
633 869 645 882 n

223 1013 486 1045 5805-52013

191 1074 232 1102 De
247 1075 381 1103 domibus
397 1078 610 1112 episcopalibus
627 1077 801 1104 Elnensibus
817 1076 992 1111 reparandis.
1010 1076 1092 1109 (Rae.
1114 1076 1160 1109 46,

152 1132 178 1151 c.
200 1124 262 1158 25⁴,
279 1125 298 1151 1.
319 1125 352 1152 50
368 1127 419 1155 v0.)

748 1014 874 1046 Orvieto.
892 1014 926 1040 ‘25
942 1015 997 1040 mai
1014 1014 1091 1041 1291.

192 1228 362 1264 Ramumio,
380 1229 512 1265 episcopo
528 1229 664 1263 Elnensi,
683 1227 832 1266 indulget
853 1232 888 1257 ut
908 1228 1040 1262 fructus,
1058 1227 1164 1257 reddi-

154 1285 204 1312 tus
217 1286 247 1311 et
264 1285 434 1320 proventus
449 1282 545 1320 primi
560 1282 640 1311 anni
656 1282 804 1312 omnium
821 1281 1051 1311 beneficiorum
1068 1279 1164 1310 eccle-

153 1333 353 1365 siasticorum
381 1343 463 1373 quae
489 1343 592 1373 usque
621 1334 660 1364 ad
691 1334 868 1364 triennium
897 1334 930 1363 in
961 1333 1088 1363 civitate
1114 1332 1164 1363 vel

153 1386 292 1417 dioecesi
312 1386 444 1416 Elnensi
461 1387 645 1417 vacaverint
660 1387 802 1426 recipere
819 1387 926 1426 possit,
944 1387 978 1416 iu
996 1386 1163 1425 reparatio-

153 1448 228 1470 nem
249 1439 418 1470 domorum
440 1439 680 1479 episcopalium,
698 1450 754 1479 per
774 1440 951 1470 exereitum
973 1439 1077 1470 clarae
1094 1448 1163 1470 me-

153 1493 275 1524 moriae
291 1492 458 1532 Phylippi‚
482 1493 568 1531 regis
594 1493 804 1530 Francorum,
826 1493 1071 1529 destructarum,
1089 1501 1163 1523 con-

154 1546 336 1577 vertendos.

197 1612 211 1627 α
236 1600 359 1630 Meritis
384 1604 435 1630 tue
457 1600 676 1631 devotionis...
698 1617 736 1622 —
760 1600 830 1630 Dat.
850 1600 934 1639 apud
955 1600 1164 1630 Urbemvete-

155 1662 235 1691 rem,
253 1663 309 1684 vni
329 1653 484 1684 kalendas
499 1654 597 1692 junii,
615 1662 701 1684 anno
716 1658 841 1692 quarto.
860 1665 873 1680 n

196 1707 234 1737 In
257 1715 284 1737 e.
307 1715 351 1736 m.
380 1729 400 1737 ..
424 1707 716 1738 archidiaconode
744 1707 953 1737 Fenoledesio
983 1707 1110 1746 Majoris
1135 1711 1166 1737 et

154 1759 250 1791 Petro
265 1760 452 1799 Raymundi
470 1760 508 1790 de
524 1760 667 1800 Riparia,
681 1760 835 1791 canonico
851 1760 961 1790 Sancti
980 1760 1072 1790 Pauli
1086 1760 1165 1790 Nar-

154 1813 347 1844 bonensium
361 1813 579 1850 ecelesiarum,
598 1814 731 1844 mandat
744 1818 776 1844 ut
792 1808 898 1844 eidem
914 1813 1061 1853 episcopo
1078 1823 1165 1853 prae-

153 1866 254 1898 dictos
269 1867 392 1898 fruetus
407 1871 439 1898 et
455 1871 628 1906 proventus
644 1867 825 1897 ministrari
843 1867 971 1897 saciant.

193 1932 208 1948 «
232 1920 356 1950 Meritis
370 1920 548 1951 devotionis
565 1920 798 1951 venerabilis...
816 1936 856 1943 —
875 1920 946 1950 Dat.
967 1925 1001 1950 ut
1020 1929 1125 1959 supra.
1149 1932 1162 1946 »

748 2078 875 2107 Orvieto.
892 2078 925 2105 ‘23
941 2079 995 2105 mai
1014 2079 1092 2106 1291.

221 2078 342 2110 52⁰2

189 2140 321 2169 Facultas
335 2141 501 2168 conserendi
518 2140 657 2168 beneficia
671 2141 880 2168 ecclesiastica.
899 2140 980 2171 (Res.
997 2141 1041 2175 46,
1058 2149 1083 2168 c,
1100 2141 1162 2171 ⁵255,

153 2191 173 2218 f.
189 2191 220 2218 51
239 2193 286 2222 νο.)

196 2293 298 2323 Eidem
312 2294 444 2331 episcopo
458 2292 640 2322 facultatem
656 2291 801 2322 concedit
815 2291 1002 2322 conferendi
1020 2291 1163 2330 personis

155 2346 282 2376 idoneis
297 2345 406 2376 omnia
423 2345 579 2376 beneficia
596 2344 809 2376 ecclesiastica
823 2354 905 2384 quae
919 2345 953 2375 in
970 2345 1098 2375 civitate
1113 2344 1164 2375 vel

153 2399 292 2430 dioecesi
314 2398 447 2429 Elnensi
471 2403 558 2429 tanto
578 2403 719 2438 tempore
741 2399 927 2429 vacaverint
945 2398 1030 2437 quod
1052 2407 1162 2428 eorum

152 2453 280 2484 collatio
302 2453 342 2482 sit
368 2460 423 2491 per
442 2451 568 2491 lapsum
593 2452 744 2491 temporis
766 2452 804 2482 ad
828 2452 935 2482 sedem
958 2451 1162 2491 apostolicam

152 2505 313 2538 devoluta.

194 2571 208 2586 α
232 2559 334 2589 Tuam
349 2557 490 2589 volentes
507 2557 701 2588 honorare...
718 2574 757 2580 —
771 2558 842 2588 Dat.
853 2557 936 2597 apud
950 2557 1160 2588 Urbemvete-

152 2621 232 2649 rem,
255 2622 271 2642 x
290 2611 444 2642 kalendas
461 2611 560 2650 junii,
578 2619 664 2642 auno
679 2615 801 2651 quarto.
827 2626 839 2637 ,ι

223 2771 341 2800 52⁰8

189 2832 340 2869 Exemptio
355 2833 482 2860 decimae
497 2832 660 2859 solvendae.
677 2831 761 2864 (Rau.
777 2831 820 2862 46.
837 2839 863 2858 c.
880 2831 942 2863 256,
959 2832 978 2858 1.
998 2832 1027 2858 51
1051 2832 1098 2861 r0.)

749 2769 880 2801 (Ji-vieto,
898 2770 913 2796 5
926 2770 990 2804 juin
1011 2769 1087 2796 ¹29¹.

196 2958 215 2964 ..
237 2936 336 2974 priori
352 2940 377 2964 et
395 2936 545 2971 fratribus
563 2936 667 2964 (lomus
684 2935 868 2972 leprosorum
885 2932 992 2965 Sancti
1004 2934 1107 2963 Jacobi
1122 2933 1161 2962 ad

1251 325 1359 354 Tutiam
1380 334 1470 363 prope
1495 327 1638 356 Veronam
1657 327 1803 366 indulget
1828 337 1868 358 ne
1892 329 1963 367 quis
1987 338 2039 360 eos
2063 331 2102 361 ad
2120 331 2248 364 solutio-

1248 386 1320 407 nem
1342 378 1484 409 decimae
1504 380 1630 418 uegotio
1646 381 1738 419 regui
1760 381 1889 412 Siciliae
1907 391 1962 421 per
1977 385 2084 414 sedem
2100 385 2248 423 apostoli-

1247 439 1316 460 cam
1330 431 1535 470 deputatae,a
1549 442 1612 472 qua
1627 433 1796 474 hospitalia
1811 444 1985 474 pauperum
2003 440 2078 466 suut
2093 443 2249 478 exempta,

1246 484 1425 522 compellat.

1291 550 1303 564 ‹
1318 538 1432 569 Pietati
1443 541 1639 570 conveniens
1649 541 1927 572 arbitramur...—
1939 543 2010 574 Dat.
2021 544 2104 583 apud
2117 545 2251 576 Urbem-

1247 595 1397 629 veterem,
1416 593 1618 633 nonisjuuii,
1635 603 1721 625 auno
1737 600 1858 634 quarto.
1878 608 1892 622 »

1315 750 1434 779 52⁰9
1853 756 1978 788 (Ji-view,
1997 757 2011 783 3
2029 759 2084 784 mai
2103 759 2178 786 1291.

1282 812 1396 840 Mandat
1413 818 1442 840 ut
1458 815 1614 849 capitulum
1635 816 1773 842 ecclesiae
1795 817 1925 852 Sepulcri
1940 818 2188 847 Jerosoliinitanae
2209 822 2251 848 lo-

1246 870 1311 888 cuni
1328 870 1412 888 suum
1429 862 1537 889 dictum
1553 862 1703 890 Castro-illa
1722 865 1857 892 fratribus
1878 867 1993 894 militiae
2007 868 2115 904 Templi
2137 869 2250 898 vendat.

1250 910 1331 939 tReu.
1349 911 1391 942 46,
1410 919 1435 938 c.
1452 912 1514 945 257,
1530 912 1549 939 f.
1568 913 1596 939 51
1616 918 1664 946 ro.)

1293 1016 1461 1045 Venerabili
1475 1017 1571 1053 fratri
1588 1018 1638 1054 N.,
1659 1019 1834 1055 patriarche
1849 1021 2109 1058 lerosolc'mitano,
2134 1028 2251 1061 aposto-

1248 1069 1301 1097 lIce
1317 1069 1394 1097 sedis
1410 1070 1515 1105 [effato.
1536 1070 1686 1108 Magister
1705 1075 1734 1100 et
1750 1072 1862 1102 fratres
1878 1072 1992 1103 domus
2007 1074 2141 1105 militiae
2157 1076 2252 1106 Tem-

1248 1120 1290 1159 pli
1304 1121 1554 1153 Jerosolimitani
1568 1130 1823 1163 proposuerunt«
1838 1127 1922 1165 quod
1934 1128 2110 1166 capitulum
2122 1129 2252 1160 ecclesie

1247 1174 1390 1213 Sepulcri
1404 1176 1663 1208 -Jerosolimitaue
1679 1179 1851 1217 quemdam
1870 1179 1986 1217 locum,
1997 1181 2169 1212 Castavilla
2182 1183 2251 1212 vul-

1246 1232 1363 1265 gariter
1378 1228 1583 1267 appellatum,
1596 1231 1629 1260 in
1646 1231 1763 1261 diocesi
1779 1234 1958 1263 Aeconeusi
1974 1234 2128 1271 obtinent,
2143 1235 2175 1264 in
2189 1244 2252 1275 quo

1247 1290 1315 1310 esse
1335 1281 1502 1311 hominum
1528 1282 1680 1314 habitatio
1696 1285 1761 1313 siro
1783 1285 1920 1316 munitio
1936 1287 2120 1318 cousuevit.
2140 1288 2172 1317 in
2191 1297 2252 1327 quo

1247 1343 1302 1373 pro
1318 1343 1354 1364 eo
1369 1335 1451 1373 quod
1472 1336 1610 1366 totaliter
1624 1337 1806 1367 destructus
1827 1343 1858 1368 et
1875 1339 2016 1370 desertus
2035 1341 2101 1370 sive
2117 1341 2251 1371 derelic-

1248 1392 1298 1417 tus
1317 1388 1423 1417 existit
1445 1388 1544 1418 multa
1565 1394 1743 1420 noscuntur
1765 1393 2004 1423 transeuntibus
2026 1394 2166 1432 pericula
2190 1395 2250 1424 im-

1246 1442 1381 1471 miiiere.
1403 1442 1514 1479 Unde,
1531 1452 1605 1473 eum
1622 1444 1732 1482 prefati
1749 1445 1902 1483 magister
1918 1450 1948 1476 et
1963 1446 2083 1484 fratres,
2102 1448 2152 1486 pio
2167 1448 2251 1478 ducti

1247 1494 1373 1531 affectu,
1390 1495 1496 1525 locum
1513 1496 1620 1535 ipsum
1637 1497 1821 1528 reedificare
1838 1507 1893 1537 pro
1913 1502 2147 1532 transeuntium
2164 1511 2251 1532 secu-

1246 1548 1339 1578 ritate
1355 1548 1548 1586 desiderent,
1564 1562 1578 1576 »
1600 1550 1863 1589 supplicaverunt
1879 1557 1913 1582 ut
1927 1552 2007 1583 illud
2025 1554 2069 1584 eis
2085 1555 2181 1585 vendi
2197 1564 2251 1586 seu

1246 1602 1443 1633 concedendi
1460 1611 1514 1642 pro
1527 1603 1589 1633 alia
1605 1606 1901 1644 recompensatione
1917 1607 2134 1640 mandaretur.
2148 1610 2251 1646 Quare

1247 1665 1325 1695 papa
1344 1657 1540 1696 patriarchae
1555 1658 1686 1688 mandat
1702 1663 1748 1697 ut,
1766 1659 1793 1688 si
1809 1659 1852 1690 ita
1867 1661 1983 1691 viderit
1998 1662 2154 1700 expedire,
2174 1664 2251 1703 peti-

1248 1714 1312 1739 tam
1334 1709 1498 1740 licentiam
1527 1712 1687 1741 concedat.
1713 1724 1725 1739 «
1754 1713 1886 1744 Proviso
1911 1714 1993 1753 quod
2021 1715 2105 1745 idem
2133 1717 2251 1754 magis-

1250 1767 1295 1792 ter
1321 1768 1351 1793 et
1374 1764 1486 1793 [ratres
1510 1764 1666 1802 prefatum
1691 1764 1796 1795 locum
1821 1767 1860 1796 ad
1886 1767 2087 1798 securitatem
2105 1768 2250 1799 fidelium

1248 1816 1364 1847 exinde
1380 1818 1615 1847 transeuntium
1632 1818 1751 1848 faciant
1765 1819 1927 1850 custodiri.
1949 1833 1961 1847 n

1289 1882 1302 1897 α
1327 1871 1371 1900 De
1390 1874 1441 1900 tua
1457 1871 1698 1909 concepimus...
1715 1888 1754 1893 —
1776 1872 1846 1902 Dat.
1866 1873 1949 1912 apud
1974 1874 2246 1912 Urbemveterem,

1247 1933 1266 1952 v
1284 1932 1384 1954 nonas
1401 1924 1475 1953 maii
1490 1947 1496 1958 ,
1516 1932 1602 1954 anno
1620 1929 1742 1963 quarto.
1761 1939 1773 1949 ν

1316 2082 1434 2112 52¹⁰
1832 2083 1962 2119 Orvieto,
1978 2084 2012 2113 29
2027 2085 2081 2112 mai
2100 2085 2175 2113 1291.

1284 2145 1465 2180 Dispensatio
1482 2153 1568 2180 super
1584 2145 1696 2172 defectu
1714 2146 1833 2173 ordinis.
1852 2146 1934 2180 (Rea.
1950 2148 1992 2179 46,
2006 2156 2031 2175 c.
2045 2148 2106 2180 5258,
2121 2149 2140 2175 f.
2153 2150 2181 2175 51
2199 2154 2244 2180 νο.)

1285 2247 1438 2277 Almarico
1454 2248 1488 2276 de
1505 2248 1639 2285 Niqella,
1655 2248 1796 2284 diacono,
1813 2250 1963 2286 preposito
1978 2251 2094 2280 ecclesie
2109 2251 2246 2281 Insulen-

1244 2301 1296 2336 sis,
1318 2301 1511 2329 Tor-nocensis
1532 2301 1667 2336 diocesis,
1685 2300 1832 2339 indulget
1847 2306 1892 2337 ut,
1912 2307 2073 2340 praetextu
2090 2305 2246 2342 praeposi-

1247 2357 1334 2383 turae
1349 2352 1501 2382 ecclesiae
1516 2352 1707 2390 Insulensis,
1722 2362 1776 2392 per
1789 2354 2049 2393 quinquennium
2065 2356 2098 2385 in
2115 2357 2246 2395 presby-

1245 2410 1347 2435 terum
1363 2414 1395 2435 se
1412 2406 1514 2436 facere
1530 2406 1708 2444 promoveri
1726 2415 1789 2437 non
1807 2411 1963 2437 teneatur.

1285 2472 1299 2485 «
1321 2459 1386 2489 Tue
1409 2459 1586 2489 devotionis
1607 2459 1764 2497 puritas...
1783 2477 1820 2482 —
1837 2461 1908 2490 Dat.
1931 2461 2013 2500 apud
2037 2462 2244 2493 Urbemvete-

1244 2521 1327 2548 rem,
1346 2521 1390 2541 nn
1413 2511 1566 2542 kalendas
1579 2512 1681 2550 Junii,
1699 2521 1784 2543 auno
1803 2518 1924 2552 quarto.
1945 2526 1958 2540 »

1314 2671 1428 2699 52¹¹

1279 2734 1463 2770 Dispensatio
1475 2743 1562 2770 super
1573 2735 1714 2762 solutione
1726 2736 1771 2770 cuj
1779 2735 1877 2762 usdain
1887 2736 1984 2763 debiti.
1996 2737 2077 2769 (Rae.
2088 2737 2131 2771 46,
2143 2746 2167 2764 c.
2181 2739 2239 2768 25⁴³,

1242 2784 1260 2810 f.
1280 2784 1307 2809 51
1329 2784 1374 2817 m.)

1828 2672 1958 2706 Orvieto,
1977 2673 2008 2699 15
2024 2673 2078 2699 mai
2096 2673 2171 2701 1‘291.

1286 2877 1532 2917 Tansclyardino,
1549 2879 1694 2907 canonico
1709 2879 1825 2907 ecclesie
1841 2879 2002 2915 Saccensis,
2019 2879 2159 2908 Paduam,-
2174 2880 2240 2909 dio-

1243 2932 1326 2966 cesis,
1344 2929 1490 2968 indulget
1508 2934 1541 2960 ut
1558 2930 1728 2969 quamdam
1750 2931 1957 2969 quantitatem
1974 2930 2069 2966 bladi,
2087 2931 2126 2961 al)
2142 2933 2240 2971 ipsius
