2393 3496
763 353 950 386 LETTRES
972 353 1062 383 NON
1085 342 1418 382 ENREGISTRnns.
2071 352 2146 383 1043

55 427 302 467 Tripolitanum,
332 432 428 462 quem
460 431 517 463 pro
549 424 687 462 negotiis
714 423 831 453 Terrae
863 421 997 452 Sanctae
1028 424 1059 449 et

56 479 203 517 ecclesiae
219 485 369 507 romanae
384 477 417 505 in
433 485 571 514 regnum
591 476 730 514 Angliae
746 475 903 511 destinat,
920 473 1059 511 benigne

56 532 206 571 recipiant
228 529 320 568 eique
343 529 381 559 de
403 529 525 559 duabus
547 529 663 558 marcis
684 528 910 566 sterlingorum
933 535 1060 565 quaque

57 587 115 623 die,
136 583 352 614 evectionibus
367 587 397 612 et
411 590 522 612 securo
537 581 695 612 conductu
713 581 911 620 provideant.

22 622 26 627 Δ
97 650 110 666 κ
125 637 204 668 Cum
222 635 438 665 venerabilem
456 635 626 665 fratrem...
642 651 682 656 —
696 635 767 664 Dat.
784 634 867 672 apud
887 633 1061 663 Urbemve-

59 697 169 728 terem,
200 698 231 718 ιν
259 688 332 718 idus
359 688 560 727 septembris,
592 696 678 717 anuo
706 692 830 726 quarto.
865 700 876 712 »
910 686 1059 723 (Poma,

59 742 178 782 23812.)

126 902 240 932 ’2833

97 989 117 997 ..
133 966 316 995 abbatissam
333 969 360 994 et
377 969 558 994 conventum
576 963 755 992 monasterti
771 963 876 992 Sancti
892 961 1062 991 Bernhardi

58 1021 91 1052 de
120 1018 234 1056 Chruey
246 1041 253 1053 ‚
284 1018 490 1047 Cisterciensis
520 1018 656 1054 ordinis,
686 1017 875 1046 Patavz'ensis
904 1016 1041 1045 dioecesis
1052 1038 1059 1051 ,

59 1072 188 1103 tuendas
206 1071 338 1109 suscipit
354 1079 532 1109 earumque
548 1070 631 1099 bona
649 1074 679 1098 et
697 1069 865 1108 privilegia
880 1069 1058 1099 confirmat.

98 1137 111 1153 ι
130 1125 335 1155 Sacrosancta
352 1133 485 1154 romana
499 1123 668 1153 ecclesia...
683 1139 722 1144 —
740 1124 808 1152 Dat.
825 1123 910 1160 apud
926 1122 1061 1152 Urbem-

59 1183 212 1214 veterem,
236 1177 343 1207 idibus
371 1176 580 1216 septembris,
607 1184 693 1206 anno
718 1179 841 1214 quarto.
868 1187 883 1202 »
909 1174 1058 1214 (Pomm,

59 1231 176 1270 23819.)

538 899 664 933 Orvieto,
682 900 713 927 13
730 899 893 934 septembre
910 898 988 926 1291.

129 1389 244 1419 '2334

97 1453 310 1483 Monasterium
324 1452 512 1481 monialium
526 1451 653 1480 Sanctae
669 1451 780 1480 Mariae
796 1451 830 1479 de
847 1450 957 1488 Campo
970 1450 1060 1485 Solis,

62 1506 259 1537 Cisterciensis
270 1506 400 1541 ordinis,
415 1505 636 1542 Herbipotensis
652 1505 803 1540 dioecesis,
818 1503 974 1533 tuendum
991 1511 1061 1533 sus-

61 1559 134 1599 cipit
151 1560 284 1598 ejusque
300 1559 384 1589 bona
401 1562 431 1588 et
446 1557 613 1597 privilegia
630 1557 810 1587 confirmat.

100 1624 114 1640 u
126 1611 318 1650 Religiosam
334 1611 432 1641 vitam
445 1610 679 1649 eligentibus...
693 1627 731 1632 —
743 1610 815 1639 Dat.
828 1609 911 1648 apud
924 1609 1063 1640 Urbem-

60 1669 210 1702 veterem,
234 1674 252 1694 x
274 1664 429 1694 kalendas
450 1664 601 1702 octobris,
621 1672 707 1695 anno
725 1667 848 1703 quarto.
873 1675 887 1690 »
907 1663 1061 1703 (Pom-Tin,

61 1717 180 1756 23825.)

540 1387 667 1422 Orvieto,
682 1388 715 1415 2‘2
732 1387 894 1422 septembre
912 1387 990 1415 1291.

129 1877 244 1906 ’2635

100 1961 120 1970 ..
134 1940 355 1978 archiepiscopo
374 1941 530 1978 Upsatensi
546 1939 678 1969 mandat
693 1943 728 1969 ut
743 1940 915 1970 concilium
932 1940 1064 1979 provin-

61 1992 137 2024 ciale
159 1993 373 2032 praelatorum
400 1993 529 2024 Suetiae
557 1997 708 2024 convocet
732 1994 770 2023 de
796 1993 924 2032 negotio
948 1994 1064 2024 Terrae

61 2045 189 2078 Sanctae
211 2047 473 2085 deliberandum,
499 2047 649 2087 quodque
673 2048 707 2077 in
732 2056 768 2077 eo
793 2051 945 2077 statutum
969 2048 1065 2078 fuerit

60 2100 243 2140 apostolicae
259 2101 327 2131 sedi
343 2101 482 2131 intimet.

99 2165 112 2180 α
126 2153 214 2183 Inter
225 2157 329 2184 cetera
341 2158 527 2184 contenta...
544 2172 581 2176 —
595 2155 667 2184 Dat.
683 2154 767 2193 apud
783 2154 1062 2191 Urbemveterem,

59 2215 102 2236 vu
119 2205 271 2237 kalendas
285 2206 408 2246 aprilis,
427 2216 513 2238 anno
531 2212 653 2246 quarto.
678 2220 690 2234 n
708 2208 859 2247 (Poma,
881 2207 1005 2247 23828.)

539 1876 666 1911 Orvieto,
684 1876 716 1903 ‘25
733 1876 896 1911 septembre
913 1876 991 1904 1291.

127 2365 241 2394 ¹⁷83ss

99 2449 119 2458 ..
131 2429 350 2466 archiepiscopo
360 2429 565 2466 Striyoniensi
574 2428 706 2458 mandat
717 2433 750 2458 ut
760 2438 889 2459 eausam
902 2430 934 2458 in
942 2434 986 2459 ter
997 2438 1062 2460 mo-

60 2481 233 2511 nasterium
246 2481 361 2511 Beatae
377 2482 496 2511 Mariae
511 2482 545 2511 in
559 2482 658 2512 veteri
676 2482 778 2518 Buda,
795 2482 919 2512 ordinis
936 2486 1063 2513 sanctae

60 2531 183 2571 Clarae,
200 2534 449 2573 Vesprimiensis
465 2535 618 2565 dioecesis
629 2558 637 2572 ‚
656 2539 685 2564 et
700 2535 884 2565 Johannem
902 2536 1062 2573 Bungnad

61 2585 197 2625 aliosque
212 2588 367 2626 quosdam
384 2587 482 2618 laicos
500 2588 540 2617 de
557 2588 750 2627 quibusdam
767 2588 922 2618 fructibus
938 2593 968 2619 et
990 2589 1062 2619 red-

28 2655 31 2658 ·
62 2637 178 2670 ditibus
194 2640 354 2678 disceptet.

100 2704 115 2720 «
131 2692 309 2733 Conqueste
322 2697 397 2724 sunt
409 2694 538 2724 nobis...
551 2711 591 2717 -—
603 2695 674 2725 Dat.
691 2695 802 2732 Rome,
815 2695 899 2734 apud
912 2695 1062 2725 Sanctam

62 2743 191 2775 Mariam
208 2747 380 2785 Majorem,
401 2757 436 2776 ιιι
457 2755 560 2777 nonas
582 2748 782 2783 novembris,
804 2757 889 2778 anno
904 2752 1027 2787 quarto.
1048 2760 1061 2775 »

62 2797 204 2836 (Pom-ru„
225 2799 348 2839 23856.)

336 2365 696 2401 Sainte-Marie-Majeure,
715 2366 729 2393 3
745 2367 899 2393 novembre
913 2367 991 2394 1291.

131 2957 242 2986 '2632

103 3039 122 3047 ..
138 3020 238 3056 priori
252 3019 356 3049 Sancti
372 3021 507 3049 Andreae
523 3021 556 3049 in
573 3021 672 3050 littore
688 3022 722 3050 cte
745 3023 868 3052 Venetiis
885 3023 1015 3053 mandat
1029 3027 1064 3053 ut

330 2957 693 2993 Sainte—Marie-Majeure,
711 2960 725 2985 5
742 2960 896 2986 novembre
914 2960 990 2987 1291.

1142 428 1178 448 ea
1193 427 1274 457 quae
1290 418 1328 448 de
1343 418 1436 448 bonis
1452 418 1638 448 monasterii
1655 418 1764 449 Sancti
1779 418 1909 456 Georgii
1928 419 2069 457 maj0ris,
2086 419 2148 448 ibi-

1142 472 1213 501 dem
1231 472 1294 509 siti,
1313 471 1426 501 illicite
1442 471 1579 501 alienata
1593 471 1642 502 vel
1658 472 1806 502 distracta
1824 471 1986 501 invenerit
1998 472 2037 501 ad
2050 472 2103 510 jus
2119 475 2149 502 et

1142 525 1364 563 proprietatem
1381 525 1524 563 ejusdem
1541 525 1727 555 monasterii
1744 528 1881 555 revocet.

1184 589 1198 603 «
1214 577 1263 607 Ad
1277 577 1475 607 audientiam
1490 582 1668 608 nostram...
1684 596 1722 600 —
1734 578 1804 607 Dat.
1822 578 1934 614 Rome,
1950 577 2033 617 apud
2050 579 2148 608 Sanc-

1143 634 1207 660 tam
1227 631 1362 659 Mariam
1380 631 1546 669 Majorem,
1565 631 1658 661 nonis
1674 631 1869 668 novembris,
1887 640 1974 661 anno
1990 635 2112 670 quarto.
2133 643 2148 658 n

1142 684 1293 723 (Parra,
1313 684 1436 723 23857.)

1216 849 1331 878 '7638

1186 934 1205 940 ..
1227 912 1329 941 abbati
1353 912 1533 941 monasterii
1557 912 1746 941 Castetlensis
1763 911 1894 941 mandat
1913 917 1948 941 ut
1963 922 1999 942 ea
2016 921 2096 952 quae
2112 913 2151 943 de

1144 965 1237 995 bonis
1258 964 1445 994 monasterii
1470 964 1696 994 Ensdorfensis
1719 964 1833 994 illicite
1850 965 1987 995 alienata
2012 965 2060 995 vel
2086 965 2151 995 dis-

1145 1021 1241 1047 tracta
1260 1017 1421 1047 invenerit
1443 1017 1481 1046 ad
1499 1018 1553 1056 jus
1574 1021 1603 1047 et
1621 1017 1843 1056 proprietatem
1861 1019 2003 1056 ejusdem
2023 1027 2151 1049 monas-

1143 1071 1215 1100 terii
1228 1074 1360 1100 revocet.
1374 1071 1444 1100 Dat.
1455 1070 1551 1100 nonis
1563 1071 1758 1107 novembris,
1769 1080 1856 1101 anno
1864 1076 1988 1110 quarto.
1999 1072 2149 1111 (Pomm,

1144 1123 1265 1163 23858.)

1424 849 1778 883 Sainte-Marie-Majeure,
1797 850 1812 876 5
1828 850 1982 876 novembre
2000 851 2078 877 1‘291.

1217 1291 1332 1320 '28:39

1186 1355 1380 1392 Ph-ytippnm,
1398 1362 1498 1391 reyem
1516 1354 1675 1388 Franciae,
1694 1353 1748 1391 qui
1766 1352 1939 1382 nonnullos
1955 1354 2038 1382 cives
2056 1353 2154 1383 Luca-

1145 1416 1204 1438 nos
1219 1408 1288 1446 capi
1304 1407 1378 1436 fecit
1396 1411 1425 1436 et
1441 1407 1476 1436 in
1493 1415 1618 1436 carcere
1634 1406 1772 1443 detinet,
1790 1410 1880 1444 rogat
1896 1411 1929 1436 ut
1947 1416 2000 1437 eos
2016 1406 2153 1436 libertati

1145 1461 1300 1491 restituat.

1187 1526 1201 1541 «
1225 1514 1351 1550 Quanto
1371 1514 1501 1553 majoris
1527 1513 1742 1543 devotionis...
1770 1530 1808 1534 —-
1833 1513 1902 1542 Dat.
1930 1513 2041 1548 Rome,
2069 1513 2153 1552 apud

1146 1568 1295 1598 Sanctam
1321 1567 1457 1596 Mariam
1482 1567 1651 1606 Majorem,
1682 1577 1713 1596 vx
1739 1566 1811 1596 idus
1839 1567 2038 1602 novembris,
2068 1575 2153 1596 anno

1146 1626 1270 1660 quarto.
1293 1633 1305 1647 n
1325 1621 1473 1658 (Parra,
1493 1619 1618 1659 23859.)

1417 1289 1780 1324 Sainte-Marie-Mnjeure,
1799 1290 1814 1316 8
1833 1290 1986 1316 novembre
2005 1291 2081 1318 1291.

1219 1794 1338 1823 '264⁰

1187 1858 1348 1895 Rcynaldo,
1366 1858 1470 1887 comiti
1484 1857 1610 1891 Geli-iae,
1627 1854 1774 1892 indulget
1790 1859 1823 1884 ut
1841 1858 1980 1893 tempore
1995 1855 2155 1893 generalis

1147 1910 1309 1940 interdicti
1327 1910 1395 1948 ipse
1409 1914 1438 1939 et
1449 1908 1571 1939 familia
1584 1909 1653 1948 ejus
1666 1908 1773 1938 officia
1787 1908 1897 1937 divina
1912 1908 1945 1937 in
1963 1917 2019 1938 sua
2035 1908 2155 1947 capella

1146 1963 1259 1993 audire
1278 1963 1411 2002 possint.
1855 1999 1858 2002 Ι

1189 2029 1201 2043 <1
1220 2017 1403 2047 Devotionis
1419 2021 1470 2047 tue
1482 2017 1666 2055 precibus...
1682 2033 1720 2038 —
1735 2015 1805 2044 Dat.
1825 2015 1939 2051 Rome,
1956 2015 2038 2054 apud
2055 2015 2153 2045 Sanc-

1147 2076 1210 2100 tam
1222 2071 1356 2100 Mariam
1370 2069 1690 2109 MaJ‘orem,ltalendis
1700 2068 1891 2105 decembris,
1905 2077 1990 2098 anno
2003 2073 2125 2107 quarto.
2140 2081 2153 2095 ι)

1147 2124 1295 2162 (Parra,
1317 2123 1440 2161 23868.)

1403 1792 1764 1827 Sainte-Marie-Majeure,
1784 1792 1822 1818 1Π
1836 1791 1988 1819 decembre
2006 1792 2083 1820 1291.

1219 2296 1331 2324 2341

1190 2380 1208 2387 ..
1229 2359 1394 2387 abbatissae
1407 2362 1432 2386 et
1446 2358 1608 2386 conventui
1628 2357 1807 2385 monasterii
1825 2356 1950 2385 Sanctae
1971 2356 2077 2386 Clarae
2093 2357 2155 2385 Ma-

1145 2413 1283 2449 quntini,
1301 2412 1419 2440 ordinis
1443 2411 1474 2440 S.
1494 2411 1611 2447 Clarae,
1629 2408 1774 2439 concedit
1793 2413 1826 2438 ut
1845 2418 1863 2438 a
1881 2409 2026 2447 personis
2042 2409 2154 2439 liberis

1146 2466 1180 2494 in
1193 2474 1249 2494 sno
1262 2464 1415 2494 coenobio
1427 2463 1657 2502 professionem
1673 2461 1864 2492 facientibus
1876 2461 1959 2491 bona
1976 2461 2108 2491 mobilia
2124 2467 2154 2492 et

1146 2517 1336 2554 immobilia,
1351 2516 1530 2547 feudalibus
1543 2516 1692 2554 exceptis,
1707 2518 1812 2553 petere
1824 2520 1854 2544 et
1866 2515 2007 2553 recipere
2020 2515 2154 2553 possint.

1189 2585 1201 2598 «ι
1228 2570 1412 2601 Devotionis
1438 2574 1540 2599 vestre
1561 2568 1748 2607 precibus..
1774 2584 1812 2589 —
1836 2567 1908 2597 Dat.
1936 2568 2047 2603 Rome,
2072 2569 2156 2605 apud

1147 2625 1295 2655 Sanctam
1325 2623 1459 2653 Mariam
1485 2623 1656 2661 Majorem,
1681 2621 1830 2651 kalendis
1854 2621 2049 2656 decembris,
2069 2630 2155 2651 anno

1147 2682 1269 2717 quarto.
1290 2689 1302 2703 υ
1322 2677 1472 2716 (Porta,
1490 2675 1614 2714 ζ23869.)

1404 2294 1762 2328 sainte-Mane-Majeure,
1784 2294 1820 2319 12¹·
1835 2293 1987 2320 decembre
2005 2294 2084 2321 1291.

1219 2850 1334 2880 *2342

1188 2937 1208 2943 ..
1224 2913 1393 2951 praeposito
1407 2917 1433 2940 et
1449 2912 1610 2941 conventui
1627 2910 1808 2939 monasterii
1824 2910 1858 2937 in
1875 2908 2094 2946 Cappeiibetye,
2109 2916 2155 2935 or-

1147 2968 1228 2997 dinis
1238 2966 1558 3000 Praemonstratensis‚
1569 2963 1808 2993 tlonastertensts
1823 2962 1973 2997 dioecesis,
1988 2960 2040 2998 jus
2056 2963 2157 2998 patro-

1148 3026 1241 3052 natus
1257 3019 1410 3050 ecclesiae
1424 3018 1462 3048 de
1477 3018 1606 3048 Marcha
1621 3020 1650 3046 et
1666 3015 1859 3054 capellarum
1875 3015 1908 3044 in
1926 3014 2107 3043 Hammone
2126 3017 2157 3043 et

1411 2847 1768 2881 Sainte-Marie-Majeure,
1787 2846 1818 2872 13
1835 2846 1987 2872 decembre
2006 2846 2080 2872 ¹²291.
