2393 3496
234 313 292 344 968
980 307 1216 339 REGISTRES
1238 308 1292 337 DE
1313 306 1496 337 NICOLAS
1517 307 1573 337 IV.

234 388 310 409 nam
327 382 357 409 et
372 379 515 408 bannum
533 379 636 416 ipsum
654 377 678 405 si
699 385 788 405 secus
806 378 992 413 attemptare
1009 373 1239 413 presumpserit

233 433 441 469 incursurus,
459 431 580 460 nnllam
598 430 723 468 penitus
742 438 777 458 ex
798 428 994 458 molendinis
1010 427 1130 457 eisdem
1150 426 1238 456 utili-

235 489 331 516 tatem
351 485 400 515 vel
418 483 587 515 comodum
604 485 801 512 assecuntur.
821 481 924 515 Unde,
945 489 1017 511 cum
1037 483 1190 509 statutum
1209 483 1238 509 ot

233 538 386 568 inhibitio
415 536 594 575 supradicta
615 535 649 564 in
667 543 762 572 grave
783 533 997 572 predictarum
1022 532 1181 562 abbatisse
1208 535 1238 562 et

233 594 407 622 conventus
418 588 596 619 redundare
608 592 780 618 noscantur
789 587 997 626 prejuditfflm
1009 590 1040 616 et
1050 594 1235 624 gravamen,

232 652 291 674 nos
304 643 392 673 vobis
409 651 463 681 per
480 646 602 670 nostras
619 640 677 670 sub
693 644 777 670 certa
791 640 892 669 forma
909 639 1056 669 dedimus
1069 638 1189 668 litteras
1202 638 1236 668 in

231 696 390 726 mandatis
403 699 436 724 ut
447 694 621 733 predictum
636 697 800 729 statutum,
814 693 897 731 quod
910 696 1067 732 quantum
1083 691 1122 720 ad
1139 690 1236 721 cccle-

232 750 294 780 sias
312 753 341 778 et
362 748 590 778 ecclesiasticas
612 756 761 786 personas
784 747 911 776 irritum
934 755 1001 776 esse
1020 745 1234 779 decernimus,

230 802 269 832 de
286 800 514 840 capitularibus
531 801 643 830 vestris
661 799 849 829 abradentes
865 800 1000 829 omniuo
1015 808 1050 828 ac
1068 798 1236 828 inhibitio-

230 864 305 885 nem
328 854 501 893 predictam
522 853 659 884 totaliter
683 857 878 890 revocantes,
902 852 1068 883 occasione
1089 861 1143 881 seu
1165 860 1236 890 pre-

230 913 313 939 textu
329 917 440 938 eorum
458 908 649 937 abbatissam
666 911 695 937 et
710 910 904 937 conventum
924 906 1057 946 prefatos
1078 905 1236 944 impedire

229 971 284 992 seu
305 961 473 991 molestare
499 970 593 1000 super
615 960 812 991 molendinis
833 960 954 990 eisdem
977 969 1012 990 ex
1037 963 1111 989 tunc
1130 958 1236 988 nulla-

229 1020 321 1046 tenus
342 1015 538 1054 temptaretis
562 1024 619 1044 nec
640 1014 866 1053 presumeretis
887 1013 1006 1043 similia
1025 1013 1059 1042 in
1079 1012 1234 1048 futurum,

228 1069 307 1108 quin
330 1068 431 1099 libere
455 1069 574 1107 absque
595 1068 659 1098 ulla
679 1076 761 1106 pena
783 1067 932 1097 homines
953 1067 1178 1104 undecumque
1197 1065 1236 1094 ad

227 1121 415 1152 molendina
435 1122 504 1160 ipsa
528 1125 655 1160 possent
680 1121 726 1150 ire
747 1120 798 1150 vel
819 1120 946 1149 mittere
969 1119 1009 1149 ad
1034 1119 1235 1154 molendum,

228 1175 272 1205 ita
282 1175 365 1214 quod
376 1175 575 1204 devotionem
588 1178 725 1204 vestram
737 1182 900 1212 possemus
912 1173 1027 1203 exinde
1044 1181 1107 1202 non
1120 1172 1234 1202 imme-

227 1228 288 1259 rito
303 1228 538 1258 commendare.
559 1228 636 1265 Sed,
655 1228 736 1258 sieut
751 1236 853 1267 nuper
872 1227 1024 1256 mirantes
1039 1226 1233 1263 audivimus,

227 1291 293 1312 non
315 1281 418 1312 solum
440 1282 474 1311 in
496 1281 555 1311 hac
578 1285 665 1320 parte
685 1281 845 1311 mandatis
868 1289 977 1319 parere
995 1279 1129 1309 minime
1145 1288 1235 1309 cura-

226 1335 327 1371 vistis,
342 1345 452 1365 verum
469 1335 563 1364 etiam
580 1335 734 1374 quosdam
751 1334 899 1365 homines
917 1334 971 1373 qui
986 1333 1024 1363 ad
1045 1333 1233 1364 molendum

226 1389 260 1419 iu
278 1388 474 1419 molendinis
499 1388 618 1418 eisdem
639 1388 840 1427 postmodum
863 1391 1066 1418 accesserunt
1091 1387 1126 1416 in
1150 1390 1234 1416 certa

226 1442 403 1481 quantitate
415 1441 551 1480 pecunie
565 1441 835 1480 condempnastis,
850 1441 1006 1479 exigendo
1017 1440 1056 1470 ab
1068 1440 1113 1470 eis
1123 1439 1233 1479 hujus-

225 1495 311 1525 modi
328 1495 549 1534 quantitatem.
568 1494 649 1524 Cum
668 1494 775 1533 itaque
792 1494 932 1524 nolimus
949 1493 1044 1524 sicuti
1064 1502 1123 1523 nec
1138 1493 1233 1523 debe-

224 1557 298 1579 mus
317 1548 390 1578 talia
407 1548 621 1587 equanimiter
636 1548 804 1584 sustinere,
821 1547 1025 1578 universitati
1036 1551 1138 1577 vestre
1151 1546 1234 1576 sicut

224 1603 342 1633 iterum
361 1603 406 1632 sic
424 1602 599 1632 districtius
617 1606 724 1632 tenore
740 1602 937 1641 presentium
954 1601 1106 1631 duximus
1121 1601 1233 1639 injun-

224 1655 365 1694 gendum
382 1655 532 1694 quatinus
548 1655 718 1694 pecuniam
733 1655 835 1694 ipsam
851 1664 869 1684 a
885 1654 1033 1693 predictis
1044 1653 1233 1684 hominibus

224 1709 411 1748 hujusmodi
427 1709 591 1739 occasione
606 1709 742 1739 ablatam
761 1709 807 1739 eis
826 1708 978 1739 studeatis
995 1708 1120 1746 integre
1136 1707 1232 1737 resti-

227 1766 326 1799 tuere,
352 1762 479 1792 easdem
501 1762 694 1792 abbatissam
720 1766 749 1792 et
767 1766 961 1792 conventum
986 1761 1153 1791 occasione
1177 1769 1232 1790 seu

225 1820 368 1855 pretextu
385 1816 492 1845 statuti
509 1820 538 1845 et
554 1815 762 1845 inhibitionis
781 1815 994 1854 predictarum
1011 1814 1167 1853 impedire
1183 1813 1233 1843 vel

224 1868 390 1898 molestare
402 1876 496 1906 super
509 1868 574 1906 jam
589 1867 682 1897 dictis
695 1866 890 1897 molendinis
903 1867 1086 1896 nullatenus
1102 1870 1233 1904 attemp-

225 1921 331 1957 tando,
354 1930 412 1951 nec
437 1921 469 1950 in
495 1921 635 1950 futurum
655 1921 867 1959 presumendo
891 1920 1010 1950 similia
1030 1921 1109 1958 quin
1133 1918 1232 1948 libere

223 1975 344 2013 absque
366 1974 430 2004 ulla
454 1983 535 2013 pena
559 1974 706 2004 homines
732 1974 958 2012 undecumque
981 1973 1021 2003 ad
1045 1971 1233 2002 molendina

222 2028 363 2067 predicta
378 2029 424 2057 ire
440 2027 490 2057 vel
505 2027 631 2057 mittere
647 2026 773 2057 valeant
788 2027 826 2056 ad
844 2026 1050 2063 molendum,
1069 2030 1161 2065 prout
1176 2036 1231 2056 su-

222 2082 329 2121 perius
344 2086 390 2111 est
403 2089 625 2120 expressum...
641 2081 711 2110 Dat.
729 2080 836 2117 Reate,
852 2089 870 2109 x
881 2079 1036 2110 kalendas
1048 2080 1197 2110 octobris.
1216 2091 1229 2106 n

294 2247 413 2275 '2150
744 2245 832 2280 Rieti,
848 2245 881 2272 ‘25
898 2246 1060 2281 septembre
1079 2245 1156 2273 1288.

257 2311 300 2338 De
323 2311 505 2338 contentione
528 2311 601 2337 inter
622 2310 799 2336 Malatcstam
820 2309 854 2336 de
874 2309 1020 2336 Veruculo
1042 2309 1077 2336 de
1096 2310 1228 2336 Arimino

222 2363 250 2387 et
270 2361 349 2387 cives
366 2360 576 2386 Ariminenses.
595 2359 666 2394 (Fol.
683 2360 715 2385 27
733 2360 784 2392 vo.)

259 2457 369 2485 Dilecto
382 2455 446 2493 filio
463 2455 555 2484 'nobili
572 2456 637 2484 viro
654 2455 829 2484 Hermanno
845 2455 879 2484 cle
895 2455 1148 2491 Monatclenstbus,
1167 2463 1226 2484 rec·

221 2511 281 2540 cori
303 2508 511 2547 [Romaniote].
533 2508 614 2538 Cum
636 2507 670 2537 in
698 2509 823 2546 negotio
849 2508 934 2538 inter
953 2507 1095 2538 nobilem
1121 2508 1227 2538 virum

221 2562 417 2593 Malatestam
432 2561 469 2591 de
483 2560 640 2590 Veruculo
651 2560 689 2590 de
701 2560 849 2590 Arimino
861 2564 890 2591 et
901 2561 985 2591 cives
1001 2560 1227 2590 Ariminenses

220 2617 374 2647 existente
390 2614 444 2645 ille
461 2614 620 2644 mandatis
639 2614 823 2653 apostolicis
845 2623 954 2653 parere
971 2618 1098 2653 paratus
1117 2614 1172 2650 sit,
1192 2614 1226 2643 hi

219 2679 293 2700 vero
307 2678 384 2706 non,
406 2681 420 2695 «
439 2668 630 2698 mandamus
651 2668 803 2706 quatinus
819 2667 940 2706 prefato
962 2666 1062 2697 nobili
1081 2667 1119 2697 de
1138 2667 1226 2706 inju-

218 2723 277 2754 riis
301 2727 331 2753 et
350 2722 499 2760 dampnis
524 2721 585 2750 sibi
606 2729 623 2750 a
646 2721 769 2751 civibus
789 2721 936 2760 pretactis
962 2720 1060 2750 illatis
1080 2721 1226 2750 satisfac-

218 2777 338 2808 tionem
355 2775 533 2816 plenariam
549 2775 642 2804 tacias
656 2775 809 2811 exhiberi,
824 2783 859 2804 ac
876 2774 959 2814 ipsos
975 2774 1071 2804 etiam
1085 2774 1170 2804 cives
1186 2774 1225 2804 de

216 2829 380 2860 malefitiis
409 2828 594 2868 perpetratis
626 2828 665 2857 ab
690 2828 772 2858 eis...
807 2827 912 2857 debita
941 2836 1023 2866 pena
1048 2827 1222 2865 castiges...

216 2883 288 2913 Dat.
310 2883 418 2920 Reate,
436 2891 478 2911 vn
494 2880 647 2911 kalendas
663 2880 799 2911 octobris
817 2881 867 2918 (1).
887 2892 902 2908 »

247 2995 280 3026 (i)
296 2995 348 3020 Les
364 2994 496 3026 premiers
513 2997 583 3018 mois
599 2994 632 3017 de
648 2994 673 3017 la
688 2993 767 3017 lettre
784 2995 940 3024 manquent.

1394 373 1509 402 '215¹

1356 435 1478 470 Inquirit
1512 435 1546 462 de
1581 435 1752 462 excessibus
1788 434 2012 461 Faventinorum
2041 438 2070 461 et
2099 434 2320 464 Forliviensium

1325 483 1394 515 (Fol.
1410 484 1444 511 ‘28
1461 484 1508 516 ru.)

1845 372 1932 405 Rieti,
1949 372 1984 399 ‘25
2000 373 2162 408 septembre
2178 373 2254 400 1288.

1361 587 1474 616 Et'dem.
1499 598 1513 612 α
1532 584 1633 622 Cum,
1651 585 1732 615 sicut
1751 584 1988 621 intelleximus,
2009 584 2143 615 dilectus
2164 584 2250 615 filius
2265 594 2323 617 no-

1320 639 1394 669 bilis
1411 639 1459 668 vir
1475 639 1587 668 Petrus
1606 638 1759 677 Stephani
1775 638 1814 668 de
1833 638 1936 675 Urbe,
1953 637 2032 668 olim
2049 637 2238 668 Romaniole
2255 647 2323 670 rec-

1321 696 1378 729 tor,
1395 701 1467 721 cum
1486 691 1670 721 Faventinis
1687 695 1717 721 et
1734 691 1988 721 Forliviensibus
2007 700 2102 729 super
2117 691 2212 721 certis
2225 690 2324 730 culpis

1320 750 1350 776 et
1364 745 1544 775 excessibus
1560 744 1691 774 divisim
1707 744 1887 775 commissis
1902 743 1942 773 ab
1957 744 2002 774 eis
2019 744 2180 782 quandam
2197 752 2323 784 compo·
2357 766 2360 770 »

1320 799 1481 835 sitionem,
1504 799 1582 828 dum
1599 798 1704 828 adliuc
1720 798 1755 827 in
1773 797 1839 827 illis
1857 798 2000 836 partibus
2016 803 2206 835 moraretur,
2224 797 2323 829 duxe-

1318 852 1361 882 rit
1387 852 1584 890 saciendam,
1620 856 1653 882 ut
1683 851 1831 881 videlicet
1862 859 2033 881 commune
2065 851 2217 881 Faventie
2248 859 2323 890 qua-

1319 909 1388 936 tuor
1402 905 1492 935 milia
1508 905 1695 935 florinorum
1714 905 1786 934 auri
1809 909 1839 934 et
1860 904 1989 935 totidem
2011 913 2181 934 commune
2196 903 2324 936 Forlivii

1318 968 1374 998 pro
1392 959 1606 989 satisfactione
1625 958 1790 997 culparum
1809 962 1837 988 et
1856 967 2044 988 excessuum
2063 957 2277 996 predictorum
2294 960 2324 988 et

1318 1013 1414 1043 etiam
1444 1021 1500 1051 pro
1531 1013 1621 1051 penis
1651 1021 1730 1051 quas
1757 1016 1920 1051 propterea
1949 1011 2124 1041 incurrisse
2151 1012 2325 1041 noscuntur

1318 1074 1442 1096 camere
1462 1070 1566 1096 nostre
1587 1065 1731 1102 solvant;
1750 1073 1825 1102 nos,
1846 1064 1987 1094 volentes
2006 1065 2086 1094 seire
2104 1072 2159 1103 per
2183 1068 2211 1094 te
2231 1072 2325 1104 super

1318 1120 1377 1150 hoc
1405 1119 1533 1158 plenius
1562 1119 1728 1149 veritatem
1740 1142 1748 1155 ,
1777 1118 1963 1148 discretioni
1995 1121 2046 1147 tue
2072 1126 2128 1157 per
2156 1115 2324 1156 apostolica

1319 1174 1433 1212 scripta
1450 1172 1563 1202 manda
1572 1181 1640 1202 mus
1662 1173 1816 1211 quatinus
1834 1171 1934 1210 clare,
1956 1171 2100 1210 plenarie
2122 1179 2158 1201 ac
2177 1170 2324 1202 distincte

1318 1226 1438 1265 culpas,
1465 1235 1611 1256 excessus
1633 1230 1663 1255 et
1684 1234 1782 1265 penas
1805 1225 1964 1264 predictos
1988 1229 2019 1254 et
2042 1223 2105 1254 alia
2131 1223 2240 1254 omnia
2263 1232 2324 1263 que
2356 1243 2358 1245 >

1318 1288 1412 1318 super
1428 1278 1492 1308 hiis
1509 1278 1702 1308 notificanda
1718 1278 1837 1308 fuerint
1854 1278 1945 1308 nobis
1964 1286 2060 1317 quam
2074 1278 2168 1307 totius
2186 1285 2242 1316 per
2257 1280 2324 1308 tuas

1318 1332 1438 1362 litteras
1461 1331 1588 1362 studeas
1613 1331 1880 1361 certitudinaliter
1902 1331 2069 1367 intimare,
2092 1329 2324 1361 nichilominus
2349 1368 2353 1375 v

1318 1385 1516 1425 procurando
1533 1385 1668 1415 sollicite
1684 1389 1714 1415 et
1732 1385 1905 1425 prudenter
1918 1389 1952 1414 ut
1966 1393 1984 1414 a
2003 1384 2165 1423 prelibatis
2181 1391 2322 1414 commu-

1317 1439 1412 1469 nibus
1439 1443 1565 1478 propter
1591 1437 1700 1477 culpas
1725 1441 1755 1468 et
1779 1446 1925 1468 excessus
1952 1445 1989 1467 ac
2012 1446 2111 1476 penas
2135 1436 2262 1467 eosdem
2289 1435 2323 1466 in

1316 1493 1431 1532 majori
1450 1492 1628 1532 quantitate
1649 1491 1784 1531 pecunie
1806 1495 1914 1522 nostre
1936 1499 2061 1521 camere
2081 1490 2225 1521 satisfiat.
2250 1489 2321 1521 Dat.

1316 1550 1472 1585 utsupra.
1492 1557 1506 1572 ι)

1387 1725 1640 1754 ’ἵΙὸξ-ἯΙΞΒ
1841 1722 1927 1754 Rieu,
1945 1722 1980 1749 20
1995 1722 2158 1757 septembre
2175 1721 2252 1749 1288.

1349 1785 1393 1812 De
1409 1785 1636 1820 poenitentiariis
1651 1785 1701 1819 qui
1722 1783 1833 1819 anglice
1854 1786 1882 1810 et
1901 1783 2016 1818 yberice
2032 1783 2186 1818 loquantur
2200 1782 2229 1809 in
2244 1781 2322 1810 curia

1315 1843 1431 1862 romana
1447 1834 1669 1862 constituendis.
1685 1833 1758 1868 (Fol.
1774 1834 1808 1861 ‘28
1825 1833 1872 1864 νο.)

1354 1938 1463 1967 Dilecto
1480 1938 1545 1974 filio
1564 1959 1584 1968 ..
1605 1938 1748 1966 nzz'nistro
1765 1937 1881 1966 ordinis
1899 1937 2036 1972 fratrum
2053 1936 2212 1965 minorum
2234 1935 2321 1974 regni
2352 1956 2356 1958 v

1313 1992 1431 2029 Anylie.
1453 2003 1467 2018 «
1488 1990 1577 2021 Sicut
1601 1994 1687 2020 tuam
1710 1998 1774 2020 non
1797 1989 1958 2019 credimus
1979 1988 2076 2019 latere
2096 1988 2264 2026 notitiam,
2282 1987 2321 2019 de

1314 2044 1450 2074 diversis
1469 2044 1582 2074 mundi
1603 2043 1747 2082 partibus
1767 2043 1806 2072 ad
1825 2043 1932 2073 sedem
1949 2042 2157 2081 apostolicam
2176 2041 2319 2072 fidelium

1314 2097 1447 2127 confluit
1468 2097 1642 2127 multitudo
1655 2121 1662 2134 ‚
1680 2100 1805 2136 propter
1825 2096 1909 2134 quod
1930 2095 2078 2134 expedire
2095 2094 2273 2125 dinoscitur
2287 2098 2321 2125 ut
2352 2099 2362 2111 -’

1312 2151 1396 2190 apud
1409 2160 1478 2181 eam
1491 2150 1692 2181 diversarum
1703 2149 1888 2188 linguarum
1901 2148 2117 2188 penitentiarii
2129 2148 2318 2178 habeantur.

1313 2206 1394 2235 Cum
1417 2204 1516 2243 igitur
1536 2204 1574 2233 de
1595 2211 1695 2241 reguo
1719 2202 1840 2240 Anglie
1861 2201 2127 2240 penitentiarium
2157 2209 2260 2232 unum
2285 2201 2318 2231 in
2359 2232 2367 2238 ⁵

1312 2259 1402 2289 curia
1418 2262 1525 2288 nostra
1543 2257 1680 2287 velimus
1696 2256 1815 2286 habere
1826 2280 1833 2293 ,
1850 2255 2037 2286 discretioni
2057 2260 2109 2285 tue
2125 2264 2179 2295 per
2194 2258 2318 2294 aposto-
2359 2259 2363 2264 '

1311 2312 1373 2342 lica
1401 2313 1518 2351 scripta
1542 2311 1736 2341 mandamus
1765 2310 1917 2349 quatinus
1944 2308 2087 2348 aliquem
2114 2309 2245 2338 fratrem
2273 2306 2318 2338 tui

1310 2365 1434 2395 ordinis
1445 2365 1483 2395 de
1496 2373 1594 2403 regno
1608 2364 1677 2403 ipso
1687 2363 1726 2394 ad
1740 2362 1927 2402 hujusmodi
1939 2361 2080 2392 officium
2096 2360 2317 2400 exequendum

1310 2419 1474 2458 ydoneum
1492 2418 1531 2448 ad
1551 2422 1691 2448 nostram
1708 2416 1903 2456 presentiam
1924 2423 1997 2445 cum
2016 2414 2076 2445 tuis
2094 2412 2316 2444 testimoniali·
2356 2415 2363 2419 '

1309 2472 1368 2502 bus
1389 2472 1502 2502 litteris
1525 2480 1590 2502 non
1616 2470 1745 2500 differas
1770 2469 1941 2506 destinare,
1968 2467 2021 2498 cui
2043 2468 2140 2506 digne
2158 2466 2316 2506 possimus
2354 2507 2355 2510 Ἴ

1309 2525 1509 2556 committere
1524 2524 1666 2555 officium
1683 2523 1913 2563 supradictum.
1933 2522 2004 2552 Dat.
2025 2525 2059 2552 ut
2077 2529 2183 2560 supra,
2199 2529 2241 2550 xn
2260 2519 2314 2550 ka·
2344 2551 2349 2553 ,

1309 2579 1421 2609 lendas
1437 2578 1585 2609 octobris.
1604 2589 1619 2605 »

1348 2633 1386 2662 Iu
1398 2642 1426 2663 e.
1436 2641 1479 2662 m.
1497 2655 1516 2663 ..
1526 2631 1676 2661 ministro
1688 2630 1811 2660 ordinis
1822 2629 1957 2660 fratrum
1967 2629 2131 2659 minorum
2142 2626 2311 2658 Yberniae.

1379 2820 1402 2848 ’ἵ
1412 2820 1431 2847 1
1440 2819 1499 2848 54
2058 2812 2147 2846 Rieti,
2165 2812 2242 2841 1288.

1341 2881 1474 2909 Facultas
1490 2879 1623 2908 audiendi
1638 2877 1849 2906 confessiones.
1866 2876 1937 2911 (Ful.
1952 2876 1985 2904 28
2002 2876 2049 2909 ro.)

1345 2984 1453 3014 Dilecto
1468 2983 1532 3021 filio
1551 3005 1571 3014 ..
1588 2982 1706 3012 custodi
1727 2981 1831 3012 Sancti
1851 2980 2010 3010 Francisci
2032 2979 2066 3009 de
2084 2977 2192 3008 Asisio.
2215 2988 2228 3005 α
2250 2975 2308 3007 Vo-
