2393 3496
251 334 307 362 986
1000 320 1236 353 REGISTRES
1259 320 1313 349 DF„
1335 319 1517 349 NlCOLAS
1541 319 1595 348 lV.

249 408 299 429 res
324 398 415 428 electi
437 397 557 426 suerint
580 393 792 432 quorumdam
818 391 973 426 civitatis,
995 389 1090 418 castri
1112 387 1159 416 vel
1183 386 1255 422 loci,

251 464 264 478 ι
287 452 446 485 civitates,
463 453 564 479 castra
581 451 611 475 et
628 446 695 475 loca
712 444 850 482 predicta
871 442 1031 481 applicare
1048 439 1117 479 juri
1134 439 1258 478 proprio

250 513 314 534 non
338 506 507 536 verentur,
531 508 565 528 ac
588 500 613 527 si
637 497 874 536 progenitorum
899 503 1029 524 suorum
1054 492 1202 531 prioritas
1219 490 1258 521 ad

249 558 333 595 ipsos
346 555 501 587 civitates,
515 556 615 581 castra
628 555 657 579 ct
671 550 738 579 loca
756 549 894 588 predicta
906 549 979 586 jure
996 545 1190 576 hereditario
1207 544 1259 574 de-

250 610 410 639 tulisset...
434 615 545 636 omnes
568 604 758 637 electiones,
781 602 820 631 de
839 601 1096 640 quibuscumque
1117 598 1258 637 personis

249 664 283 692 iu
300 662 411 691 eodem
429 658 620 698 patrimonio
637 666 689 695 per
706 663 924 694 quoscumque
941 654 1037 683 factas
1053 652 1208 682 hactenus
1224 651 1257 680 in

248 714 442 748 civitatibus,
453 712 562 741 castris
577 714 606 740 et
619 709 695 739 locis
707 709 839 742 eisdem,
851 717 905 737 seu
919 707 952 736 111
966 711 1126 746 posterum
1143 704 1259 734 sacien-

247 769 318 804 das,
337 776 398 806 que
424 766 505 795 ultra
530 773 631 794 unum
652 772 775 792 anuum
795 763 982 792 viderentur
1003 761 1037 789 111
1059 758 1256 794 civitatibus,

247 821 358 852 castris
375 825 405 850 et
421 819 498 849 locis
517 817 668 857 predictis
681 816 937 856 J‘urisdictioueui
957 824 1011 843 seu
1030 813 1173 851 regimen
1191 819 1259 850 pro-

249 883 370 912 rogare,
392 885 404 900 »
424 876 536 902 cassat.

288 941 300 954 u
323 926 564 966 Experientia...
580 941 617 946 —-
635 925 704 954 Dal.
725 925 837 958 Rome,
855 931 940 952 anuo
959 921 1061 951 tertio.
1084 933 1095 946 r>

320 1100 438 1128 '²246
1112 1091 1187 1118 1290.

285 1162 326 1189 De
342 1162 482 1188 electione
498 1160 627 1195 episcopi
644 1159 765 1185 Sutrini.
782 1157 853 1190 (Fol.
872 1157 899 1183 41
921 1157 972 1185 vo.)

288 1265 408 1294 Dilectis
439 1263 512 1300 filiis
543 1285 563 1291 ..
594 1261 851 1299 archipresbytero
884 1263 908 1288 et
944 1259 1076 1296 capitulo
1108 1257 1259 1287 Sutrinis.

249 1330 263 1345 α
294 1317 390 1348 Obitu
418 1317 501 1346 bone
532 1314 685 1344 memorie
714 1312 930 1347 Aldebrandi¹
956 1311 1093 1350 episcopi
1118 1309 1259 1346 Sutrini,

248 1380 303 1410 per
332 1370 484 1400 dilectum
514 1369 618 1398 filium
640 1367 796 1397 ζ1300110111
823 1366 908 1395 Petri
935 1365 1015 1395 Raie
1043 1369 1073 1394 et
1096 1362 1261 1401 Angelum

248 1424 498 1462 Presbyterum,
520 1421 692 1451 canonicos
711 1426 740 1450 et
759 1422 976 1458 procuratores
1000 1421 1118 1448 vestros
1140 1417 1179 1446 ad
1203 1416 1262 1446 hoc

248 1477 432 1516 specialiter
464 1475 668 1509 constitutos,
697 1481 800 1512 nuper
825 1481 860 1502 ex
888 1475 974 1511 parte
1001 1476 1105 1501 vestra
1132 1469 1262 1509 provide

248 1531 407 1566 nuntiato,
419 1534 449 1559 et
458 1528 600 1567 eligendi
612 1527 660 1557 vel
673 1526 854 1566 postulandi
866 1525 1020 1556 canonice
1031 1524 1174 1563 aliquam
1187 1532 1262 1562 per-

249 1593 360 1614 sonam
387 1583 546 1622 ydoueam
573 1582 608 1610 in
632 1585 773 1610 vestrum
798 1579 981 1617 episcopum
1006 1582 1036 1607 et
1062 1582 1218 1616 pastorem
1245 1585 1263 1605 a

248 1639 340 1668 nobis
365 1637 494 1667 licentia
522 1634 698 1674 postulata,
730 1642 824 1663 1105...
847 1633 937 1662 vobis
963 1632 1001 1661 de
1027 1632 1162 1661 fratrum
1189 1639 1262 1660 nos-

248 1696 371 1721 trorum
387 1690 519 1720 consilio
536 1689 721 1719 auctoritate
743 1687 939 1726 presentium
959 1686 1017 1715 hac
1041 1685 1107 1715 vice
1131 1685 1261 1724 petitam

250 1745 417 1775 licentiam
433 1743 620 1781 elargimur.
642 1755 654 1768 »

321 1909 437 1938 ’ἵὲίιῧ

285 1971 449 1998 [tectoriam
466 1970 592 1997 civitatis
606 1969 827 1996 Beneventauae
843 1967 968 1994 Johanni
985 1967 1062 1994 dicto
1076 1966 1261 2001 Buccaporco

249 2020 391 2048 concedit.
408 2019 480 2053 (Fol.
498 2019 528 2046 41
548 2021 597 2050 v·.)

603 1905 965 1941 Salute-Marm-MaJeure,
983 1905 999 1933 9
1018 1912 1095 1931 mars
1112 1904 1189 1931 1290.

290 2124 399 2152 Dilecto
422 2123 487 2159 filio
504 2120 598 2151 nobili
616 2121 681 2150 viro
699 2120 835 2149 εΙοΙιιιηηί
853 2120 930 2150 dicto
950 2120 1135 2156 Buccaporco
1158 2119 1191 2147 de
1210 2118 1262 2147 Pi-

250 2177 303 2212 leo,
322 2177 429 2212 militi,
446 2175 557 2205 rectori
573 2175 707 2204 civitatis
723 2174 941 2203 Beneventano.

293 2242 304 2256 u
325 2229 451 2266 Quanto
472 2227 645 2267 specialius
669 2227 816 2256 civitas...
838 2242 876 2247 —
895 2226 965 2255 Dat.
987 2226 1108 2261 Rome,
1129 2234 1171 2254 vn
1191 2224 1263 2254 idus

251 2283 370 2319 martii,
390 2290 476 2311 anno
494 2280 598 2310 tertio.
619 2291 632 2307 ι

323 2448 439 2476 '2248

288 2510 331 2537 De
346 2510 447 2536 eodem
465 2509 589 2544 negotio.
606 2508 676 2543 (Fol.
694 2508 727 2535 4⁶2
745 2514 791 2540 το.)

610 2445 971 2480 Sainte-Marie·Majeure‚
988 2445 1004 2472 9
1020 2453 1097 2472 mars
1114 2444 1190 2473 1290.

293 2613 413 2642 Dilectis
429 2612 505 2649 filiis
520 2610 627 2650 populo
645 2612 863 2641 Beneventano.

295 2678 308 2693 α
326 2666 453 2702 Quanto
467 2664 636 2704 specialius
654 2664 805 2695 civitas...
823 2681 861 2686 —
877 2664 949 2694 Dat.
967 2667 1003 2694 ut
1022 2672 1128 2703 supra.
1148 2675 1163 2690 »

325 2837 442 2866 '7249

289 2900 421 2935 Apoclia.
445 2898 515 2929 (Fol.
533 2898 566 2925 42
584 2900 630 2929 ru.)

599 2836 961 2872 Sainte-Marie-Majeurc,
978 2837 1011 2864 ²22²
1025 2837 1095 2863 avril
1114 2836 1191 2864 1290*

296 3003 415 3031 Dileccis
430 3002 506 3037 filiis
522 3001 611 3038 Cieffo
629 3002 825 3038 Boninseqne,
844 3001 921 3040 Lupo
939 3002 1030 3031 Thini
1046 3010 1080 3030 ac
1096 3003 1199 3031 celeres
1215 3010 1263 3030 eo-

1342 395 1413 414 rum
1428 386 1516 414 sociis
1532 386 1565 413 de
1583 386 1720 414 societate
1737 385 1883 422 Maynelzi
1902 383 1936 411 de
1956 382 2045 412 Scala
2065 383 2168 412 Jacobs
2185 384 2304 421 Aymeri
2319 390 2346 416 et
2370 382 2371 412 1

1343 438 1506 467 Callialuni
1522 438 1619 471 Petri.
1641 438 1755 467 civibus
1769 442 1795 466 ει
1818 436 2038 466 mercatoribus
2055 436 2250 466 Florentinis.
2270 448 2283 464 ι
2303 437 2346 469 Ex
2370 462 2371 474 1

1343 495 1428 530 parte
1445 495 1549 520 vestra
1571 489 1629 520 fuit
1652 490 1829 528 expositum
1853 497 1959 519 corani
1984 489 2075 518 nobis
2097 488 2181 527 quod
2203 488 2242 519 de
2258 489 2347 522 bonis
2372 518 2373 521 ,

1341 544 1502 582 quondam
1520 543 1662 579 Heni-ici,
1680 543 1837 573 Ostiensis
1856 547 1886 572 et
1898 541 2107 572 Velletreusis
2123 542 2270 581 episcopi,
2287 551 2347 582 que
2372 545 2373 587 1

1342 597 1409 635 ipse
1433 597 1620 633 Thomasio,
1648 601 1721 626 nato
1751 596 1835 625 Petri
1859 595 1896 624 de
1927 595 2092 631 Romanis,
2117 595 2347 634 consanguinei
2372 593 2373 630 1

1342 651 1403 687 sui,
1421 651 1498 680 dum
1515 650 1646 687 viveret,
1663 650 1696 679 in
1712 659 1769 679 sua
1785 649 1897 679 ultima
1914 648 2086 685 voluntate,
2106 649 2287 687 hujusmodi
2297 649 2348 680 ad-
2372 639 2374 686 1

1339 704 1422 741 jecta
1435 703 1630 738 conditione,
1649 703 1766 741 legavit
1782 712 1788 732 z
1808 702 1833 732 si
1849 702 1952 731 dictus
1967 701 2181 731 'I‘liomasinus
2193 701 2347 741 videlicet,
2373 709 2375 747 1

1342 757 1397 795 qui
1414 757 1446 786 111
1466 757 1562 786 anuis
1583 757 1700 786 teneris
1721 760 1795 785 tunc
1811 756 1934 793 agebat,
1959 755 1998 784 ad
2020 754 2191 793 pubertatis
2213 758 2348 794 tempora
2374 750 2375 795 1

1343 810 1519 844 deveniret,
1538 810 1699 848 recepistis
1716 819 1742 839 c.
1759 814 1789 839 et
1801 819 1828 839 L.
1846 808 1992 838 marchas
2009 807 2248 845 sterlingorum,
2261 815 2346 846 quas,
2374 802 2376 843 1

1343 864 1453 894 eodem
1472 864 1616 902 episcopo
1635 863 1719 893 viam
1736 863 1887 892 universe
1903 861 2008 891 carnis
2026 861 2181 897 ingresso,
2202 868 2347 900 recogno—
2374 850 2375 856 1

1343 917 1434 946 vistis
1453 926 1506 947 vos
1523 917 1640 946 habere
1656 926 1692 946 ac
1708 920 1816 946 tenere
1833 916 1866 945 in
1883 915 2062 954 depositum
2079 914 2119 943 ab
2135 913 2348 945 executoribus
2376 919 2389 959 s

1343 971 1443 1009 ipsius
1462 970 1599 1009 episcopi
1623 979 1679 999 seu
1701 969 1958 1008 procuratoribus
1974 967 2159 998 eorumdem
2176 967 2251 997 dicti
2267 966 2349 999 Tho·
2376 966 2378 1007 1

1343 1025 1458 1053 111351111
1477 1024 1619 1060 nomine,
1634 1023 1812 1053 secundum
1829 1022 2003 1061 predictam
2020 1020 2236 1051 conditionem
2248 1020 2286 1051 ab
2300 1028 2350 1052 θο-
2376 1010 2378 1042 '.

1343 1077 1415 1107 dem
1445 1077 1591 1116 episcopo
1621 1077 1814 1106 institutam.
1848 1075 1994 1114 Cumque
2024 1074 2107 1103 idem
2138 1073 2350 1105 Thomasinua
2376 1084 2378 1094 s

1343 1139 1446 1161 annos
1464 1130 1596 1169 puberes
1614 1139 1676 1160 11011
1694 1130 1855 1167 attingens
1878 1138 1914 1158 ac
1934 1131 2116 1158 executores
2134 1127 2270 1166 episcopi
2283 1135 2349 1158 me-
2378 1143 2393 1151 w

1343 1183 1459 1213 morati
1482 1183 1625 1213 debitum
1652 1182 1794 1212 humane
1814 1181 2010 1212 conditionis
2031 1179 2225 1216 exolverint,
2244 1188 2348 1219 supra·
2377 1178 2380 1224 1

1344 1237 1427 1267 dicta
1443 1237 1578 1275 pecunia
1596 1244 1691 1275 penes
1708 1244 1761 1265 vos
1783 1234 1887 1264 taliter
1904 1234 2045 1272 deposita
2063 1236 2261 1268 remanente.
2279 1231 2348 1264 reli·
2378 1253 2381 1258 ι

1344 1291 1390 1321 cis
1405 1289 1634 1320 recordationis
1653 1289 1815 1319 Honorius
1832 1297 1910 1328 papa
1930 1287 2009 1324 1111,
2024 1286 2225 1325 predecessor
2235 1289 2347 1324 nostor.
2378 1272 2380 1285 Ι

1345 1344 1514 1383 pecuniam
1533 1353 1551 1373 a
1567 1343 1747 1382 supradicto
1766 1343 1912 1381 episcopo
1927 1341 2047 1380 prefato
2063 1339 2258 1370 Thomasino
2270 1338 2350 1379 lega·
2379 1327 2381 1354 1

1345 1402 1408 1427 tam
1425 1396 1603 1427 decreverit
1622 1406 1675 1435 per
1690 1395 1861 1435 apostolice
1876 1394 1960 1424 sedis
1975 1393 2208 1433 providentiam
2224 1392 2349 1432 dispena
2379 1388 2385 1434 1

1345 1452 1429 1487 sari,
1455 1459 1574 1489 vosque
1589 1450 1629 1480 ad
1648 1449 1835 1478 mandatum
1851 1453 1995 1478 nostrum
2014 1456 2067 1486 per
2081 1446 2236 1477 dilectum
2248 1445 2348 1478 filium

1346 1505 1400 1541 N„
1423 1504 1637 1534 camerarium
1657 1507 1687 1533 et
1710 1503 1871 1533 notarium
1892 1506 2049 1539 nostrum,
2072 1500 2245 1531 horetenus
2264 1498 2350 1532 vobis

1346 1558 1480 1593 factum,
1498 1556 1656 1596 predictas
1672 1566 1698 1587 c.
1717 1560 1747 1586 et
1763 1566 1790 1585 1,.
1810 1555 1956 1585 marchas
1975 1553 2206 1593 sterlingorum
2229 1561 2349 1584 camere

1346 1615 1453 1641 nostre
1469 1610 1645 1640 liberaliter
1661 1609 1816 1639 duxeritis
1833 1607 2096 1648 persolvendas...
2112 1616 2168 1638 vos
2179 1611 2208 1637 et
2223 1606 2349 1638 heredes

1346 1669 1376 1694 et
1387 1664 1568 1695 societatem
1581 1668 1702 1693 vestros
1713 1662 1816 1702 quoad
1831 1662 2006 1701 predictam
2024 1661 2233 1700 quantitatem
2245 1670 2272 1691 c.
2282 1663 2347 1691 etr..

1345 1718 1550 1748 marcharum
1568 1717 1810 1754 sterlingorum,
1827 1725 1846 1745 a
1862 1715 1961 1752 vobis,
1982 1719 2017 1745 ut
2038 1714 2226 1754 predicitur,
2248 1712 2348 1748 eidem

1345 1781 1470 1802 camere
1483 1771 1687 1811 persolutam,
1700 1769 1899 1809 presentium
1911 1769 2098 1799 auctoritate
2112 1766 2308 1798 absolvimus
2321 1770 2350 1798 et

1345 1826 1545 1864 quitamus...
1566 1824 1636 1854 Dat.
1655 1824 1768 1860 Rome,
1788 1826 1859 1859 etc„
1877 1832 1895 1852 x
1912 1821 2068 1852 kalendas
2086 1820 2176 1858 maii,
2192 1828 2278 1851 anno
2294 1824 2350 1851 ter·

1345 1879 1397 1909 tio.
1418 1890 1431 1905 »
2340 1876 2345 1882 ’

1418 2061 1536 2090 Εῇὅθ
1689 2057 2050 2092 sainte-Marie-tttajeure,
2067 2055 2102 2083 22
2118 2055 2188 2083 avril
2207 2054 2284 2083 1290.

1382 2124 1425 2150 De
1440 2124 1544 2150 debitis
1559 2123 1646 2150 castri
1663 2122 1802 2149 palatioli.
1819 2120 1890 2156 (Fol.
1910 2121 1942 2147 42
1960 2124 2012 2153 vo.)

1387 2228 1506 2256 Dilectis
1521 2227 1599 2264 filiis
1614 2247 1635 2254 ..
1654 2225 1888 2262 inquisitoribus
1904 2224 2030 2254 heretice
2044 2223 2245 2261 pravitatis...
2263 2227 2351 2251 man·

1346 2281 1399 2311 dat
1415 2285 1449 2310 ut.
1464 2280 1502 2310 de
1516 2279 1651 2318 pecunia
1666 2277 1889 2317 inquisitionis
1901 2277 2026 2307 civibus
2041 2275 2172 2307 Ortanis
2190 2274 2353 2305 restituant

1347 2342 1508 2364 summam
1529 2333 1569 2363 ab
1589 2333 1635 2362 eis
1653 2331 1840 2362 hominibus
1868 2330 1964 2360 castri
1985 2328 2135 2360 Palatioli
2160 2330 2350 2366 mutuatam3

1347 2396 1402 2426 pro
1417 2395 1480 2426 qua
1498 2385 1698 2416 restitutione
1715 2383 1866 2423 praedicti
1888 2383 2036 2414 homines
2055 2381 2240 2420 obligarunt
2254 2388 2287 2411 se
2303 2374 2352 2411 1·οέ

1347 2449 1461 2470 manae
1479 2439 1639 2475 ecclesiae,
1655 2447 1770 2468 census
1787 2437 1931 2473 nomine,
1945 2446 1974 2466 1,.
1993 2435 2087 2475 graui
2102 2439 2133 2465 et
2147 2445 2176 2465 L.
2189 2434 2275 2465 ordei
2288 2440 2352 2465 me·

1347 2494 1445 2524 dialia
1460 2498 1490 2524 et
1505 2503 1532 2524 1..
1553 2493 1671 2523 salmas
1687 2493 1785 2522 musti
1801 2491 1897 2521 annis
1913 2490 2052 2529 singulis
2070 2489 2243 2520 soluturos.

1389 2560 1402 2574 «
1421 2548 1465 2577 Ex
1482 2551 1570 2586 parte
1585 2546 1812 2576 dilectorum...
1828 2561 1866 2567 —
1883 2544 1955 2575 Dat.
1976 2547 2012 2574 ut.
2026 2551 2132 2582 supra.
2152 2554 2166 2570 n

1419 2733 1530 2762 '225¹
1955 2728 2081 2760 Orvieto.
2098 2729 2113 2755 5
2125 2728 2190 2764 juin
2207 2726 2284 2756 ¹290.
2377 2728 2390 2830 1

1385 2796 1555 2831 Passagium
1571 2795 1641 2821 salis
1655 2786 1774 2820 cerviae
1791 2791 1999 2820 mercatoribus
2013 2790 2240 2819 pistoriensibus
2252 2793 2353 2817 conco-

1347 2845 1398 2873 d'it.
1416 2845 1488 2879 (Fol.
1505 2844 1600 2876 4310)

1444 2948 1559 2983 Fortis,
1574 2947 1692 2976 civibus
1708 2945 1956 2975 Pistoriensibus.
1976 2943 2028 2973 Eis
2046 2942 2191 2974 concedit
2206 2944 2242 2972 ut
2255 2939 2352 2971 salem

1348 3000 1479 3031 Cei-viae
1493 3000 1613 3038 possint
1629 3011 1643 3025 «
1658 2999 1758 3029 facere
1770 2997 1887 3036 portari
1897 3000 1927 3027 et
1937 2995 2052 3026 abduci
2064 3003 2164 3035 usque
2175 2993 2237 3035 [...]
2248 2991 2354 3027 kalen·
