2393 3496
264 308 322 337 928
1014 306 1250 336 REGISTRES
1273 307 1327 336 DE
1350 306 1534 336 NICOLAS
1558 308 1614 338 IV.

265 379 356 403 cante
371 374 493 404 Suessit
504 374 593 402 nansi
606 372 736 401 ecclesia
752 382 806 410 per
817 373 939 402 obitum
954 372 1096 407 Milonis,
1110 373 1272 411 quondam

266 427 421 465 episcopi,
441 426 522 455 duae
545 426 714 455 electiones
734 435 751 453 a
772 426 934 454 canonicis
957 426 991 454 in
1010 426 1168 456 discordia
1190 425 1272 455 cele-

266 480 371 509 bratae
390 481 528 510 suci-unt.
545 478 642 507 altera
659 478 780 507 scilicet
797 478 835 507 de
852 479 1005 515 Gerardo,
1026 483 1099 508 tunc
1115 479 1274 508 archidia-

265 541 364 564 cono,
382 532 479 560 altera
496 531 534 559 de
549 530 699 559 Jolianue
715 530 752 559 de
772 530 942 566 vassonia,
960 531 1113 561 canonico
1129 532 1273 570 ejusdem

265 585 434 619 ecclesiam
460 584 513 611 sed
536 583 686 612 «Iohanne
710 583 897 613 electionem
919 593 1009 613 suam
1036 584 1185 622 prosequi
1209 592 1271 614 uon

264 643 394 667 curante
413 642 441 665 et,
456 636 574 665 Jacobo
589 636 627 664 de
646 636 792 665 vassiaco
809 640 839 665 et
855 636 997 666 Guiardo
1016 636 1055 666 de
1074 637 1270 674 Manaseris,

264 692 331 727 ejus
348 689 548 723 electoribus,
567 694 674 718 contra
692 688 870 719 Get-ardum
887 690 926 718 ad
943 690 1050 719 sedem
1066 689 1272 728 apostolicam

263 741 514 781 appellantibus,
539 750 615 779 papa
633 742 795 778 negotium
815 743 863 779 11,
884 742 991 772 Sancti
1015 743 1178 772 Eustachii
1201 743 1272 772 dia-

263 804 341 825 cono
365 794 530 831 cardinali,
558 795 754 824 audiendum
779 797 950 831 commisit,
971 809 983 823 ιι
1002 805 1110 826 coram
1134 805 1197 835 quo
1217 806 1272 835 pro

263 853 349 887 parte
367 848 494 883 ‹lat-obi,
515 848 646 877 Guiardi
669 853 699 877 et
714 848 940 878 adherentium
962 849 1177 888 predictorum
1202 850 1271 888 qui-

262 901 394 930 busdam
417 901 627 940 positionibus
647 902 766 940 primo,
788 912 823 932 ac
842 902 959 932 deiude
977 912 1032 942 pro
1050 906 1136 942 parte
1154 903 1272 941 magis-

263 953 301 983 tri
329 954 491 993 ttadutptii
513 955 551 984 de
577 954 808 993 Guingicurte,
836 956 1046 994 procuratoris
1069 956 1212 986 Oudai—di
1234 956 1272 985 de

261 1008 467 1038 Cliambliaco
492 1013 521 1037 et
546 1008 698 1046 Symonis
721 1009 760 1039 de
783 1009 984 1047 Conipeudio
1009 1014 1039 1039 et
1066 1010 1271 1048 quorundam

260 1061 397 1091 aliorum
414 1063 641 1091 canonicorum
657 1062 952 1099 Suessioueusium,
969 1064 1101 1093 nomine
1113 1063 1269 1093 dictorum

261 1114 402 1145 Oudai-di
423 1120 452 1144 et
473 1115 627 1154 &ymonis
652 1120 773 1145 tautum
798 1116 940 1146 articulis
963 1117 1157 1155 quibusdam
1179 1117 1270 1146 exhi-

260 1168 345 1204 bitis,
369 1180 380 1195 υ
402 1177 480 1207 papa
497 1168 579 1197 hanc
595 1168 842 1207 appellationem
862 1178 925 1199 non
943 1169 1084 1207 legitime
1101 1171 1271 1209 interposi-

262 1225 323 1250 tam
354 1221 594 1259 pronuntiavit,
621 1222 875 1260 examinatisque
904 1222 1060 1252 electione
1081 1227 1110 1253 et
1136 1233 1271 1262 persona

259 1284 315 1312 per
339 1274 395 1311 G.,
426 1274 636 1304 Sabinensem
669 1276 870 1314 episcopum,
899 1276 1103 1314 Johaunem,
1136 1277 1271 1308 Sanctae

260 1327 397 1357 Ceciliae
435 1328 673 1366 presbyterum,
704 1333 733 1358 et
764 1329 958 1367 praedictum
988 1330 1043 1365 P.,
1071 1330 1268 1367 cardinales,

260 1380 438 1411 Gerar-dum
476 1381 700 1411 Suessionensi
731 1382 881 1412 ecclesiae
912 1384 1095 1422 episcopum
1122 1384 1271 1423 praefecit

261 1434 352 1473 eique
369 1435 617 1465 consecrationis
637 1444 756 1465 munus
772 1436 916 1475 impendi
935 1437 1016 1466 l'ecit.

302 1500 314 1514 u
344 1488 430 1517 luter
457 1489 544 1517 varia
572 1489 846 1528 innumeraque...
873 1507 912 1512 —
943 1491 1012 1520 Dat.
1044 1491 1161 1529 Rome,
1186 1493 1270 1531 apud

260 1542 409 1571 Sanctam
440 1542 575 1571 Mariam
604 1542 778 1580 Maiorem,
805 1552 823 1572 x
851 1543 1003 1573 kalendas
1028 1545 1160 1583 aprilis,
1184 1555 1270 1576 anno

259 1595 381 1633 quinto.
403 1607 416 1621 υ

301 1648 337 1677 Iu
365 1659 390 1677 e.
416 1657 458 1677 m.
482 1647 620 1686 capitulo
646 1648 795 1678 ecelesiae
818 1650 1061 1680 Suessiouensis
1083 1652 1214 1682 mandat
1237 1657 1271 1682 ut

259 1702 362 1731 eidem
380 1702 524 1740 episcopo
540 1702 679 1731 debitam
696 1703 912 1733 obedientiam
930 1705 1087 1742 praebeat.

301 1756 338 1784 Iu
359 1765 386 1784 e.
409 1766 449 1784 ni.
469 1755 553 1785 clero
573 1756 708 1785 civitatis
728 1761 757 1785 et
773 1757 925 1786 dioecesis
941 1758 1198 1789 suessionensis.

302 1809 337 1838 Iu
356 1819 382 1838 e.
403 1818 444 1838 m.
465 1809 578 1847 populo
594 1809 731 1838 civitatis
748 1815 777 1839 et
792 1810 945 1840 dioecesis
962 1812 1215 1844 suessionensis.

300 1863 379 1892 Ine.
396 1872 438 1892 m.
454 1862 599 1892 vassallis
616 1863 858 1893 Suessionensis
874 1865 1026 1895 ecclesiae
1044 1867 1174 1896 mandat
1192 1872 1224 1897 ut
1241 1868 1268 1897 ei

259 1917 364 1946 debita
376 1917 449 1955 jura
468 1922 497 1946 et
513 1918 640 1946 servitia
657 1922 825 1955 praestent.

299 1971 335 2000 In
356 1980 382 2001 e.
412 1980 454 2000 m.
480 1994 498 2000 ..
523 1980 627 2009 regem
651 1971 803 2001 Franciae
830 1977 918 2010 rogat
939 1978 972 2002 nt
991 1974 1150 2004 auxilium
1171 1980 1201 2005 et
1222 1976 1267 2005 fa-

259 2033 364 2054 vorem
383 2024 410 2053 ei
433 2024 606 2063 impendat.

298 2087 312 2107 «
331 2078 477 2107 Occurrit
494 2078 583 2107 nobis
603 2078 680 2108 de...
698 2095 736 2100 —
757 2079 826 2109 Dat.
845 2084 878 2109 ut
897 2089 1003 2119 snpra.
1022 2094 1036 2107 »

329 2264 443 2292 69⁴⁸?

295 2324 425 2351 Facilitas
442 2325 607 2351 conserendi
625 2325 808 2352 beneficium.
826 2326 910 2360 (Hi-zo.
927 2327 971 2358 46,
988 2336 1014 2355 c.
1028 2328 1071 2360 34,
1089 2329 1107 2355 f.
1126 2329 1229 2362 1951-0.)

591 2264 954 2300 sainte-ittane-Mnjeui-e,
973 2267 1006 2293 ‘20
1023 2276 1098 2294 mars
1119 2269 1195 2296 1292.

304 2429 469 2457 Venerabili
496 2429 591 2464 fratri
619 2428 806 2465 Rayinaldo,
833 2430 1055 2468 archiepiscopo
1088 2431 1265 2468 Twonensi,

258 2482 438 2511 facultatem
457 2482 602 2511 coum-dit
619 2481 755 2511 faciendi
774 2483 869 2520 recipi
887 2483 919 2512 in
939 2483 1072 2513 ecclesia
1085 2485 1266 2515 Turonensi

258 2544 354 2565 unam
374 2543 539 2573 personam
560 2535 591 2564 iu
610 2535 802 2564 canonicum
823 2541 851 2565 et
869 2537 1054 2574 providendi
1073 2539 1101 2567 ei
1120 2539 1157 2567 de
1178 2548 1265 2577 prae-

257 2588 360 2618 bentia
379 2587 459 2617 nulli
477 2588 528 2616 alii
548 2588 662 2617 dehita.

298 2655 311 2667 «
341 2642 442 2671 'suain
474 2642 614 2670 Wilvtle
645 2642 838 2672 honorare...
867 2661 904 2665 —
935 2645 1003 2674 llat.
1031 2645 1149 2679 Rome,
1182 2647 1264 2685 apud

257 2697 406 2725 Sanctam
433 2696 564 2724 Mariam
592 2696 762 2733 Majoreui,
784 2706 835 2725 xui
857 2696 1010 2727 kalendas
1029 2699 1155 2736 api-itis,
1179 2708 1265 2730 auno

255 2749 378 2788 quinto.
399 2761 411 2775 r·

327 2922 442 2949 (so-1⁸

292 2985 432 3019 Episcopo
444 2983 607 3009 'I'usculauo
621 2983 734 3008 mandat
749 2988 776 3008 ut
791 2988 975 3018 usurpatores
990 2986 1128 3012 bonorum
1147 2995 1261 3014 monas—

589 2920 950 2955 sni1110-Mai-iv-,ttsijoure‚
973 2924 1000 2948 ts
1018 2932 1093 2949 niars
1115 2925 1189 2951 1202).

1360 373 1421 398 terii
1438 372 1561 399 Sanctae
1574 373 1678 400 Mariae
1693 373 1847 406 Farseusis,
1860 375 1969 402 ordinis
1981 375 2010 402 S.
2025 375 2184 407 Benedicti,
2197 376 2364 407 sabinensis

1357 420 1510 453 dioecesis,
1527 421 1559 447 ad
1581 423 1791 449 restitutionem
1808 427 1836 449 ct
1857 424 2083 450 satisfactionem
2100 424 2270 460 injuriarum
2285 434 2363 455 com·
2390 452 2392 458 ,

1359 473 1466 503 poscat.
1485 470 1567 502 (Res.
1586 471 1629 502 46,
1647 479 1673 497 c.
1692 472 1735 505 35,
1752 472 1770 498 f.
1791 472 1839 499 195
1859 474 1906 504 r⁰.)
2390 463 2393 510 l

1404 572 1571 601 Venerabili
1587 574 1683 608 fratri
1697 574 1844 610 Jolmnni',
1861 575 1995 613 episcopo
2014 574 2194 606 Tusculano.
2391 515 2393 626 i

1399 636 1411 650 «
1432 624 1575 661 Dignum
1592 630 1724 656 estut...
1742 643 1779 649 ——
1798 627 1869 656 Dat.
1890 627 2008 665 Rome,
2027 628 2110 666 apud
2129 628 2279 660 Sanctam
2296 631 2363 662 Ma—
2392 649 2393 666 i

1358 678 1436 706 riam
1456 678 1622 716 Majorem,
1640 688 1679 708 xv
1695 679 1848 710 kalendas
1864 681 1986 719 aprilis,
2007 690 2092 712 anno
2107 683 2230 721 quinto.
2254 695 2268 711 n

1410 857 1663 887 (mam-(3950

1391 920 1636 954 Compositionem
1655 922 1727 947 inter
1742 922 1992 957 archiepiscopum
2012 922 2246 959 Lugdunensem,
2263 933 2297 952 ex
2310 934 2365 955 unu

1719 858 2078 894 Satnte-Marie-tttnjeuve.
2093 860 2126 887 23
2138 869 2214 888 mars
2232 862 2309 890 1292.

1357 973 1451 1004 parte,
1480 969 1636 1003 capitulum
1666 970 1861 1004 Lugdunensc
1886 975 1914 998 et
1940 973 2134 1007 praepositum
2163 973 2308 1010 Forverii,
2329 983 2364 1004 ex

1355 1019 1452 1052 altera,
1469 1026 1557 1052 super
1573 1020 1720 1054 temporali
1741 1020 1944 1053 jurisdictione
1967 1021 2091 1048 civitatis
2111 1022 2316 1057 Lugdunensis
2337 1028 2366 1054 et

1354 1067 1528 1101 quibusdam
1548 1068 1612 1094 aliis
1631 1069 1760 1095 articulis
1782 1069 1885 1095 [actam
1909 1070 2068 1098 confirmat.
2097 1071 2179 1104 (Rea.
2200 1072 2245 1104 46.
2267 1081 2294 1100 c.
2320 1072 2363 1110 36,

1354 1117 1373 1142 f.
1398 1117 1444 1143 195
1465 1123 1509 1148 v⁰;
1537 1115 1655 1149 Purra„
1670 1117 1780 1148 ς23943.)

1402 1219 1569 1249 Venerabili
1592 1221 1686 1257 fratri
1711 1243 1730 1250 ..
1755 1221 1978 1259 archiepiscopo
1999 1227 2024 1250 et
2048 1223 2166 1252 dilectis
2186 1223 2263 1261 fictis
2280 1245 2301 1254 ..
2319 1225 2364 1255 de-

1355 1282 1429 1303 cano
1445 1278 1470 1302 et
1493 1272 1626 1311 capitulo
1645 1274 1762 1303 ecclesie
1785 1274 2006 1312 Luydunensis.
2026 1287 2040 1302 «
2066 1275 2138 1306 Hiis
2158 1285 2220 1315 que
2236 1285 2292 1316 per
2306 1277 2366 1309 fra-

1358 1332 1418 1356 tres
1435 1331 1557 1356 nostros
1570 1326 1703 1356 ecclesie
1720 1336 1851 1357 romane
1870 1328 2049 1358 cardinales
2066 1330 2254 1361 auctoritate
2268 1331 2367 1366 inter-

1356 1380 1505 1409 veniente
1513 1380 1684 1418 apostolica
1695 1380 1887 1410 ordinantur
1895 1381 1979 1411 liben
1987 1382 2195 1413 tei-adicimus
2203 1384 2365 1422 apostotici

1355 1433 1549 1463 muniminis
1561 1433 1758 1470 firmitatem,
1773 1439 1806 1463 ut
1823 1433 1946 1464 illibata
1964 1435 2144 1474 persistant,
2162 1436 2239 1467 dum
2259 1442 2375 1477 nostro.

1354 1487 1474 1516 fuerint
1489 1487 1628 1525 presidio
1642 1487 1851 1517 communita.
1867 1488 1952 1517 Sane
1970 1489 2077 1527 petitio
2090 1494 2194 1520 vestra
2209 1491 2300 1521 nobis
2315 1500 2364 1522 ex-

1355 1540 1455 1578 posita
1482 1541 1665 1570 continebat
1690 1541 1789 1579 quod,
1818 1550 1889 1571 cuni
1916 1541 1992 1571 olim
2022 1542 2106 1572 inter
2130 1547 2174 1582 te,
2197 1543 2295 1574 frater
2318 1553 2387 1579 ar-‚

1354 1593 1568 1632 chiepiscope,
1587 1603 1621 1623 ex
1644 1599 1730 1631 parte
1747 1603 1827 1630 una,
1846 1598 1876 1624 et
1899 1603 1968 1631 vos,
1987 1595 2047 1624 filii
2063 1595 2182 1626 decane
2198 1602 2229 1627 et
2244 1597 2364 1637 capitu-

1354 1647 1438 1684 lum,
1464 1656 1498 1677 ex
1528 1647 1643 1684 altera,
1668 1657 1764 1686 super
1790 1648 1955 1686 temporali
1978 1649 2202 1688 jurisdictione
2228 1651 2366 1682 civitatis

1356 1701 1582 1738 Lugdunensis
1608 1705 1638 1730 et
1661 1701 1854 1739 quibusdam
1885 1701 1959 1731 aliis
1985 1702 2131 1733 articulis
2158 1709 2227 1734 orta
2254 1704 2366 1735 suisset

1355 1754 1490 1784 materia
1507 1755 1702 1792 questionis,
1722 1755 1849 1784 tandem
1869 1755 2065 1785 venerabilis
2088 1756 2184 1786 frater
2199 1757 2255 1795 G.,
2273 1757 2365 1789 Sabi-

1356 1809 1465 1837 nensis
1481 1809 1660 1846 episcopus,
1675 1813 1706 1838 et
1720 1808 1856 1837 dilectus
1873 1808 1958 1838 iilius
1976 1810 2074 1839 nostri
2093 1810 2142 1847 B„
2159 1810 2241 1840 tituli
2256 1811 2365 1842 Sancti

1357 1862 1485 1891 Martini
1508 1862 1684 1900 presbyter,
1707 1866 1780 1891 tunc
1804 1862 1912 1891 Sancti
1932 1863 2056 1893 Nicolai
2082 1863 2116 1892 in
2138 1863 2271 1894 Gai-cere
2287 1865 2365 1896 Tul-

1359 1915 1450 1945 liano
1466 1915 1619 1945 diaconus
1636 1915 1825 1953 cardinalis,
1843 1925 1862 1954 q
1877 1925 1980 1946 iorum
1997 1917 2193 1948 ordinationi
2209 1922 2240 1948 et
2259 1919 2367 1958 dispo-

1354 1970 1460 1999 sitioni
1483 1978 1537 1999 vos
1556 1978 1651 2008 super
1675 1969 1734 1999 hoc
1756 1969 1935 1999 voluntarie
1959 1971 2170 2007 submisistis,
2195 1976 2226 2002 et
2247 1973 2364 2012 quihus

1354 2033 1388 2053 su
1396 2033 1448 2062 per
1460 2024 1570 2053 eadem
1584 2024 1750 2061 questione
1761 2024 1955 2053 duxeramus
1969 2028 2091 2055 nostras
2101 2025 2160 2055 sub
2169 2030 2254 2056 certa
2263 2026 2366 2058 forma

1354 2077 1473 2107 litteras
1489 2077 1685 2115 dirigendas,
1701 2077 1779 2106 dum
1795 2087 1905 2106 versus
1919 2083 2021 2116 partes
2033 2078 2219 2116 gallicanas,
2234 2081 2273 2110 ad
2287 2089 2365 2120 quas

1352 2141 1370 2161 a
1391 2131 1482 2161 nobis
1505 2140 1558 2169 pro
1580 2130 1773 2169 quibusdam
1796 2130 1927 2160 ecclesie
1950 2139 2082 2161 romane
2106 2132 2243 2170 negotiis
2265 2133 2362 2163 desti-

1354 2185 1430 2221 uati,
1443 2184 1612 2213 transitum
1626 2193 1680 2222 per
1694 2184 1856 2213 civitatem
1872 2184 2012 2214 facerent
2023 2185 2288 2223 Lugdunensem,
2301 2189 2364 2216 tam

1351 2238 1536 2268 auctoritate
1557 2237 1772 2277 predictarum
1797 2236 1976 2267 litterarum
2001 2242 2303 2278 nostrarumquam
2326 2249 2363 2270 ex

1351 2295 1502 2330 potestate
1518 2301 1573 2329 per
1591 2290 1775 2329 hujusmodi
1794 2294 1930 2320 vestram
1954 2291 2204 2321 submissionem
2223 2292 2284 2322 sibi
2303 2296 2364 2323 tra-

1350 2346 1431 2382 dita,
1451 2345 1603 2383 prefatam
1629 2345 1830 2383 questionem
1857 2354 1912 2382 per
1939 2344 2102 2382 quandam
2125 2345 2387 2384 ordinationem-

1351 2408 1404 2428 seu
1423 2398 1687 2436 compositionem
1705 2397 1870 2436 providam
1894 2397 2126 2434 terminarunt,
2147 2402 2240 2437 prout
2261 2399 2295 2428 in
2315 2399 2363 2429 in·
2375 2393 2383 2401 '⁷

1350 2456 1529 2481 strumento
1553 2451 1677 2489 publico
1704 2451 1778 2480 iude
1803 2451 1961 2487 confecto,
1987 2451 2146 2482 dictorum
2171 2452 2311 2491 episcopi
2332 2449 2363 2483 et

1350 2504 1521 2534 cardinalis
1537 2504 1653 2541 sigillis
1677 2505 1817 2541 munito,
1845 2503 1970 2542 plenius
1995 2505 2191 2534 continetur.
2218 2505 2284 2536 Nos
2300 2505 2360 2536 ita-

1350 2569 1423 2598 que,
1442 2559 1552 2587 vestris
1569 2558 1854 2597 supplifflitiouilius
1872 2558 2031 2594 inclinati,
2049 2558 2287 2589 ordinationem
2304 2568 2358 2590 seu

1350 2612 1613 2651 compositionem
1647 2612 1830 2650 hujusmodi
1859 2616 1957 2641 ratam
1987 2616 2017 2641 et
2039 2616 2162 2650 gratam
2190 2613 2358 2650 habentes,

1350 2676 1418 2695 eam
1451 2666 1637 2695 auctoritate
1668 2665 1839 2703 apostolica
1868 2666 2116 2702 confirmanius,
2149 2671 2178 2694 et
2203 2665 2359 2704 presentis

1349 2720 1454 2758 scripti
1474 2719 1651 2758 patrocinio
1666 2719 1926 2755 commuuimus;
1951 2724 2092 2749 tenorem
2112 2719 2212 2758 ipsius
2236 2719 2357 2750 instru-

1349 2774 1447 2802 menti
1468 2774 1505 2802 ‹le
1525 2773 1618 2802 verbo
1637 2773 1675 2801 ad
1699 2773 1829 2802 verbum
1852 2772 2050 2811 presentibus
2068 2772 2168 2802 inseri
2186 2772 2356 2810 saciente53

1347 2828 1401 2864 qui
1421 2826 1492 2855 talis
1508 2831 1555 2855 est
1575 2835 1581 2855 2

1389 2892 1401 2906 a
1431 2880 1464 2908 ln
1495 2880 1626 2909 nomine
1654 2880 1798 2914 Domini,
1826 2888 1932 2909 amen.
1955 2878 2037 2909 Cum
2064 2878 2141 2909 olim
2167 2879 2251 2908 inter
2274 2879 2356 2910 bone

1349 2944 1360 2958 n
1389 2933 1541 2962 memorie
1560 2933 1767 2971 ltodulpluun
1790 2933 1828 2961 de
1847 2933 1979 2968 Torota„
2007 2932 2107 2971 prime
2129 2932 2355 2970 Lugdunensis

1347 2997 1360 3012 »
1386 2986 1516 3015 ecclesie
1537 2986 1827 3025 archiepiscopum,
1846 2995 1881 3015 ex
1902 2994 1964 3016 una
1986 2990 2088 3025 parte,
2108 2990 2138 3016 et
2158 3009 2176 3015 ..
2196 2985 2353 3016 decanum
