2393 3496
935 290 1188 336 QUATRIEME
1211 290 1366 330 ANNEE.
2138 309 2195 340 789

82 359 87 362 ’
107 369 137 394 et
156 363 330 401 recipiendi
352 363 536 402 hujusmodi
555 365 720 395 occasione
739 367 974 404 procurationes
1000 366 1109 396 mode-

106 422 198 448 ratas.

147 482 161 498 ι
175 470 322 499 Habetin
336 469 464 500 nobis...
476 486 515 492 —
527 471 598 501 Dat.
611 471 695 510 apud
706 472 978 507 Urbemveterem,
991 482 1046 502 xm
1058 473 1111 502 ka-

107 523 217 554 lendas
235 523 421 561 septembris
432 547 439 560 ,
456 531 542 554 anno
558 529 681 562 quarto.
702 537 716 551 »ι

177 701 296 733 5850

143 764 275 792 Facultas
290 764 429 799 largiendi
444 764 648 799 indulgentias.
666 765 748 799 (Rea.
767 766 810 797 46,
828 774 853 792 c.
871 766 932 797 4⁶28,
951 766 970 793 s.
986 766 1019 793 84
1036 770 1082 798 νῦ.)

679 702 809 734 Orvieto,
828 703 862 730 ‘25
877 705 945 730 amit
962 703 1040 731 129¹.

147 867 251 898 Eidem
273 866 421 905 indulget
444 871 477 897 nt
501 867 790 906 quotienscumque
815 868 921 906 ipsum
942 868 992 897 vei
1013 868 1112 898 alium

108 922 140 952 in
163 922 263 959 ipsius
286 921 464 959 praesentia
486 920 617 950 verbum
643 921 700 950 Dei
727 929 903 959 proponere
926 921 1110 959 eontigerit,

107 974 256 1006 omnibus
265 983 338 1003 vere
348 973 582 1012 poenitentibus
594 978 624 1003 et
632 974 784 1004 confessis
795 974 997 1004 adstantibus
1008 974 1111 1003 indul-

107 1029 246 1067 gentiam
262 1037 300 1057 xc
317 1027 444 1056 dierum
461 1027 573 1065 largiri
589 1027 704 1056 valeat.

147 1094 160 1107 ‘e
186 1080 268 1111 Cum
294 1089 351 1110 nos
376 1080 535 1110 dudum...
556 1096 595 1103 —
621 1080 691 1110 Dat.
719 1081 805 1118 apud
832 1081 1110 1118 Urbemveterem,

105 1144 160 1164 vni
174 1134 329 1164 kalendas
345 1134 532 1172 septembris
545 1158 552 1171 ‚
571 1142 657 1164 anno
673 1138 794 1172 quarto.
813 1146 826 1159 »

174 1322 262 1351 585
269 1322 288 1349 Ι

142 1384 272 1412 Facultas
294 1385 433 1419 largiendi
454 1384 660 1419 indulgentias
682 1385 764 1415 (Rnc,
783 1385 824 1416 45,
843 1394 868 1411 c.
888 1385 960 1419 4282,
978 1385 997 1411 s.
1016 1386 1048 1412 84
1065 1391 1113 1419 1¹⁰.)

684 1321 811 1354 Orvieto,
829 1322 863 1348 ‘25
879 1324 946 1349 aont
963 1322 1040 1350 1291.

145 1488 249 1517 Eidem
267 1487 411 1517 concedit
427 1491 461 1517 ut
479 1487 513 1516 in
532 1487 636 1525 prima
652 1488 749 1517 missa
765 1497 860 1526 quam
881 1497 953 1517 eum
972 1488 1113 1526 contige-

107 1540 149 1570 rit
163 1541 197 1570 in
220 1540 416 1578 Trajectensi
439 1539 571 1570 ecclesia
587 1540 762 1577 celebrare,
779 1541 930 1571 omnibus
948 1550 1020 1571 vere
1039 1550 1113 1580 poe-

108 1593 284 1623 nitentibus
302 1597 333 1623 ct
347 1593 500 1623 confessis
517 1594 736 1632 praesentibus
753 1594 848 1624 unius
861 1595 938 1623 anni
951 1596 981 1623 et
994 1603 1031 1623 xi
1045 1594 1113 1624 die-

108 1657 179 1678 rum
196 1647 432 1685 indulgentiam
449 1646 563 1685 largiri
581 1647 694 1677 valeat.

150 1713 164 1728 ι
181 1700 263 1730 Cum
279 1709 337 1730 nos
352 1700 513 1730 dudum...
531 1717 570 1721 —
587 1701 658 1730 Dat.
676 1706 833 1740 utsupra.
854 1714 866 1727 a

176 1888 295 1918 5852

141 1950 268 1977 Licentia
283 1950 416 1977 testandi.
433 1949 517 1982 (Rae.
537 1950 580 1981 46,
598 1958 623 1976 c⁴
642 1950 703 1984 429,
719 1950 738 1976 f.
756 1950 788 1977 84
805 1952 853 1983 ro.)

705 1888 832 1919 orvieto,
850 1889 863 1914 Τ
881 1890 948 1915 aeut
966 1889 1043 1915 1291.

98 2088 101 2091 y
146 2054 261 2084 Eidem.

148 2118 161 2133 κ
184 2106 267 2142 Quia
290 2107 446 2145 presentis
465 2107 565 2136 vite...
581 2122 622 2129 —
642 2107 713 2137 Dat.
730 2107 813 2145 apud
834 2107 1112 2145 Urbemveterem,

107 2168 150 2188 vn
166 2159 240 2189 idus
256 2159 400 2197 angusti,
417 2168 503 2189 auno
518 2164 641 2198 quarto.
662 2172 674 2185 n

177 2337 299 2366 5853

145 2399 250 2427 Contra
266 2401 450 2435 injuriatores
464 2401 658 2436 'trajectensis
673 2402 823 2429 ecciesiae.
841 2402 924 2436 (Rae.
943 2403 989 2434 46,
1007 2412 1031 2430 c.
1049 2403 1115 2438 430,

107 2450 128 2477 1.
150 2450 183 2477 84
200 2449 247 2485 μ’.)

690 2339 816 2370 Orvieto,
831 2339 865 2366 ‘23
882 2340 950 2366 aout
966 2340 1042 2368 1291.

147 2552 261 2582 Eidem.
282 2563 295 2579 α
315 2552 491 2582 Desideriis
508 2553 573 2582 tuis
592 2561 723 2591 super...
743 2553 784 2583 Ut
802 2553 836 2582 in
857 2554 1044 2584 manifestos
1062 2562 1116 2584 oc-

107 2609 271 2643 cupatores
286 2605 443 2636 bonorum
461 2605 500 2635 ad
517 2610 545 2635 te
562 2610 592 2636 et
608 2606 774 2636 ecclesiam
790 2607 891 2646 ipsam
903 2631 910 2643 ‚
928 2607 1115 2644 canonicos,

107 2658 287 2698 capellanos
314 2668 349 2689 ac
379 2659 510 2689 clericos
539 2659 639 2698 ipsius
666 2660 882 2690 communiter
909 2660 959 2690 vel
986 2660 1118 2690 divisim

108 2713 319 2750 spectantium
335 2717 366 2742 et
382 2712 524 2742 notorios
540 2712 758 2743 malefactores
774 2718 852 2749 tuose
870 2714 932 2743 nisi
948 2722 966 2743 a
983 2718 1011 2743 te
1026 2722 1119 2744 cano-

108 2764 179 2794 nice
191 2765 305 2795 moniti
321 2769 471 2804 occupata
487 2765 673 2804 hujusmodi
690 2766 891 2796 restituerint
907 2771 938 2796 et
954 2767 992 2796 de
1007 2766 1117 2805 damp-

109 2817 159 2847 nis
183 2817 284 2848 illatis
309 2818 522 2848 satisfecerint
543 2823 755 2856 competenter
776 2819 860 2849 infra
886 2824 1118 2858 competentem

109 2866 284 2901 terminum
302 2880 398 2910 quem
415 2871 466 2902 eis>
481 2872 519 2901 ad
536 2871 595 2902 hoc
613 2872 741 2902 duxeris
760 2873 980 2911 prefigendum
992 2895 1001 2909 ,
1018 2872 1118 2912 possis

109 2924 450 2954 excommunicationis
461 2949 468 2960 ,
487 2925 709 2963 suspensionis
722 2930 752 2954 et
766 2925 926 2955 interdicti
943 2925 1118 2955 sententias

109 2977 312 3015 promulgare
327 2987 363 3008 ac
377 2978 493 3008 deinde
509 2978 594 3016 ipsos
609 2978 649 3007 ab
663 2978 741 3017 ipsis
758 2978 931 3014 absolvere,
951 2983 1117 3018 postquam

1193 366 1252 396 tibi
1275 371 1304 396 et
1325 367 1385 406 ipsi
1409 368 1540 399 ecclesie
1566 379 1660 408 super
1681 369 1747 399 hiis
1771 370 1866 400 fuerit
1889 371 2029 409 plenarie
2051 375 2194 406 satisfac—

1194 423 1300 449 tum...
1319 421 1389 450 Dat.
1408 422 1491 460 apud
1507 422 1782 459 Urbemveterem,
1794 433 1813 452 x
1829 423 1980 455 kalendas
1996 428 2192 464 septembris,

1194 481 1279 503 anno
1294 479 1416 512 quarto.
1436 486 1449 501 ι

1265 652 1382 680 5854
1745 654 1875 688 Orvieto,
1892 656 1924 681 ⁸27
1937 655 2031 690 juillet
2048 655 2126 683 1291.

1230 713 1358 740 Licentia
1375 715 1554 748 ingrediendi
1570 717 1750 743 monasteria.
1775 716 1855 747 ‹Ru-1.
1873 718 1918 748 46,
1937 726 1963 745 c.
1979 718 2052 753 430²,
2069 719 2087 746 f.
2105 719 2138 746 84
2154 725 2197 750 τος

1198 761 1313 795 Poma,
1330 763 1439 794 23748.)

1236 866 1409 902 Ferncmdo,
1435 867 1568 903 episcopo
1592 867 1754 904 Burqenst,
1779 868 1925 905 indulget
1950 872 1984 897 ut
2008 869 2198 898 monasteria

1197 918 1388 947 monialium
1407 927 1482 947 suae
1503 918 1656 948 dioecesis
1679 918 1878 957 aliorumque
1901 920 2039 950 locorum
2060 921 2098 950 ad
2117 930 2197 959 quae

1196 971 1302 1010 ipsum
1320 981 1383 1001 una
1399 980 1472 1001 cum
1491 995 1510 1001 ..
1531 981 1602 1010 rege
1614 972 1770 1002 Castellae
1788 974 1952 1011 pervenire
1968 975 2144 1011 contigerit,
2159 975 2199 1004 ad

1196 1024 1440 1062 proponendum
1465 1025 1545 1054 inibi
1570 1025 1703 1054 verbum
1722 1026 1781 1054 Dei
1797 1025 1846 1055 vel
1863 1026 2052 1056 visitationis
2069 1032 2122 1056 aut
2137 1027 2198 1057 alia

1197 1077 1329 1107 honesta
1352 1086 1462 1114 cansa,
1481 1087 1553 1107 cum
1578 1078 1702 1108 duobus
1726 1079 1874 1108 fratribus
1892 1080 2013 1108 ordinis
2038 1080 2198 1110 minorum

1196 1130 1324 1168 ingredi
1340 1131 1452 1160 valeat.

1238 1196 1251 1211 ιι
1272 1184 1421 1214 Volentes
1436 1185 1576 1223 benigne
1591 1194 1773 1215 annuere...
1789 1202 1829 1208 —
1846 1186 1914 1215 Dat.
1928 1186 2011 1224 apud
2028 1186 2199 1216 Urbemve-

1197 1241 1313 1268 terem,
1332 1247 1361 1266 vi
1380 1237 1534 1267 kalendas
1550 1240 1692 1275 augusti,
1710 1247 1796 1268 anno
1813 1244 1933 1278 quarto.
1953 1251 1967 1264 n

1267 1417 1386 1445 5855

1234 1479 1275 1505 De
1293 1488 1411 1506 numero
1427 1480 1593 1505 monialium
1609 1480 1637 1505 in
1654 1480 1827 1506 monasterio
1841 1480 1875 1506 de
1887 1480 2032 1514 Avenayo,
2048 1480 2200 1507 Remensis

1196 1528 1350 1559 dioecesis,
1368 1528 1590 1562 augmentando.
1610 1528 1691 1560 (Rae.
1710 1528 1757 1559 46,
1774 1536 1799 1555 c.
1816 1528 1877 1560 431,
1893 1529 1912 1555 f.
1929 1529 1962 1555 34
1978 1530 2025 1561 1¹⁰.)

1777 1417 1907 1448 Orvicto,
1926 1418 1956 1444 13
1969 1419 2032 1452 juin
2052 1419 2127 1445 ¹291.

1239 1654 1259 1660 ..
1283 1630 1502 1668 archiepiscopo
1527 1632 1663 1660 Remenszss
1684 1630 1853 1659 committit
1873 1634 1908 1659 ut
1931 1653 1950 1660 ..
1975 1631 2149 1660 abbatissae
2172 1636 2202 1661 et

1198 1684 1371 1715 conventui
1391 1684 1574 1714 monasterii
1593 1683 1631 1713 de
1649 1684 1812 1722 Avenayo,
1832 1684 1956 1713 ordinis
1974 1684 2006 1713 S.
2027 1684 2198 1719 Benedicti,

1200 1738 1370 1768 Remensis
1382 1737 1547 1774 dioecesis,
1561 1737 1586 1766 si
1603 1737 1644 1766 ita
1660 1736 1775 1766 viderit
1787 1736 1945 1775 expedire,
1960 1737 2088 1776 petitam
2102 1737 2200 1767 licen-

1199 1793 1275 1821 tiam
1304 1791 1456 1821 concedat
1483 1790 1714 1828 augmentandi
1745 1799 1915 1820 numerum
1944 1790 2135 1820 monialium
2163 1791 2200 1820 de

1198 1845 1409 1884 quadraginta
1424 1844 1463 1873 ad
1478 1844 1724 1882 quinquaginta.

1241 1910 1254 1925 ι(
1272 1897 1505 1935 Significarunt
1527 1897 1620 1926 nobis
1640 1896 1789 1926 dilecte...
1809 1913 1849 1919 —
1866 1897 1936 1927 Dat.
1961 1897 2043 1935 apud
2064 1897 2199 1927 Urbem--

1200 1957 1354 1984 veterem,
1372 1951 1477 1980 idibus
1491 1950 1593 1987 junii,
1611 1958 1696 1979 anno
1711 1955 1832 1988 quarto.
1849 1962 1862 1975 n

1268 2129 1384 2158 5856

1234 2192 1318 2219 Cives
1333 2192 1478 2217 Callenses
1499 2191 1643 2225 compellit
1664 2190 1765 2217 cedere
1784 2191 1958 2217 territorium
1982 2191 2009 2216 in
2031 2199 2086 2225 quo
2102 2191 2199 2217 aedifi—

1794 2128 1918 2159 Orvieto,
1937 2128 1952 2155 9
1967 2130 2033 2154 amit
2053 2128 2128 2155 1291.

1197 2245 1299 2267 centur
1320 2240 1442 2267 ecclesia
1465 2239 1636 2266 cathedralis
1660 2244 1688 2266 et
1711 2240 1890 2274 episcopales
1915 2240 2028 2266 domus.
2046 2240 2128 2273 (Rea.
2151 2240 2197 2273 46,

1198 2298 1222 2317 c.
1241 2290 1301 2321 431,
1319 2290 1335 2316 f.
1355 2289 1386 2316 84
1404 2292 1455 2320 νο.)

1241 2415 1260 2422 ..
1275 2394 1408 2430 episcopo
1433 2390 1600 2427 Valentino,
1622 2392 1756 2421 marchie
1774 2393 1963 2420 Anconitane
1978 2394 2097 2421 rectori.
2114 2404 2126 2418 «
2144 2392 2199 2421 Ex-

1199 2445 1389 2484 ponentibus
1413 2445 1504 2474 nobis
1526 2444 1604 2474 olim
1627 2444 1803 2474 venerabili
1827 2444 1921 2474 fratre
1945 2449 2089 2474 nostro..
2117 2445 2199 2483 epis-

1199 2507 1274 2537 copo
1303 2502 1333 2528 et
1357 2497 1480 2527 dilectis
1507 2497 1585 2527 filiis
1612 2497 1750 2535 capitulo
1775 2496 1975 2526 Callensibus
2000 2497 2100 2536 quod,
2127 2497 2199 2526 licet

1199 2559 1369 2581 commune
1385 2550 1521 2579 civitatis
1538 2550 1645 2579 Sancti
1664 2549 1781 2588 Angeli
1798 2549 1934 2588 papatis,
1956 2555 2081 2589 propter
2097 2555 2199 2579 muta-

1201 2605 1320 2634 tionem
1339 2603 1476 2633 civitatis
1499 2602 1655 2632 Callensis
1673 2603 1711 2632 ad
1728 2603 1888 2632 civitatem
1904 2603 2016 2641 ipsam,
2036 2611 2090 2641 pro
2107 2611 2198 2632 cons-

1201 2657 1356 2687 tructione
1368 2655 1499 2685 ecclesie
1511 2655 1703 2685 cathedralis
1718 2664 1754 2685 ac
1768 2655 1995 2693 episcopalium
2012 2660 2042 2684 et
2057 2655 2198 2693 ejusdem

1200 2709 1332 2739 ecclesie
1351 2708 1481 2746 capituli
1498 2708 1666 2738 domorum
1684 2713 1714 2738 et
1730 2708 1930 2738 officinarum
1952 2708 2197 2737 necessariarum

1201 2763 1258 2798 eis,
1277 2770 1421 2801 episcopo
1438 2766 1468 2790 et
1485 2761 1625 2799 capitulo
1642 2761 1769 2799 prefatis
1786 2761 1818 2790 in
1837 2766 1921 2790 certo
1937 2760 2003 2791 loco
2018 2762 2199 2798 assignave—

1200 2816 1265 2845 rint
1281 2820 1401 2844 certum
1419 2814 1575 2850 fundum,
1603 2815 1679 2852 quia
1696 2818 1801 2843 tamen
1817 2813 1936 2842 fundus
1958 2814 2025 2851 ipse
2040 2813 2116 2842 adeo
2134 2818 2199 2841 erat

1200 2869 1325 2899 modice
1346 2867 1532 2907 quantitatis
1551 2867 1635 2906 quod
1654 2875 1713 2896 nec
1735 2866 1902 2896 ecclesiam
1924 2867 2022 2904 ipsam
2043 2867 2131 2904 juxta
2148 2866 2198 2894 sui

1200 2921 1492 2957 honorificentiam,
1513 2929 1616 2958 neque
1633 2919 1808 2949 claustrum
1826 2927 1855 2948 et
1870 2920 1979 2949 domos
1995 2919 2054 2948 sibi
2071 2923 2101 2948 et
2116 2919 2197 2948 dicto

1200 2974 1336 3013 capitulo
1351 2974 1572 3012 competentia,
1588 2982 1646 3003 nec
1661 2972 1856 3002 cimiterium
1874 2972 1920 3001 eis
1936 2975 1965 3001 et
1982 2971 2197 3010 parrochianis
