2393 3496
146 348 201 375 742
887 333 1122 367 REGISTRES
1145 333 1199 362 DE
1222 329 1405 360 NICOLAS
1427 330 1483 359 IV.

723 406 847 434 (ti-vieto.
863 404 895 430 22
911 403 975 436 juin
994 401 1070 428 1ῗ91.

187 474 223 503 ln
242 483 271 503 e.
292 482 347 509 m„
368 481 422 511 pro
442 471 572 501 ecclesia
593 470 630 499 de
655 467 883 503 wetugworye
907 468 938 493 et
961 462 1080 500 capella
1104 461 1143 491 de

147 526 307 561 Scutliolt,
334 526 373 555 ab
395 525 503 554 eadem
530 521 661 551 ecclesia
685 518 899 557 dependente,
928 514 1144 545 Norwicensis

147 579 319 611 dioecesis,
338 579 369 607 in
392 582 524 615 quatuor
543 576 649 604 beatae
670 572 806 605 Mariae,
825 570 857 599 S
879 567 1038 598 Edmundi
1060 566 1144 604 regis

149 638 177 662 et
197 636 321 661 sanctae
345 631 537 665 Mai-garciae
561 624 782 655 festivitatibus
800 627 830 652 et
849 631 904 660 per
921 626 989 651 octo
1009 620 1076 649 dies
1095 628 1144 648 se-

148 690 289 723 quentes.
323 683 390 711 Dat.
417 680 499 718 apud
529 679 806 712 Uibemveterem,
833 684 850 704 x
878 673 1028 704 kalendas
1049 671 1142 710 julii,

146 746 231 766 anno
246 738 366 773 quarto.
385 732 489 771 (Iln‘cl.)

215 918 465 948 5450-5455
725 914 849 946 Orvieto,
867 913 898 939 ⁵37
913 912 976 946 juin
999 910 1074 936 1291.

184 982 224 1008 Dc
251 980 448 1008 reformatione
474 979 582 1006 ordinis
605 978 827 1005 Crucifcrorum.
855 976 934 1007 (Rau.
963 974 1009 1003 46,
1032 982 1057 1000 c.
1081 972 1144 1005 305,

146 1033 164 1058 f.
186 1031 219 1058 60
238 1035 289 1062 ν’.)

189 1134 296 1161 [mecm
311 1132 376 1168 filio
391 1132 485 1167 [ναινί
500 1130 738 1163 Carmnmrnnlo,
756 1129 899 1164 maqislro
915 1126 1034 1154 ordinis
1046 1124 1149 1154 Cruci-

148 1188 294 1222 serornm.
312 1185 441 1214 mandat
455 1187 486 1212 ut
502 1182 647 1212 kalendis
664 1180 846 1211 novembris
863 1180 1004 1218 proximo
1021 1177 1145 1211 suturis,

149 1248 219 1268 cum
237 1238 360 1267 duobus
376 1246 410 1267 ex
429 1236 583 1275 prioribus
599 1234 740 1273 ejusdem
755 1232 876 1263 ordinis
894 1231 1026 1260 maturis
1043 1234 1071 1259 et
1087 1230 1148 1259 dis-

149 1292 255 1326 cretis,
275 1299 369 1329 papae
386 1289 564 1327 conspectui
586 1286 791 1326 personaliter
806 1294 838 1314 se
855 1286 1043 1323 praesentet,
1060 1282 1148 1312 audi-

150 1348 238 1372 turus
268 1347 295 1371 et
322 1346 507 1380 recepturus
538 1339 794 1369 reformationem
824 1346 878 1366 seu
910 1335 1147 1365 ordinationem

148 1406 242 1435 quam
259 1396 290 1425 in
307 1395 415 1424 eodem
434 1394 545 1423 ordine
563 1401 639 1431 papa
654 1392 780 1421 duxerit
795 1390 986 1420 faciendam.

191 1463 202 1475 ιι
229 1448 390 1479 Nonnulla
410 1448 447 1476 de
466 1451 585 1476 statu...
609 1463 645 1468 —-
669 1446 737 1474 Dat.
760 1444 842 1483 apud
864 1444 1146 1475 Uibemveterem,

149 1513 168 1532 v
181 1502 333 1532 kalendas
350 1501 430 1539 julii,
447 1508 532 1529 anno
548 1503 670 1538 quarto.
692 1510 705 1524 »

190 1557 225 1585 In
245 1565 273 1585 e.
292 1565 334 1583 m.
355 1578 375 1584 ..
396 1554 491 1592 priori
510 1553 622 1582 domus
638 1551 746 1581 Sancti
764 1550 916 1580 Matthaei
932 1549 970 1579 de
988 1548 1152 1579 Merolana

150 1610 182 1639 iu
198 1609 294 1642 Urbe,
305 1607 427 1637 ordinis
440 1605 690 1641 Cruciferorum,
704 1603 835 1634 mandat
849 1608 883 1633 ut
895 1612 969 1633 cum
982 1602 1152 1641 praedictis

149 1665 337 1700 compareat.

192 1716 225 1745 ln
247 1725 273 1744 c.
295 1724 335 1743 m.
358 1737 375 1743 ..
395 1714 490 1752 priori
509 1713 620 1743 domus
639 1711 831 1747 AsisinatiS,
850 1709 991 1748 ejusdem
1013 1709 1150 1739 ordinis.

192 1769 227 1798 ln
242 1778 268 1797 c.
286 1777 327 1797 m.
346 1790 365 1796 ..
380 1766 476 1806 priori
490 1767 601 1795 domus
616 1764 847 1800 Anconitanae,
861 1763 1003 1801 ejusdem
1015 1763 1150 1793 ordinis.

193 1822 228 1851 ln
245 1831 272 1851 e.
291 1830 333 1850 m.
355 1845 373 1849 ..
393 1820 488 1859 priori
504 1819 617 1849 domus
634 1818 818 1853 Perusinae,
836 1817 980 1856 ejusdem
995 1816 1131 1847 ordinis.

193 1876 226 1904 In
237 1884 264 1905 e.
276 1884 319 1903 m.
331 1896 351 1903 ..
363 1874 458 1913 priori
468 1873 580 1903 domus
591 1871 853 1907 Mediolanenffls,
862 1869 1006 1908 ejusdem
1017 1869 1151 1899 ordinis.

218 2060 334 2089 5⁶15ss

183 2123 337 2149 Confirmat
358 2121 575 2148 concessionem
597 2128 652 2154 qua
676 2120 860 2154 Ingeramus,
881 2118 1037 2153 episcopus
1056 2116 1154 2143 Came-

149 2171 288 2202 racensis.
306 2179 406 2205 aquam
424 2170 494 2196 infra
510 2170 673 2196 clausuram
689 2169 744 2195 loci
760 2168 879 2195 fratrum
896 2167 1038 2193 minorum
1054 2165 1154 2192 Came-

149 2220 307 2246 racensium
324 2219 461 2245 liberavit.
480 2218 562 2249 (ltso.
580 2218 623 2249 46,
640 2226 665 2244 c.
684 2217 745 2248 306,
763 2217 780 2243 f.
800 2217 832 2244 60
850 2223 896 2250 νος
915 2215 1030 2245 Pori-n„
1043 2214 1153 2248 23718.)

729 2056 856 2090 Orvieto,
873 2056 905 2083 ‘27
920 2056 983 2091 juin
1003 2054 1081 2082 1291.

193 2345 210 2350 ..
231 2322 402 2357 (liutrdz'ano
418 2326 444 2349 et
459 2320 608 2356 fratribus
623 2320 742 2348 ordinis
756 2319 913 2347 minorum
931 2317 1154 2347 Cameracensi-

149 2376 211 2404 tms.
227 2386 239 2399 «ι
255 2374 335 2403 Cum
349 2382 365 2402 a
380 2373 470 2402 nobis
484 2371 612 2410 petitur,
624 2376 696 2406 etc.,
712 2380 813 2409 usque
825 2370 977 2409 producat
990 2370 1151 2400 effectum.

151 2428 233 2457 Sane
256 2426 363 2465 petitio
383 2430 486 2455 vestra
511 2425 602 2455 nobis
625 2424 768 2454 exhibita
790 2424 974 2454 continebat
994 2423 1077 2462 quod
1099 2430 1154 2453 vos

150 2481 237 2517 olim,
252 2485 390 2518 tempore
406 2479 487 2508 bone
500 2478 653 2508 memorie
669 2477 805 2514 Nicolai,
820 2477 1060 2507 Cameracensis
1073 2476 1152 2514 epis-

150 2533 240 2570 copi,
260 2532 487 2571 predecessoris
510 2531 704 2561 venerabilis
724 2531 830 2560 fratris
848 2531 947 2560 nostri
966 2529 1151 2566 Guillelmi,

149 2586 284 2623 episcopi
305 2584 556 2621 Cameracensis,
576 2583 681 2614 locum
696 2587 835 2613 vestrum
849 2583 988 2613 civitatis
1002 2582 1154 2613 Camera-

149 2640 252 2668 censis
268 2639 300 2667 in
316 2647 378 2676 quo
390 2638 429 2667 ad
444 2646 573 2676 presens
586 2637 707 2675 digitis,
723 2636 761 2666 ad
775 2636 1039 2667 Cameracensem
1054 2635 1153 2666 eccle-

149 2693 227 2721 siam
242 2696 315 2721 tunc
327 2695 533 2730 spectantem,
546 2690 762 2729 acquisivistis
771 2690 867 2726 licite,
878 2698 1019 2727 congrua
1031 2697 1151 2719 recom-

148 2745 335 2784 pensatione
365 2744 444 2774 facta
470 2744 507 2773 de
536 2743 603 2774 loco
629 2744 696 2782 ipso
724 2767 742 2773 ..
773 2743 930 2782 preposito
959 2747 989 2772 et
1016 2741 1153 2781 capitulo

148 2798 279 2828 ecclesie
295 2797 488 2836 supradicte,
506 2800 597 2834 prout
612 2805 648 2826 ex
666 2795 829 2825 amicabili
846 2795 1076 2834 compositione
1091 2803 1153 2833 que

148 2851 321 2880 intui-venit
336 2860 430 2889 super
449 2850 507 2879 hoc
525 2850 609 2879 inter
628 2854 730 2887 partes
747 2849 912 2878 evidenter
928 2849 1044 2878 dicitur
1059 2856 1154 2887 appa-

149 2914 232 2939 rere,
251 2904 283 2932 in
301 2912 363 2942 qua
379 2903 473 2933 etiam
490 2904 573 2932 inter
589 2902 652 2932 alia
673 2902 854 2932 continetur
869 2902 952 2940 quod
969 2901 1065 2931 iidem
1082 2910 1153 2939 pre-

148 2957 266 2996 positus
290 2961 320 2986 et
344 2955 519 2995 capitulum
543 2965 597 2987 vos
622 2965 716 2994 super
741 2955 851 2986 eodem
876 2955 943 2985 loco
968 2955 1153 2985 nullatenus

148 3010 363 3040 molestarent.
380 3010 489 3040 Dictus
504 3018 630 3049 quoque
648 3009 798 3040 Nicolaus
813 3008 978 3048 episcopus
995 3008 1152 3047 composi-

1228 397 1347 426 tionem
1366 394 1551 433 hujusmodi
1564 403 1619 432 per
1630 401 1703 423 suas
1716 396 1858 431 patentes
1870 390 1990 420 litteras
2004 390 2190 429 approbavit
2204 394 2235 420 et

1227 449 1322 478 etiam
1338 447 1553 477 confirmavit.
1567 446 1611 476 'Et
1625 446 1702 484 quia
1717 444 1917 484 postmodum
1933 443 2104 482 piscatores
2118 443 2233 482 quibus

1225 502 1307 531 bone
1323 500 1476 530 memorie
1496 500 1694 537 Ingeramus,
1713 497 1955 528 Cameracensis
1973 497 2149 535 episcopus,
2167 505 2234 535 pre-

1226 554 1300 583 dicti
1319 553 1442 583 Nicolai
1459 560 1635 587 successor,
1661 551 1867 590 piscationem
1888 558 2045 588 aquarum
2060 549 2099 579 ad
2118 549 2234 579 dictam

1226 606 1393 636 ecclesiam
1418 605 1630 643 spectantium
1656 603 1695 632 ad
1720 604 1847 632 firmam
1875 607 2072 632 concesserat
2097 603 2129 631 in
2153 611 2234 640 aqua

1227 660 1315 688 fluvii
1334 668 1387 698 per
1403 658 1545 687 medium
1562 657 1638 687 dicti
1654 656 1713 686 loci
1730 656 1825 686 vestri
1845 656 2034 686 decurrente
2049 656 2155 694 sepius
2173 655 2235 694 pis-

1226 713 1380 742 cabantur
1392 717 1421 740 et
1434 711 1548 741 exinde
1564 711 1651 741 vobis
1667 709 1855 740 scandalum
1870 713 1899 739 et
1915 709 2080 747 religionis
2099 708 2235 738 turbatio

1227 765 1423 799 iminebant,
1445 764 1548 793 dictus
1576 764 1767 802 Ingeramus
1789 763 1970 802 episeopus,
1997 762 2036 792 ad
2060 770 2156 801 quem
2180 769 2235 791 vos

1228 827 1322 856 super
1337 818 1394 847 hoc
1410 817 1566 847 habuistis
1578 825 1756 853 recursum,
1771 824 1900 846 omnem
1916 824 2033 854 aquam
2051 815 2134 844 iufra
2149 814 2235 845 clau-

1229 880 1335 901 suram
1350 871 1425 900 dicti
1442 871 1499 900 loci
1516 875 1700 900 contentam
1718 869 1864 904 liberam,
1879 868 1983 908 quoad
2001 868 2132 905 viveret,
2147 867 2237 898 vobis

1229 924 1360 963 provida
1383 923 1615 953 deliberatione
1639 923 1809 954 concessit.
1835 927 1864 952 et
1889 921 2102 961 postmodum,
2126 921 2237 952 eodem

1230 978 1414 1014 Ingerauno
1435 977 1518 1006 viam
1544 976 1694 1006 universe
1717 976 1822 1006 carnis
1848 977 2013 1013 ingresso,
2037 975 2123 1004 idem
2151 974 2239 1004 Guil-

1229 1031 1346 1061 lelmus
1357 1030 1534 1069 episcopus,
1550 1038 1603 1060 vos
1615 1030 1728 1059 affectu
1744 1037 1939 1068 prosequens
1955 1028 2095 1067 speciali,
2111 1036 2240 1058 conces-
2285 1027 2289 1030 ⁷

1230 1085 1353 1114 sionem
1370 1084 1459 1113 vobis
1481 1083 1622 1113 similem
1640 1084 1714 1112 fecit
1732 1082 1874 1122 quandiu
1899 1082 2022 1111 viveret
2038 1081 2237 1111 duraturam.

1230 1138 1376 1175 Cumque
1388 1146 1444 1166 nos
1456 1137 1599 1173 demum,
1613 1136 1652 1165 ad
1666 1140 1767 1166 vestre
1781 1135 2022 1174 supplicationis
2036 1135 2237 1168 instantiam,

1231 1198 1286 1228 pro
1311 1190 1493 1228 hujusmodi
1524 1190 1673 1220 scandalo
1698 1193 1728 1218 et
1755 1189 1992 1227 perturbatione
2017 1189 2050 1217 in
2080 1193 2239 1226 posterum

1231 1244 1359 1283 penitus
1375 1244 1552 1280 evitandis,
1579 1243 1683 1273 eidem
1703 1242 1879 1274 Guillelmo
1895 1242 2040 1282 episcopo
2064 1241 2240 1272 innovandi

1231 1297 1403 1336 predictam
1427 1297 1664 1327 concessionem
1691 1296 1779 1326 vobis
1803 1296 1963 1335 perpetuis
1983 1295 2099 1325 suturis
2120 1299 2241 1333 tempo-

1231 1351 1320 1380 ribus
1346 1350 1550 1395 duraturam,
1575 1351 1761 1389 juramento
1791 1350 1875 1389 quod
1906 1349 1944 1378 de
1969 1358 2033 1379 non
2059 1348 2242 1379 alienandis

1232 1404 1326 1434 bonis
1346 1403 1385 1432 ad
1405 1403 1558 1442 prefatam
1581 1403 1748 1434 ecclesiam
1767 1403 1984 1442 spectantibus
2002 1402 2177 1441 prestitisse
2192 1401 2241 1432 di-

1232 1457 1314 1487 citur
1329 1465 1393 1486 non
1407 1457 1564 1494 obstante,
1582 1457 1710 1495 plenam
1728 1467 1782 1496 per
1801 1461 1924 1487 nostras
1940 1456 2060 1486 litteras
2076 1455 2242 1486 licentiam

1233 1511 1420 1540 duxerimus
1448 1511 1706 1548 concedendam,
1737 1511 1823 1541 idem
1852 1510 2046 1541 Guillelmus
2076 1510 2242 1549 episcopus

1233 1563 1344 1593 divine
1356 1563 1482 1602 pietatis
1498 1568 1528 1593 et
1541 1565 1680 1594 caritatis
1695 1565 1813 1594 iutuitu
1831 1564 2073 1595 concessionem
2090 1563 2242 1602 prefatam

1230 1617 1321 1656 juxta
1344 1618 1559 1655 predictarum
1585 1617 1765 1648 litterarum
1793 1622 1975 1648 nostrarum
2004 1622 2147 1648 tenorem
2171 1625 2244 1656 per-

1234 1670 1339 1708 petuis
1363 1670 1481 1700 futuris
1509 1671 1705 1709 temporibus
1728 1671 1931 1707 duraturam,
1956 1670 1994 1700 de
2016 1670 2187 1709 proborum
2214 1673 2245 1700 el:

1233 1723 1374 1753 maxime
1389 1723 1690 1754 archidiaconorum
1710 1729 1740 1754 et
1755 1724 1969 1763 quorumdam
1987 1725 2144 1763 majorum
2162 1723 2244 1762 ejus-

1234 1775 1307 1806 dem
1321 1776 1559 1806 Cameracensis
1573 1777 1706 1807 ecclesie
1719 1777 1864 1814 consilio,
1882 1777 2060 1814 innovavit,
2077 1777 2121 1806 ita
2137 1781 2243 1806 tamen

1233 1829 1319 1868 quod
1333 1830 1418 1859 infra
1436 1830 1486 1860 vel
1508 1835 1596 1860 extra
1615 1836 1702 1869 septa
1724 1830 1802 1860 dicti
1824 1830 1901 1868 loci,
1922 1830 2059 1860 inferius
2078 1833 2133 1859 aut
2148 1838 2244 1868 supe-

1233 1883 1320 1919 rius,
1347 1883 1528 1913 clausuram
1555 1883 1659 1914 facere
1691 1884 1861 1923 nequeatis
1892 1893 1948 1922 per
1979 1893 2077 1923 quam
2105 1883 2244 1922 piscibus

1235 1935 1356 1965 ibidem
1367 1936 1568 1967 affluentibus
1579 1938 1682 1968 exitus
1694 1942 1749 1967 aut
1759 1937 1912 1967 introitus
1924 1937 2139 1976 precludatur,
2153 1941 2246 1975 prout

1234 1989 1268 2018 in
1283 1989 1462 2027 patentibus
1480 1990 1595 2020 litteris
1612 1991 1688 2020 iude
1703 1991 1866 2027 confectis,
1883 1990 1959 2020 dicti
1975 1989 2143 2020 Guillelmi
2161 1989 2245 2028 epis-

1235 2043 1304 2081 copi
1320 2042 1425 2080 sigillo
1439 2044 1584 2081 munitis,
1599 2044 1726 2082 plenius
1737 2044 1854 2073 dicitur
1866 2043 2035 2074 contineri.
2047 2043 2113 2073 Nos
2124 2043 2243 2082 itaque,

1236 2097 1348 2125 vestris
1373 2096 1658 2135 supplicationibus
1689 2097 1856 2133 inclinati,
1888 2096 1973 2136 quod
2003 2105 2099 2135 super
2122 2095 2182 2126 hoc
2205 2096 2245 2126 ab

1235 2149 1345 2179 eodem
1371 2149 1546 2180 Guillelmo
1571 2151 1701 2189 provide
1729 2151 1848 2180 factum
1872 2156 1919 2180 est
1942 2153 2046 2180 ratum
2068 2154 2099 2180 et
2118 2154 2243 2188 gratum

1235 2202 1401 2238 habentes,
1419 2212 1454 2233 ac
1470 2204 1654 2242 supplentes
1674 2204 1849 2239 defectum,
1867 2204 1894 2233 si
1915 2203 1988 2242 quis
2004 2203 2039 2233 iu
2058 2202 2245 2242 hujusmodi

1234 2256 1442 2287 innovatione
1467 2257 1607 2296 predicte
1636 2258 1852 2288 concessionis
1876 2258 1993 2293 extitit,
2021 2265 2076 2296 pro
2100 2265 2137 2287 eo
2161 2255 2245 2296 quod

1235 2310 1366 2348 capituli
1391 2310 1535 2349 ejusdem
1561 2310 1801 2341 Cameracensis
1827 2311 1958 2341 ecclesie
1982 2319 2048 2340 non
2071 2309 2246 2339 intervenit

1233 2371 1401 2400 assensus,
1421 2363 1454 2392 id
1478 2364 1662 2394 auctoritate
1678 2364 1850 2403 apostolica
1873 2363 2104 2394 confirmamus
2122 2367 2152 2392 et
2173 2371 2244 2401 pre-

1235 2416 1334 2445 sentis
1349 2416 1458 2455 scripti
1477 2417 1654 2455 patrocinio
1671 2417 1923 2447 communimus.
1948 2416 2042 2446 Nulli
2059 2425 2135 2454 ergo
2147 2439 2154 2453 ,
2171 2419 2244 2452 ete„

1234 2473 1342 2499 nostre
1366 2470 1638 2510 confirmationis,
1664 2475 1722 2501 etc.
1753 2471 1824 2500 Dat.
1851 2470 1935 2509 apud
1961 2470 2241 2506 Urbemveterem,

1234 2531 1254 2551 v
1269 2521 1423 2552 kalendas
1435 2522 1522 2562 julii,
1543 2531 1629 2553 anno
1646 2528 1769 2562 quarto.
1790 2536 1803 2550 1»

1305 2689 1423 2717 545⁸?
1817 2688 1944 2722 Orvieto,
1961 2687 1994 2714 27
2012 2687 2073 2722 juin
2092 2686 2170 2714 1291.

1271 2750 1313 2777 De
1337 2752 1519 2779 contentione
1542 2753 1614 2779 inter
1636 2753 1796 2779 Joliannem
1813 2752 1848 2778 de
1865 2751 2003 2778 Navilleio
2027 2753 2056 2776 et
2077 2748 2242 2784 Hugonem,

1233 2799 1382 2827 dominum
1397 2802 1482 2828 castri
1498 2801 1533 2828 de
1550 2801 1699 2834 Navilleio,
1719 2802 1830 2828 fratres.
1848 2801 1932 2835 (Rae.
1945 2799 1988 2834 46,
2001 2807 2027 2826 c.
2040 2798 2102 2832 307,
2114 2798 2133 2825 f.
2145 2797 2179 2825 60
2190 2797 2244 2829 νο.)

1272 2903 1408 2933 ,Iohanni
1431 2904 1464 2933 de
1488 2905 1657 2943 Navilleyo,
1680 2905 1850 2941 domicello,
1879 2903 2102 2940 crucesiqnato,
2131 2901 2243 2930 Bisan-

1235 2957 1296 2986 tine
1320 2957 1450 2986 diocesis.
1473 2969 1486 2984 «
1514 2958 1564 2987 Ad
1585 2958 1782 2988 audientiam
1810 2961 1950 2987 nostram
1971 2953 2118 2994 pervenit
2139 2952 2239 2992 quod,

1233 3017 1306 3039 cum
1330 3009 1417 3039 inter
1442 3010 1582 3041 nobilem
1606 3012 1710 3041 virum
1738 3011 1924 3049 Hugonem,
1951 3007 2119 3038 domiuum
2147 3005 2241 3037 castri
