2393 3496
879 300 1090 332 Recis'rnn
1113 288 1329 329 CAMnnAL.
2094 295 2147 325 941

130 374 241 405 698⁵?
572 369 779 404 Saint-Pierre,
795 369 809 396 3
826 368 895 395 avril
913 367 990 394 1288.

96 438 222 467 Gitadino
244 435 380 470 Episcopi
402 433 552 461 rectoriam
570 432 742 468 Campaniae
763 432 978 466 Maritimaeque
993 438 1063 457 con-

63 487 145 518 cedit.
162 485 231 519 (Ful.
248 483 263 510 2
278 482 330 517 νῦ.)

101 589 206 620 Dilecto
220 586 284 624 filio
301 584 440 614 Citadino
451 584 600 622 Episcopi,
615 584 675 614 civi
691 583 881 619 Urbeuetano,
901 582 1064 620 Campanie

64 641 267 678 Maritimeque
284 639 405 668 rectori.

104 708 116 722 ι
141 694 226 723 Dum
251 691 472 721 incumbentia
503 689 635 721 nobis...
667 706 704 712 —-
731 690 804 720 Dat.
832 689 951 725 Rome,
981 686 1064 727 apud

65 748 211 780 Sanctum
227 745 372 781 Petrum,
390 752 426 773 111
440 752 543 774 nonas
558 742 678 782 aprilis.
698 754 712 769 n

133 916 247 946 6968
575 913 782 947 Saint-Pierre,
801 914 814 940 3
830 912 900 940 avril
916 913 993 940 1288.

98 979 140 1007 De
154 978 253 1005 eodem
269 977 395 1012 negotio.
413 975 485 1011 (Fol.
503 976 517 1003 3
532 978 581 1009 τῦ.)

102 1080 232 1120 [Dilectis
243 1078 316 1117 filiis
327 1079 481 1108 universis
496 1076 672 1117 nobili]bus·‚
688 1078 882 1116 potestatibus
901 1086 953 1106 seu
971 1082 1065 1106 recto-

63 1135 157 1171 ribus,
177 1133 446 1163 communitatibus
466 1136 492 1161 et
512 1132 778 1169 universitatibus,
803 1130 977 1170 [ceterisque
996 1139 1066 1168 per-

63 1189 142 1221 sonis
155 1187 340 1216 secularibus
351 1184 537 1224 civita]tum,
555 1189 727 1215 castrorum
741 1190 767 1214 et
780 1185 917 1214 aliorum
933 1185 1067 1214 locorum

60 1249 114 1282 per
128 1241 327 1277 Campaniam
343 1244 368 1268 et
383 1238 571 1268 Maritimam
586 1238 796 1276 consti[tutt's].

103 1293 130 1334 [α
144 1294 228 1323 Dum
242 1291 474 1330 incumbentia]
487 1291 616 1322 nobis..
631 1307 670 1314 --·
686 1291 772 1328 Dat,
790 1294 861 1328 etc.‚
879 1294 913 1320 ut
929 1298 1034 1329 supra.
1052 1301 1065 1317 »

133 1472 247 1500 6969

105 1534 184 1562 Petro
198 1534 234 1560 de
251 1533 433 1560 Palumbaria
447 1533 599 1560 rectoriam
614 1531 729 1559 Lauren
745 1533 866 1567 ejusque
879 1532 1032 1559 comitatus
1043 1535 1071 1558 et

68 1583 152 1612 castri
166 1583 256 1610 Albae
273 1582 435 1610 committit.
457 1581 525 1615 (Fol.
542 1582 557 1609 3
573 1582 621 1614 ro.)

641 1470 760 1504 Latran,
776 1470 809 1497 ‘23
826 1477 902 1496 mars
919 1469 996 1496 1288.

55 1698 59 1699 ⁷
108 1698 227 1739 [Dilecto
248 1699 323 1737 filio]
344 1699 440 1728 nobili
463 1700 530 1728 viro
553 1699 640 1727 Petro
663 1698 696 1726 tle
713 1698 932 1733 Palumbaria,
953 1698 1073 1727 Laureti

69 1753 221 1792 ipsiusque
235 1752 398 1781 comitatus
415 1757 441 1781 et
456 1752 551 1781 castri
567 1752 638 1782 Albe
654 1752 775 1780 rectori.

109 1816 123 1832 ιι
140 1804 388 1835 Considerantes
406 1804 558 1834 attentius
574 1813 647 1834 ex...
660 1819 700 1827 -
712 1804 784 1833 Dat.
802 1803 963 1838 Laterani,
980 1812 999 1832 x
1019 1802 1074 1833 ka-

68 1856 176 1889 lendas
190 1857 311 1897 aprilis.
332 1870 344 1885 ι)

137 2031 254 2060 69Ἢο

95 2092 146 2120 'De
161 2093 260 2120 eodem
278 2094 404 2129 negotio.
422 2093 491 2128 (Fot.
509 2094 524 2120 3
539 2093 586 2128 rfl.)

655 2030 765 2061 Latrim,
781 2030 814 2057 ⁶23
832 2038 908 2056 mars
926 2030 1003 2056 1288.

109 2196 228 2226 Dilectis
237 2196 312 2233 filiis
322 2197 478 2226 universis
493 2196 669 2225 hominibus
681 2196 773 2224 castri
784 2195 908 2224 Laurett‘
924 2196 1077 2233 ipsiusque

71 2250 229 2279 comitatus
244 2255 269 2279 et
286 2250 380 2279 castri
397 2250 478 2280 Albe.

112 2313 126 2329 κ
145 2301 392 2332 Considerantes
408 2301 562 2332 attentius
578 2310 653 2332 ex...
670 2318 708 2323 -—
724 2302 795 2331 Dat.
815 2305 848 2331 ut
864 2309 969 2339 supra.
987 2313 999 2327 ι

141 2482 252 2511 (59ἵὶ

107 2543 150 2571 De
165 2545 265 2570 eodem
281 2544 408 2578 negotio.
426 2542 497 2576 (Fol.
516 2543 530 2570 3
547 2543 595 2575 r0.)

579 2479 791 2514 Saint-Piei-re,
809 2480 823 2506 5
840 2479 909 2506 avril
929 2479 1006 2507 1288.

113 2645 222 2676 Dilecto
240 2647 303 2683 filio
319 2646 463 2675 Silvestre
480 2645 633 2674 Johannt's
644 2645 678 2673 de
695 2644 802 2674 Sancto
818 2645 928 2683 Anyelo
944 2645 977 2673 de
994 2645 1078 2682 Urbe,

74 2700 226 2738 quondam
244 2701 353 2730 rectori
369 2700 466 2728 Loreti
486 2699 705 2735 comitatusque
723 2698 819 2736 ipsius
836 2703 862 2727 et
883 2700 978 2727 castri
999 2698 1080 2728 Albe.

76 2763 91 2780 α
110 2752 190 2783 Cum
206 2753 244 2783 de
261 2753 450 2782 fidelitate...
472 2751 628 2782 Volumus
645 2756 674 2781 et
689 2751 887 2790 presentium
906 2751 962 2781 tibi
978 2756 1082 2782 aucto-

75 2805 166 2836 ritate
182 2815 236 2846 per
249 2805 419 2844 apostolica
437 2805 555 2843 scripta
571 2805 763 2834 mandamus
775 2805 927 2843 quatinus
944 2805 1084 2843 predicta

76 2858 161 2897 loca,
181 2868 253 2889 cum
274 2859 423 2890 omnibus
441 2858 691 2897 guarnimentis,
709 2858 808 2887 arinis
827 2862 857 2887 et
874 2857 1084 2888 ustensilibus

76 2913 115 2944 ad
132 2913 199 2943 loca
216 2913 283 2952 ipsa
301 2913 530 2951 spectantibus,
548 2911 651 2941 eidem
668 2912 763 2941 Petro
779 2911 850 2941 sine
866 2911 1008 2950 qualibet
1022 2911 1084 2941 dif-

78 2965 215 2997 ficultate
239 2966 399 3004 assignes3
422 2965 542 2995 faciens
564 2964 602 2994 de
627 2964 846 3002 assignatione
873 2964 941 3003 ipsa
969 2963 1084 2994 confici

1146 364 1208 394 duo
1232 364 1358 403 publica
1380 365 1613 400 instrumenta,
1640 372 1778 403 quorum
1805 370 1907 392 unum
1931 360 2015 390 idem
2040 361 2154 391 Petrus

1147 417 1207 447 sibi
1224 417 1360 447 retineat
1375 421 1405 447 et
1422 417 1511 446 aliud
1527 417 1562 446 in
1583 421 1636 447 tuo
1654 416 1769 453 reditu,
1788 424 1860 446 cum
1877 414 1915 444 ad
1934 423 1990 444 nos
2010 413 2151 451 redieris,

1146 469 1358 508 personaliter
1373 470 1497 499 deseras
1510 492 1519 507 ‚
1544 470 1577 499 in
1594 478 1722 500 camera
1738 468 1822 498 sedis
1839 466 2008 506 apostolice
2026 475 2154 496 conser-

1146 523 1299 553 vandum.
1327 523 1398 553 Dat.
1429 523 1551 558 Rome,
1584 523 1667 562 apud
1694 523 1848 552 Sanctum
1873 521 2025 556 Petrum,
2059 518 2155 549 nonis

1147 576 1269 615 aprilis.
1290 588 1303 603 ιι

1220 761 1336 789 (39¹2ae
1665 759 1872 793 Saint-Pierre,
1890 760 1904 786 5
1920 759 1990 785 avril
2007 758 2084 785 1288.

1185 823 1379 850 Paltomitioni
1395 822 1427 856 (5²)
1441 822 1577 848 Thebaldi
1594 821 1775 848 medietatem
1791 821 1879 848 castri
1894 821 2074 847 Tessannani
2090 828 2157 847 con-

1150 871 1235 899 cedit.
1252 871 1324 905 (Fol.
1342 871 1355 898 3
1371 872 1419 903 r0.)

1189 974 1299 1003 Dilecto
1310 973 1375 1010 filio
1386 973 1600 1002 Paltomitt‘oni
1611 971 1648 1011 (2)
1668 971 1819 1007 Thebaidi,
1833 972 1894 1001 civi
1911 972 2096 1001 Viterbiensi.
2110 970 2157 1007 Ei,

1149 1026 1406 1056 consideratione
1422 1025 1470 1060 L„
1489 1024 1627 1064 episcopi
1641 1023 1836 1061 Hostiensis‚
1848 1023 2054 1053 medietatem
2065 1023 2160 1053 castri

1149 1079 1363 1116 Tessauuani,
1382 1078 1594 1108 Viterbiensis
1610 1082 1640 1107 et
1655 1078 1819 1107 Tuscanae
1832 1076 1995 1113 dioecesis,
2010 1085 2083 1106 cum
2096 1085 2161 1106 om-

1149 1132 1248 1162 nibus
1269 1132 1399 1170 juribus
1416 1134 1446 1161 et
1464 1130 1668 1170 pertinentiis
1688 1139 1770 1169 quae
1789 1130 1824 1159 in
1840 1129 1900 1160 hac
1919 1129 2089 1160 medietate
2107 1137 2161 1159 ro-

1149 1194 1247 1215 mana
1262 1185 1395 1215 ecclesia
1411 1184 1518 1221 habet,
1536 1193 1591 1223 pro
1607 1192 1716 1213 annuo
1729 1192 1829 1213 censu
1845 1183 1988 1222 quinque
2000 1182 2162 1213 soldorum

1149 1238 1271 1269 usualis
1301 1242 1449 1268 monetae
1465 1262 1471 1275 ,
1506 1246 1650 1267 camerae
1679 1237 1870 1276 apostolicae
1895 1236 1991 1266 annis
2023 1235 2162 1273 singulis

1150 1293 1235 1323 infra
1259 1292 1459 1331 quindenam
1488 1291 1672 1321 Nativitatis
1702 1291 1882 1321 dominicae
1910 1289 2137 1321 solvendorum
2155 1313 2161 1327 ,

1151 1346 1305 1377 concedit.

1193 1411 1208 1426 ι(
1224 1400 1291 1429 Tua
1310 1398 1487 1428 devotionis
1503 1401 1571 1427 et...
1587 1414 1624 1419 -——
1640 1397 1712 1427 Dat.
1731 1401 1765 1427 ut
1779 1405 1884 1436 supra.
1906 1409 1920 1422 »

1226 1591 1344 1620 (3923

1192 1654 1244 1688 G.,
1267 1653 1404 1688 episcopo
1422 1651 1589 1685 Sabinensi,
1613 1651 1758 1685 significat
1779 1651 1839 1677 fore
1856 1653 1886 1677 ut
1905 1651 2041 1677 collectae
2061 1654 2090 1677 et
2112 1650 2166 1677 alia

1152 1704 1219 1737 jura
1234 1702 1391 1728 heredibus
1406 1701 1484 1735 regis
1500 1699 1616 1727 Siciliae
1635 1699 1669 1726 ab
1691 1700 1858 1726 bominibus
1881 1700 2035 1726 comitatus
2052 1699 2167 1726 Laureti

1157 1754 1185 1778 et
1199 1750 1287 1777 castri
1303 1750 1395 1776 Albae
1411 1748 1505 1775 debita
1521 1757 1577 1775 uon
1593 1747 1628 1773 ab
1644 1748 1814 1774 officialibus
1827 1748 1926 1782 regiis,
1941 1747 2016 1774 seda
2032 1747 2117 1774 Petro
2132 1747 2166 1774 de

1157 1798 1348 1832 Palumbaria,
1358 1800 1468 1824 rectore
1480 1796 1611 1831 ejusdem
1620 1797 1785 1830 comitatus,
1797 1796 2003 1831 percipiantur.
2013 1795 2081 1828 (Fol.
2090 1796 2103 1822 3
2115 1796 2166 1829 vo.)

1649 1588 1862 1622 saint-pierre,
1879 1589 1917 1615 12‘
1931 1588 2002 1615 avril
2019 1588 2095 1615 1‘288.

1204 1901 1370 1930 Venerabili
1388 1900 1483 1936 fratri
1502 1899 1553 1934 G„
1573 1899 1706 1936 episcopo
1722 1898 1898 1934 Sabinensi,
1916 1898 2074 1937 apostolice
2091 1899 2169 1928 sedis

1160 1955 1255 1992 leyato
1278 1959 1303 1983 et
1319 1962 1384 1982 una
1400 1962 1469 1982 cum
1486 1953 1591 1981 dilecto
1610 1952 1675 1989 filio
1692 1953 1789 1981 nobili
1806 1953 1872 1981 vtro
1888 1953 1920 1981 R.
1933 1975 1940 1989 ,
1957 1953 2062 1981 comite
2082 1954 2168 1981 Atre-

1160 2008 1286 2044 batensi,
1308 2007 1410 2043 bajulo
1430 2007 1519 2044 reyni
1539 2006 1643 2035 Sicilie
1665 2015 1720 2043 per
1736 2014 1898 2035 romanam
1922 2006 2075 2035 ecclesiam
2097 2015 2167 2035 con-

1159 2062 1275 2090 stituto.
1295 2072 1307 2087 α
1326 2059 1377 2089 Ad
1395 2063 1481 2088 tuam
1498 2058 1647 2088 volumus
1663 2058 1813 2088 notitiam
1830 2059 1997 2097 pervenire
2011 2059 2095 2097 quod
2112 2067 2170 2089 nos

1160 2114 1274 2144 dilecto
1301 2113 1368 2143 filio
1394 2114 1488 2142 Petro
1512 2113 1550 2142 de
1567 2111 1773 2141 Palumbaria
1798 2112 1926 2141 Laureti
1952 2116 1982 2142 et
2001 2113 2170 2142 comitatus

1160 2167 1261 2206 ipsius
1290 2175 1326 2196 ac
1355 2166 1452 2195 etiam
1479 2165 1573 2194 castri
1600 2164 1682 2194 Albe
1711 2165 1856 2203 regimen
1893 2174 1995 2204 nuper
2021 2165 2171 2195 duximus

1111 2253 1113 2255 ¹
1161 2219 1439 2253 committendum,
1459 2218 1603 2248 volentes
1617 2222 1650 2247 nt
1663 2218 1731 2256 ipse
1746 2218 1820 2256 jura
1836 2218 1870 2247 in
1888 2218 2038 2248 comitatu
2056 2223 2085 2248 et
2100 2228 2169 2248 cas-

1161 2277 1209 2303 tro
1225 2272 1376 2312 predictis
1390 2272 1476 2301 curie
1491 2271 1598 2301 debita
1613 2280 1686 2301 cum
1701 2271 1883 2309 integritate
1895 2272 2046 2310 percipiat
2059 2276 2171 2302 etcon-

1163 2330 1277 2362 servet,
1295 2326 1326 2355 iu
1348 2325 1524 2356 custodiam
1544 2329 1574 2354 et
1589 2333 1743 2363 expensas
1760 2333 1870 2354 eorum
1886 2326 2080 2355 necessarias
2096 2334 2172 2355 con-

1164 2378 1330 2415 vertenda3
1343 2378 1492 2416 quodque
1502 2377 1668 2415 generales
1679 2376 1826 2407 collectas
1834 2386 1912 2416 quas
1926 2378 2017 2407 terris
2029 2378 2173 2416 ejusdem

1162 2432 1331 2462 comitatus
1351 2435 1380 2461 et
1402 2436 1503 2461 castro
1525 2431 1584 2469 ipsi
1611 2430 1736 2470 imponi
1763 2431 1931 2469 contigerit
1952 2431 2077 2470 aliaque
2100 2433 2173 2471 jura

1162 2485 1272 2515 omnia
1286 2494 1347 2523 que
1363 2484 1397 2513 in
1415 2484 1461 2514 eis
1478 2484 1577 2522 regiis
1591 2484 1763 2514 heredibus
1777 2483 1935 2514 debentur
1951 2484 2091 2522 colligat,
2105 2494 2174 2523 per-

1163 2547 1241 2568 sone
1264 2546 1361 2576 quam
1383 2537 1423 2567 ad
1443 2537 1503 2567 hoc
1525 2537 1682 2567 heredum
1704 2537 1847 2576 ipsorum
1871 2538 2003 2568 nomine
2021 2538 2172 2577 deputare

1163 2591 1324 2621 curaveris
1340 2600 1395 2629 per
1405 2599 1479 2620 eum
1496 2591 1620 2629 integre
1635 2591 1841 2628 assignanda.
1862 2591 1928 2621 Hoc
1944 2596 2051 2621 autem
2069 2600 2122 2630 pro
2138 2600 2173 2621 eo

1165 2645 1315 2674 duximus
1330 2644 1548 2674 ordinandum
1565 2644 1660 2682 quia,
1679 2653 1752 2673 cum
1769 2644 1917 2674 homines
1935 2649 1964 2674 et
1981 2645 2174 2674 habitatores

1165 2698 1378 2737 predictorum
1398 2697 1565 2726 comitatus
1582 2701 1612 2726 et
1629 2697 1724 2726 castri
1746 2700 1887 2736 tempore
1902 2707 1964 2736 quo
1983 2697 2038 2727 illa
2058 2697 2174 2727 nobilis

1166 2751 1214 2780 vir
1233 2750 1390 2781 Corradus
1406 2750 1445 2779 de
1465 2750 1640 2780 Antiochia
1655 2750 1820 2789 occupavit
1837 2750 1970 2780 rebelles
1994 2751 2172 2783 extiterint,

1167 2804 1305 2843 suspecti
1321 2803 1359 2833 ab
1375 2803 1533 2833 heredum
1549 2803 1691 2842 ipsorum
1710 2803 1917 2840 officialibus,
1939 2803 1965 2832 si
1983 2807 2176 2841 ponerentur

1166 2857 1299 2894 ibidem,
1314 2857 1439 2895 ipsique
1455 2856 1494 2886 ab
1508 2857 1553 2885 eis
1568 2856 1606 2885 de
1622 2855 1710 2885 facili
1727 2856 1932 2893 haberentur,
1949 2856 2057 2894 sicque
2075 2859 2176 2894 posset

1168 2910 1284 2941 exinde
1301 2911 1334 2939 in
1351 2909 1495 2948 partibus
1510 2909 1576 2938 illis
1597 2918 1663 2939 non
1683 2909 1763 2939 levis
1786 2909 1923 2939 turbatio
1940 2909 2088 2938 suboriri.
2110 2910 2175 2938 Vo-

1168 2963 1276 2993 lumus
1304 2962 1403 3000 igitur
1429 2965 1458 2992 et
1485 2962 1677 2992 fraternitati
1706 2966 1758 2992 tue
1785 2971 1840 3001 per
1866 2962 2035 3000 apostolica
2063 2963 2177 3000 scripta
