2393 3496
974 288 1227 334 QUATRIEME
1249 285 1405 324 ‚xxxiia
2181 296 2232 326 731

743 366 874 395 Orviet0‚
891 365 906 392 9
919 365 982 399 juin
1002 363 1080 390 1291.

186 434 224 463 ln
247 441 275 462 e.
300 441 343 461 m.
357 455 364 468 ,
388 438 444 470 pro
465 429 598 460 ecclesia
621 430 737 459 Beatae
759 429 879 458 Mariae
902 428 940 457 de
961 426 1091 457 Tabulis
1115 427 1152 456 de

146 483 420 523 Montepesulano‚
436 482 675 521 Magalonensis
691 482 858 518 dioecesis,
873 482 906 510 in
923 485 1058 519 quatuor
1071 480 1151 517 ejus-

145 539 218 569 dem
232 537 382 575 virginis,
404 536 436 566 S.
456 536 625 566 Michaelis
640 535 827 573 archangeli
842 540 872 564 et
887 538 1013 563 sauctae
1032 533 1152 562 Mariae

146 589 356 628 Magdalenae
368 589 604 625 festivitatibus,
620 593 677 618 etc.
696 593 730 618 ut
744 597 848 626 supra,
865 595 966 625 usque
982 587 1053 615 Dat.
1068 585 1152 624 apud

146 643 420 677 Urbemveterem,
438 652 458 671 v
474 642 548 671 idus
560 641 660 680 junii,
677 650 763 671 anno
779 645 902 679 quarto.
920 640 979 679 (En
997 639 1126 678 marqe.)

186 695 225 725 In
245 704 273 725 e.
293 704 336 724 m.
351 717 359 731 ,
381 702 437 733 pro
455 694 588 724 ecclesia
604 694 738 724 Sanctae
756 694 867 724 Crucis
887 693 925 723 de
948 694 1152 731 Montepesu-

144 748 219 779 1300
232 772 239 784 ,
256 747 495 786 Magalonensis
514 747 687 782 dioecesis,
703 748 737 776 in
757 747 960 776 Inventionis
978 751 1008 776 et
1026 745 1151 775 Exulta-

147 801 245 832 tionis
263 801 407 840 ejusdem
425 800 547 835 crucis,
566 805 702 838 quatuor
721 800 829 829 beatae
845 800 965 829 Mariae
981 804 1011 828 et
1026 803 1153 829 sanctae

144 855 318 884 Katerinae
333 853 570 889 festivitatibus,
591 858 650 883 etc.
668 858 703 882 ut
718 862 824 891 supra.
843 853 947 891 (Ibid.)

724 932 854 966 Orviem,
877 933 905 959 10
921 933 983 966 juin
1003 933 1079 960 1291.

185 997 223 1027 In
244 1005 271 1027 e.
289 1005 334 1026 m.
347 1019 355 1033 ,
377 1004 432 1035 pro
448 995 580 1025 ecclesia
601 995 736 1025 Sanctae
755 995 876 1025 Mariae
897 996 935 1025 de
957 995 1151 1031 Castilione,

144 1049 367 1080 Gerundensis
388 1048 561 1084 dioecesis,
582 1049 617 1077 in
636 1053 772 1087 quatuor
787 1048 932 1087 ejusdem
949 1048 1100 1086 virginis,
1119 1048 1151 1078 S.

145 1103 310 1133 Laurentii
334 1106 364 1132 et
384 1101 416 1132 S.
442 1102 567 1132 Nicolai
589 1101 828 1138 festivitatibus,
850 1110 907 1140 per
926 1106 994 1131 octo
1014 1101 1082 1131 dies
1104 1110 1154 1131 se-

144 1160 280 1195 quentes
296 1161 326 1186 et
341 1156 375 1186 in
393 1156 616 1185 anniversario
635 1155 688 1185 die
708 1155 918 1185 dedicationis
938 1155 1082 1193 ejusdem
1101 1163 1153 1184 00-

145 1209 273 1240 0105130.

188 1275 201 1289 ιι
225 1262 390 1293 Gloriosus
411 1263 498 1292 Deus
521 1263 595 1292 in...
617 1279 655 1284 -
675 1263 744 1293 Dat.
765 1262 849 1301 apud
870 1262 1154 1298 Urbemveterem,

148 1325 194 1346 1111
210 1316 282 1346 idus
295 1316 394 1354 junii,
410 1325 496 1346 anno
511 1320 632 1355 quarto.
652 1327 666 1342 »
685 1316 784 1353 (Ibid.)

746 1396 877 1428 Orvieto,
895 1397 910 1423 Ξ)
922 1397 986 1431 juin
1005 1397 1082 1423 1291.

187 1459 225 1489 In
240 1468 267 1489 e.
284 1468 343 1496 m.,
359 1467 415 1498 pro
427 1459 557 1498 capellis
570 1459 679 1489 Sancti
695 1459 849 1498 Stephani
866 1465 896 1490 et
911 1460 1019 1490 Sancti
1035 1460 1156 1490 Johan-

146 1511 199 1541 nis
215 1511 438 1550 Evangelistae
451 1511 490 1542 de
503 1511 620 1550 palatio
637 1512 931 1549 Westmonasterii‚
949 1512 1154 1542 Londonien-

146 1565 191 1595 sis
215 1565 368 1595 dioecesis
381 1588 390 1602 ,
421 1574 558 1604 quarum
587 1565 686 1595 altera
721 1565 878 1605 dependet
907 1566 947 1595 ab
978 1565 1089 1603 altera,
1121 1567 1156 1596 in

146 1619 386 1657 Assumptionis
416 1619 526 1648 beatae
555 1619 697 1655 Mariae,
728 1623 910 1649 sanctorum
940 1619 1094 1658 Stephani
1127 1624 1157 1649 et

145 1671 308 1701 Johannis
329 1671 551 1709 Evangelistae
572 1675 602 1701 et
621 1671 778 1702 Omnium
796 1671 986 1703 Sanctorum
1001 1673 1156 1703 festivita-

148 1724 232 1754 tibus
248 1729 279 1754 et
293 1734 350 1763 per
364 1730 433 1755 octo
447 1725 514 1755 dies
531 1729 710 1764 sequentes.

189 1789 202 1803 «
223 1777 414 1808 Sanctorum
429 1778 556 1808 meritis
571 1778 722 1809 inclita...
738 1797 777 1800 —
792 1779 865 1815 Dat.
882 1780 966 1818 apud
984 1779 1157 1810 Urbemve—

148 1835 259 1869 terem,
275 1832 372 1861 nonis
384 1832 482 1870 junii,
500 1840 587 1862 anno
602 1837 724 1872 quarto.
746 1845 759 1858 »
775 1833 882 1872 (Ibid.)

188 1884 227 1914 In
250 1893 278 1914 e.
299 1893 364 1922 m.,
384 1893 440 1923 pro
460 1884 593 1915 ecclesia
614 1886 730 1915 Beatae
751 1886 872 1915 Mariae
891 1886 928 1916 de
951 1887 1109 1924 Hastinge
1127 1891 1157 1916 et

147 1936 268 1976 capella
284 1937 324 1968 de
344 1937 608 1976 Bolewarehute‚
625 1938 835 1969 Cicestrensis
853 1939 1025 1975 dioecesis,
1042 1940 1076 1969 10
1096 1941 1155 1969 Α5-

147 1991 339 2030 sumptionis
354 1991 464 2021 beatae
485 1992 618 2029 Mariae,
636 1992 668 2022 S.
691 1992 818 2035 Nicolai
842 1998 872 2022 et
893 1998 1019 2023 sanctae
1039 1993 1156 2023 Cathe-

147 2044 238 2073 rinae
254 2044 479 2075 festivitatibus
495 2050 525 2075 et
540 2055 596 2084 per
611 2051 680 2076 octo
695 2045 764 2076 dies
780 2051 960 2084 5000011105,
980 2050 1038 2076 etc.

189 2109 202 2124 α
220 2097 378 2136 Splendor
392 2103 525 2137 paterne
541 2098 681 2137 glorie...
697 2115 737 2122 —
753 2099 824 2128 Dat.
842 2104 877 2129 ut
892 2108 998 2138 supra.
1019 2112 1032 2126 n
1050 2099 1156 2138 (Ibid.)

727 2178 856 2212 Orvieto‚
876 2179 989 2213 terjuin
1006 2179 1084 2206 1291.

187 2240 224 2269 Iu
255 2249 283 2270 e.
311 2249 378 2276 m.,
406 2248 461 2278 pro
488 2240 621 2270 ecclesia
647 2240 756 2270 Sancti
782 2241 932 2270 Andreae
957 2241 1090 2280 apostoli
1118 2241 1156 2271 de

147 2292 318 2331 Aquilari,
342 2293 520 2331 Burgensis
539 2293 709 2329 dioecesis,
728 2294 762 2323 in
785 2294 817 2324 S.
840 2295 1010 2331 Matthaei,
1029 2295 1060 2325 S.
1084 2295 1156 2325 Ste-

148 2345 268 2384 phani,
291 2350 419 2375 sanctae
439 2345 552 2376 Clarae
573 2351 603 2376 et
625 2350 753 2377 sanctae
774 2347 890 2377 Luciae
911 2349 1152 2384 festivitatibus,

148 2407 202 2438 per
222 2404 292 2429 octo
307 2399 376 2428 dies
396 2403 566 2437 sequentes
583 2404 613 2429 et
629 2400 663 2429 in
680 2401 901 2430 anniversario
918 2401 968 2430 die
985 2402 1156 2432 dedicatio-

149 2451 199 2481 nis
211 2452 356 2490 ejusdem
369 2451 530 2482 ecclesiae.
545 2453 616 2482 Dat.
627 2453 710 2491 apud
723 2453 996 2491 Urbemveterem,
1009 2454 1157 2485 kalendis

147 2505 245 2544 Junii,
262 2514 348 2535 anno
364 2509 487 2544 quarto.
506 2506 608 2544 (Ibid.)

220 2697 474 2726 5292-5318
754 2698 879 2730 Orvieto,
898 2700 913 2726 9
926 2700 988 2734 juin
1008 2699 1085 2727 1291.

186 2758 394 2794 Indulgentiae.
412 2758 495 2791 (Rea.
512 2758 561 2793 46,
578 2767 604 2785 c.
622 2759 693 2791 271²,
711 2760 730 2787 f.
747 2761 778 2787 54
796 2762 843 2793 ro.)

193 2862 348 2892 Universis
369 2861 483 2891 Christi
503 2861 643 2897 fidelibus
660 2867 807 2899 presentes
829 2864 947 2892 litteras
963 2865 1155 2902 inspecturis.

151 2914 392 2953 Indulgentiam
409 2914 508 2944 unius
523 2915 601 2944 anni
618 2919 648 2944 et
663 2924 701 2944 XL
719 2915 844 2945 dierum
861 2916 1006 2946 concedit
1021 2917 1157 2945 visitan-

151 2969 236 2998 tibus
253 2968 422 2999 ecclesiam
440 2991 460 2998 ..
477 2968 601 2998 abbatis
619 2971 649 2998 et
663 2974 839 2999 conventus
855 2970 1043 3000 monasterii
1062 2971 1157 2999 Sanc-

1237 365 1283 390 tae
1301 361 1421 390 Mariae
1438 361 1475 391 de
1491 360 1582 390 Valle
1598 361 1669 395 Dei,
1688 360 1811 390 ordinis
1828 360 1859 389 S.
1882 360 2059 397 Benedicti,
2080 361 2238 392 133511100-

1235 414 1278 442 515
1300 414 1469 449 dioecesis,
1490 414 1524 442 in
1543 419 1678 452 quatuor
1697 412 1840 452 ejusdem
1857 413 1991 450 virginis
2013 414 2237 444 festivitatibus

1235 471 1264 496 et
1279 476 1334 505 per
1350 471 1418 496 octo
1435 467 1501 496 dies
1519 471 1700 506 sequentes.

1276 532 1288 546 α
1308 521 1378 549 Vite
1395 521 1546 558 perennis
1562 520 1700 558 gloria...
1717 537 1756 542 —
1772 520 1843 550 Dat.
1863 520 1946 559 apud
1963 520 2235 551 Urbemveterem.

1235 584 1252 601 v
1271 573 1342 603 idus
1355 574 1453 612 junii,
1471 582 1556 604 anno
1573 579 1696 612 quarto.
1719 586 1732 599 >³

1833 640 1964 672 Orvieto,
1981 642 1996 667 6
2008 640 2070 675 juin
2092 641 2168 667 1291.

1275 703 1311 732 In
1330 712 1356 733 e.
1374 712 1430 738 m.,
1450 712 1506 741 pro
1523 703 1656 733 ecclesia
1675 703 1808 733 Sanctae
1826 703 1926 733 Yldae
1943 703 1981 732 de
1998 703 2116 741 Egeton
2131 727 2137 738 ,
2156 703 2239 733 Ebo-

1235 757 1375 785 racensis
1393 756 1562 791 dioecesis,
1582 757 1615 785 in
1635 760 1770 794 quatuor
1784 756 1927 794 ejusdem
1946 756 2082 794 virginis
2100 761 2129 786 et
2147 765 2240 786 sanc-

1236 816 1284 839 tae
1305 809 1407 838 Yldae
1428 808 1653 838 festivitatibus
1676 813 1705 838 et
1725 818 1779 846 per
1798 814 1866 839 octo
1882 809 1947 838 dies
1967 813 2146 848 sequentes.
2167 809 2238 838 Dat.

1235 862 1318 900 apud
1338 861 1613 896 Urbemveteoem,
1633 870 1689 890 vni
1706 861 1778 890 idus
1790 862 1886 898 junii,
1904 870 1988 891 anno
2006 865 2127 899 quarto.

1276 916 1313 944 ln
1336 924 1362 945 e.
1386 923 1429 944 m.
1445 938 1451 950 ,
1470 922 1526 952 pro
1546 913 1680 943 ecclesia
1698 914 1903 950 Eboracensi,
1923 915 1956 943 in
1979 919 2115 952 quatuor
2133 915 2241 944 beatae

1237 969 1357 998 Mariae
1382 970 1412 997 et
1440 968 1539 997 sancti
1564 967 1651 996 Petri
1676 967 1809 1006 apostoli
1834 968 2080 1003 festivitatibus,
2106 972 2181 1003 etc.,
2209 972 2240 996 ut

1236 1031 1341 1060 supra.

1280 1076 1315 1104 [n
1332 1084 1358 1104 e.
1378 1083 1441 1109 m.,
1460 1082 1515 1112 pro
1531 1073 1662 1103 ecclesia
1683 1096 1703 1103 ..
1722 1073 1909 1103 correctoris
1928 1078 1958 1102 et
1976 1073 2108 1102 fratrum
2129 1073 2244 1102 domus

1240 1128 1354 1158 Beatae
1369 1126 1517 1165 Virginis
1534 1126 1573 1156 de
1589 1126 1775 1161 Eskedalis,
1798 1126 2006 1155 Eboracensis
2023 1125 2189 1162 dioecesis,
2207 1126 2240 1154 in

1237 1185 1373 1219 quatuor
1391 1179 1535 1217 ejusdem
1552 1179 1686 1217 virginis
1704 1178 1939 1214 festivitatibus,
1958 1182 2028 1212 etc.,
2048 1182 2201 1217 utsupra.

1837 1258 1968 1289 Orviet0‚
1986 1259 2001 1285 9
2014 1259 2076 1292 juin
2098 1258 2172 1284 1‘291.

1280 1327 1315 1355 ln
1331 1335 1358 1355 e.
1378 1334 1434 1362 m.,
1453 1333 1509 1363 pro
1525 1322 1699 1353 cathedrali
1715 1323 1846 1353 ecclesia
1863 1322 2104 1357 Saresbiriensi,
2122 1322 2155 1350 in
2170 1330 2244 1360 qua—

1240 1386 1309 1409 tuor
1324 1379 1434 1408 beatae
1451 1377 1570 1407 Mariae
1586 1376 1820 1412 festivitatibus,
1839 1385 1894 1414 per
1910 1379 1978 1405 octo
1994 1375 2060 1405 dies
2077 1379 2244 1413 sequentes

1238 1438 1266 1463 et
1294 1433 1328 1462 in
1351 1431 1572 1462 anniversario
1595 1430 1648 1460 die
1671 1429 1880 1459 dedicationis
1910 1429 2053 1467 ejusdem
2081 1427 2241 1457 ecclesiae.

1238 1488 1310 1516 Dat.
1326 1485 1411 1524 apud
1427 1485 1703 1518 Urbemveterem,
1720 1493 1739 1512 v
1755 1483 1828 1512 idus
1842 1483 1937 1520 junii,
1955 1490 2041 1511 anno
2054 1486 2175 1520 quarto.

1839 1562 1966 1593 Orvieto,
1983 1562 1998 1587 5
2011 1562 2074 1596 juin
2098 1561 2172 1588 1291.

1279 1629 1317 1658 10
1334 1637 1361 1658 e.
1380 1637 1444 1664 m.,
1462 1636 1518 1665 pro
1539 1625 1713 1656 cathedrali
1734 1624 1868 1655 ecclesia
1888 1624 2094 1662 Maguntina,
2114 1623 2147 1653 in
2165 1632 2244 1662 qua-

1241 1687 1309 1712 tuor
1327 1682 1437 1712 beatae
1456 1680 1577 1709 Mariae
1593 1684 1623 1709 et
1641 1678 1674 1708 S.
1692 1678 1825 1707 Martini
1841 1678 2076 1711 festivitatibus,
2095 1681 2152 1706 etc.
2173 1677 2241 1705 Dat.

1238 1735 1322 1774 apud
1342 1734 1615 1767 Urbemveterem,
1634 1732 1730 1762 nonis
1745 1731 1843 1770 junii,
1860 1739 1946 1761 3000
1962 1735 2084 1769 quarto.

1843 1810 1968 1841 Orvieto,
1987 1810 2002 1837 9
2015 1811 2079 1844 juin
2098 1810 2173 1837 1291.

1280 1878 1318 1908 In
1333 1887 1361 1907 e.
1379 1886 1436 1913 m.,
1451 1884 1506 1914 pro
1520 1874 1652 1905 ecclesia
1667 1873 1776 1904 Sancti
1792 1873 1965 1903 Donatiani
1984 1872 2152 1909 Brugensi,
2170 1872 2243 1901 Tor·

1239 1931 1387 1961 nacensis
1402 1928 1568 1961 dioecesis.
1586 1928 1619 1957 in
1637 1931 1773 1966 quatuor
1788 1927 1896 1956 beatae
1913 1926 2033 1955 Mariae
2049 1930 2079 1954 et
2095 1926 2126 1955 S.
2142 1925 2245 1954 Dona—

1239 1985 1319 2014 tiani
1337 1982 1576 2016 festivitatibus,
1595 1986 1670 2017 etc.,
1690 1985 1725 2009 ut
1745 1988 1851 2018 supra.
1872 1979 1944 2008 Dat.
1965 1978 2046 2016 apud
2072 1978 2244 2008 [111101010-

1238 2043 1349 2071 101010,
1367 2047 1386 2066 v
1403 2036 1474 2065 idus
1487 2035 1584 2074 junii,
1600 2042 1686 2063 anno
1703 2038 1824 2072 quarto.

1821 2112 1947 2141 Orvieto,
1970 2112 1998 2137 13
2014 2111 2078 2145 juin
2097 2110 2173 2137 1291.

1281 2181 1316 2210 In
1337 2189 1365 2209 e.
1386 2188 1428 2208 m.
1442 2201 1449 2215 ‚
1469 2185 1524 2216 pro
1543 2175 1677 2206 ecclesia
1696 2198 1714 2205 ..
1735 2173 1904 2212 guardiani
1921 2178 1950 2202 et
1968 2173 2102 2201 fratrum
2123 2171 2245 2201 ordinis

1239 2235 1403 2263 minorum
1420 2231 1458 2259 de
1474 2228 1694 2266 monteregali,
1712 2227 1863 2256 Reatinae
1877 2226 2042 2259 dioecesis,
2060 2226 2092 2254 iu
2111 2229 2246 2263 quatuor

1239 2288 1349 2318 bealae
1367 2285 1488 2314 Mariae
1502 2282 1747 2318 festivitatibus,
1764 2286 1822 2310 etc.
1843 2281 1913 2309 Dat.
1934 2279 2018 2317 apnd
2037 2278 2243 2308 Urbemvete-

1239 2347 1318 2373 rem,
1337 2337 1444 2366 idibus
1459 2335 1555 2374 junii,
1574 2342 1660 2363 anno
1679 2336 1802 2371 quarto.
1822 2332 1972 2370 (1301111,
1990 2329 2114 2367 23704.)

1839 2417 1970 2448 Orvieto,
1989 2417 2003 2443 5
2016 2416 2080 2450 juin
2098 2414 2174 2442 1291.

1279 2488 1318 2517 In
1342 2495 1369 2515 e.
1391 2494 1455 2521 m.,
1478 2492 1534 2522 pro
1556 2482 1687 2513 ecclesia
1707 2481 1817 2511 Sancti
1840 2479 1927 2509 Petri
1949 2479 1988 2508 de
2010 2479 2245 2511 Intermontes,

1239 2540 1426 2572 Baiocensis
1452 2537 1623 2571 dioecesis,
1651 2536 1685 2564 in
1712 2534 1855 2573 ejusdem
1883 2533 1984 2562 sancti
2010 2538 2040 2561 et
2066 2534 2246 2561 sanctorum

1239 2593 1394 2632 Stephani
1408 2595 1437 2621 et
1451 2591 1539 2620 Blasi
1553 2588 1778 2619 festivitatibus
1793 2592 1823 2617 et
1835 2596 1891 2625 per
1903 2591 1971 2616 octo
1984 2585 2050 2614 dies
2065 2588 2242 2622 sequentes.

1240 2648 1309 2677 Dat.
1334 2646 1417 2685 apud
1434 2644 1712 2676 Urbemveterem,
1731 2641 1825 2670 nonis
1838 2639 1936 2678 junii,
1954 2646 2039 2667 anno
2053 2641 2176 2675 quarto.

1280 2701 1317 2731 10
1344 2710 1371 2730 e.
1396 2708 1461 2735 m.,
1487 2706 1541 2736 pro
1565 2695 1698 2726 ecclesia
1719 2693 1886 2732 hospitalis
1910 2692 2043 2721 Sanctae
2065 2690 2183 2719 Mariae
2207 2688 2245 2717 ad

1240 2756 1393 2785 Sanctum
1415 2751 1543 2781 Gallum
1568 2747 1766 2783 Florentini‚
1783 2746 1817 2775 in
1837 2749 1972 2784 quatuor
1987 2743 2129 2782 ejusdem
2148 2741 2246 2778 virgi-

1240 2808 1292 2837 nis
1309 2811 1339 2837 et
1355 2806 1387 2836 S.
1405 2803 1490 2834 Galli
1506 2801 1741 2836 festivitatibus,
1760 2803 1832 2835 etc.,
1849 2802 1884 2827 ut
1900 2805 2004 2835 supra.

1280 2861 1317 2889 In
1337 2868 1364 2889 e.
1385 2867 1448 2893 m.,
1470 2864 1526 2895 pro
1547 2853 1679 2884 ecclesia
1702 2875 1722 2882 ..
1745 2851 1919 2881 abbatissae
1937 2854 1966 2878 et
1983 2850 2156 2878 conventus
2175 2854 2243 2874 mo-

1242 2912 1373 2943 nasterii
1389 2911 1428 2940 de
1444 2909 1598 2945 Sonnino,
1618 2906 1741 2936 ordinis
1757 2904 1789 2934 S.
1810 2902 1985 2937 Benedicti,
2003 2898 2243 2929 Terracinensis

1241 2964 1410 3000 dioecesis,
1432 2963 1464 2992 in
1489 2966 1623 3000 quatuor
1647 2959 1754 2988 heatae
1778 2956 1897 2986 Mariae
1918 2952 2163 2987 festivitatibus,
2189 2959 2244 2989 per
