2393 3496
175 304 250 335 1224
734 299 871 329 TABLE
893 287 1229 332 ALPHABETIQUE
1251 293 1331 324 DES
1353 294 1472 325 NOMS
1495 294 1702 325 PROPRES.

175 369 361 406 Monaldus,
379 366 553 397 monachus
568 374 655 396 mon.
672 364 772 395 Vallis
787 363 891 394 Castri
907 362 995 394 4799.

174 423 354 458 Monaldus,
370 429 474 451 comes
490 419 578 449 7281.

174 475 423 507 Monasteriense
439 481 525 502 mon.
544 471 641 508 7594;
659 487 695 494 -—
714 479 802 501 mon.
820 470 853 500 S.
872 470 992 500 Mariae
1007 469 1094 499 7458.

174 526 435 559 Monasterieusis
450 525 605 555 dioecesis
621 524 689 561 444,
708 524 796 561 5889,
813 523 902 560 7474,
920 522 1008 559 7602,
1024 522 1121 558 7642;
1139 538 1177 544 —

212 579 344 611 ecclesia
370 579 458 615 4055,
481 578 576 615 4121,
602 578 689 613 4655,
716 576 808 613 4656,
832 576 930 613 5582;
950 593 988 597 -
1011 575 1177 614 episcopus

214 633 302 670 1255,
327 632 419 667 5864,
444 631 539 668 58893
558 647 596 652 —
612 630 725 660 domus
747 630 786 659 fr.
811 630 891 659 min.
916 628 994 665 4443
1011 645 1049 650 —
1069 637 1115 658 ec.
1142 627 1174 658 S.

212 686 340 724 Lutgeri
359 685 455 720 745&
473 700 511 706 -
527 688 618 714 vetus
635 692 680 713 66.
700 683 733 713 S.
755 682 846 713 Pauli
865 682 953 711 7474.

172 738 432 770 Monasteriensis
447 737 590 775 ecclesia,
609 737 795 767 Leodiensis
811 737 840 766 d.
860 735 948 767 3419.

170 791 373 822 Monasteriis
389 790 447 830 (ec.
465 790 528 830 de),
550 790 736 820 Basiliensis
751 790 780 820 d.
799 789 868 820 918.

171 845 365 876 Mouasterio
378 845 412 874 in
423 844 565 882 Argonia
574 844 676 883 (mon.
690 843 1030 883 de),Cathalaunensis
1043 842 1073 872 (1.
1085 842 1174 874 2430.

171 899 364 929 Monasterio
379 898 413 928 in
434 898 521 927 Efflia
535 897 594 937 (66.
613 898 680 937 (16),
697 897 900 928 Coloniensis
918 897 949 926 d.
973 896 1066 932 4055,
1085 896 1173 926 4655.

171 952 364 983 Monasterio
380 959 474 990 prope
492 951 674 980 Ruthenam
692 950 752 990 (ec.
769 950 819 990 de)
837 950 925 981 3809.

171 1005 364 1035 Monasterio
381 1013 475 1043 supra
491 1004 670 1034 Sambi-iam
684 1003 745 1043 (ec.
762 1004 794 1034 S.
809 1003 895 1033 Petri
911 1003 975 1042 de),
989 1002 1175 1033 Leodiensis

210 1058 240 1087 d.
259 1057 346 1088 3423.

171 1112 362 1142 Monasterio
380 1119 475 1150 prope
491 1111 592 1141 Senas
609 1110 711 1149 (mon.
730 1109 762 1140 S.
781 1110 920 1148 Eugenii
934 1110 983 1146 de)
1003 1109 1103 1140 17092.

171 1164 473 1195 Monasteriovillari
491 1164 591 1203 (nion.
609 1163 673 1203 de),
692 1163 962 1202 Rothornagensis
978 1164 1008 1194 d.
1027 1163 1121 1200 2515;
1136 1180 1175 1185 —

210 1218 313 1257 (hosp.
332 1218 368 1247 B.
387 1218 583 1255 Margaretae
599 1217 651 1256 de)
668 1217 756 1248 4145.

170 1271 401 1302 Monasteriurn
417 1271 508 1310 (cella
532 1271 615 1310 apud
639 1275 779 1301 castrum
802 1270 977 1310 vocatum),
1003 1271 1174 1310 Regiensis

209 1325 240 1354 d.
258 1324 326 1354 526.

170 1377 361 1408 Moneketon
378 1377 439 1417 (ec.
457 1377 518 1414 de),
537 1377 779 1407 Cautuariensis
795 1377 824 1407 d.
843 1376 931 1408 4685.

170 1430 322 1461 Moniales
337 1430 438 1468 (mon.
462 1430 494 1460 S.
521 1430 606 1460 Petri
630 1430 682 1469 ad)
707 1431 868 1461 Remense
891 1430 966 1467 2873
987 1447 1027 1453 —
1045 1430 1173 1470 (domus

209 1485 267 1514 Dei
283 1484 315 1515 S.
333 1485 418 1514 Petri
434 1484 487 1523 ad)
505 1484 675 1514 Remensis
693 1484 780 1514 6301.

169 1537 359 1568 Monialium
377 1537 478 1576 (prior
495 1537 611 1576 Villae)
627 1537 716 1567 7401.

169 1590 406 1630 Monopolitana
425 1600 470 1621 ec.
492 1591 629 1621 137-141.

170 1643 429 1682 Monopolitanus
446 1644 609 1683 episcopus
626 1644 764 1680 137-141,
785 1644 870 1674 1046.

168 1696 312 1727 Monosle
326 1697 532 1736 (Laurentius
548 1697 610 1736 de),
628 1697 847 1727 Norwicensis
862 1697 893 1727 d.
914 1698 999 1727 1164.

168 1750 294 1780 Mont...
312 1749 466 1788 (Gerius),
485 1750 564 1780 civis
580 1750 734 1780 Senensis
751 1751 839 1780 7104.

168 1804 369 1841 Montagnia,
395 1803 462 1833 filia
482 1804 643 1843 quondam
668 1803 833 1843 Capitanei
856 1805 895 1835 de
917 1809 1019 1835 castro
1042 1805 1172 1836 Canalis

207 1857 294 1886 6181.

166 1910 390 1948 Montagniaco
413 1912 510 1948 (mon.
534 1910 564 1940 S.
583 1909 695 1941 Clarae
711 1910 774 1950 de).
791 1911 852 1948 Cf.,
870 1920 950 1950 page
968 1913 1055 1950 1227,
1074 1913 1170 1943 Mon-

206 1963 354 2001 tigniaco.

167 2016 397 2047 Montaldensis
411 2016 534 2047 archid.
552 2016 585 2045 in
606 2026 650 2046 ec.
669 2018 860 2055 Agennensi
874 2017 947 2054 873,
974 2018 1059 2055 1088,
1083 2019 1169 2056 1101,

205 2069 292 2100 6263.

167 2123 317 2154 Montalis
336 2127 472 2153 castrum
493 2123 562 2159 442,
581 2123 667 2152 7170.

165 2177 386 2206 Montanarius
404 2177 544 2216 (Petrus)
559 2177 597 2206 de
615 2177 802 2208 Urbeveteri
815 2178 883 2208 479.

166 2230 272 2259 Monte
288 2231 404 2268 (comes
420 2229 471 2267 (16)
492 2230 666 2265 1191-1202,
686 2230 773 2267 2140,
792 2231 880 2268 2149,
899 2231 988 2262 7435.

166 2284 272 2313 Monte
287 2277 388 2322 (r'non.
413 2284 444 2313 S.
468 2283 630 2313 Laurentii
651 2283 713 2323 de),
737 2284 1011 2315 Bai-chinonensis
1027 2285 1058 2316 d.
1079 2285 1168 2316 6014.

166 2336 273 2366 Monte
290 2336 386 2374 (mon.
407 2336 439 2365 S.
461 2336 546 2365 Petri
565 2337 623 2374 in),
645 2337 822 2367 Brixiensis
838 2338 868 2367 (1.
887 2338 975 2368 2308.

168 2389 272 2419 Monte
287 2390 344 2427 (ec.
364 2389 395 2419 S.
415 2389 576 2420 Francisci
594 2390 653 2428 in),
673 2390 912 2421 Salaniantinae
929 2392 960 2422 d.
978 2392 1068 2423 6230.

166 2442 272 2472 Monte
287 2442 387 2479 (mon.
405 2442 437 2471 S.
458 2442 586 2472 Martini
604 2443 661 2480 in),
683 2444 894 2475 Viterbiensis
910 2445 941 2475 d.
961 2445 1047 2475 1349.

165 2494 273 2524 Monte
290 2495 456 2532 (prioratus
473 2495 505 2525 S.
524 2495 689 2526 Michaelis
707 2496 759 2536 de)
771 2497 948 2527 Januensis
965 2498 1053 2528 2640.

164 2547 272 2577 Monte
289 2547 347 2586 (66.
366 2547 396 2577 S.
416 2548 499 2577 Petri
512 2548 564 2587 de)
582 2549 769 2579 Penestrina
790 2551 876 2580 1112.

164 2600 272 2630 Monte
286 2600 345 2638 (ec.
363 2601 400 2629 fr.
419 2601 558 2639 niin.de)
576 2610 670 2641 prope
688 2603 857 2633 Perusiurn
875 2603 964 2634 5270.

163 2653 270 2683 Monte
290 2654 461 2692 (prioratus
487 2655 519 2684 S.
547 2654 713 2685 Michaelis
739 2656 786 2695 in)
811 2665 905 2695 supra
929 2657 1166 2696 Rothomagum

203 2706 290 2736 6151.

162 2759 268 2789 Monte
283 2759 384 2798 (mon.
402 2760 434 2789 S.
451 2760 573 2790 Juliani
592 2761 645 2800 de)
662 2771 755 2800 supra
775 2762 939 2801 Spoletum
955 2764 1024 2795 839.

162 2812 269 2842 Monte
285 2812 384 2850 (prior
399 2813 431 2844 S.
449 2813 552 2851 Egidii
574 2814 612 2843 de
635 2815 799 2852 Publice),
819 2817 1002 2848 Leodiensis
1023 2817 1054 2847 d.
1075 2818 1165 2848 7349.

163 2864 302 2894 Monteni
320 2874 413 2904 prope
432 2866 623 2896 I’inconiuin
640 2866 812 2906 (prioratus
840 2869 875 2900 B.
902 2870 1022 2900 Mariae
1045 2872 1164 2909 supra),

203 2918 429 2947 Anibianensis
445 2919 474 2947 d.
497 2919 584 2948 5141.

163 2970 287 3001 Montes
301 2971 403 3009 (mou.
420 2971 451 3001 S.
474 2972 558 3002 Petri
575 2973 627 3011 ad)
643 2973 899 3005 Cathalaunense
918 2976 1003 3006 1490.

1261 360 1463 390 Monteacuto
1478 360 1524 400 (1)
1537 360 1751 399 (Bertrandus
1766 361 1831 402 de),
1847 361 1944 391 abbas
1962 369 2049 391 mon.
2068 361 2271 401 Moysiaceu-

1300 412 1356 448 sis,
1373 412 1578 443 Caturcensis
1596 412 1628 443 d.
1647 413 1716 445 246.

1262 466 1464 496 Monteacuto
1481 466 1652 505 (prioratus
1669 466 1722 505 de)
1737 466 1826 498 2299.
1864 462 1867 466 ’

1261 519 1461 549 Monteacuto
1476 517 1612 558 (capella
1631 520 1667 549 B.
1689 520 1809 550 Mariae
1824 519 1888 560 de),
1906 519 2072 551 Albiensis
2088 521 2119 551 d.
2140 519 2228 552 5322.

1261 572 1573 611 Monteacuto(mon.
1587 572 1649 612 (16),
1667 573 1844 604 Perusinae
1857 573 1888 603 d.
1908 573 1997 611 1895,
2011 572 2089 604 2650
2100 584 2107 611 ;
2119 573 2268 614 —(mon.

1299 626 1332 657 S.
1350 627 1524 658 Salvatoris
1539 627 1591 666 de)
1608 627 1696 658 2962.

1261 680 1501 711 Monteacutulo
1518 681 1699 719 (Bachatias
1715 682 1763 720 de)
1781 682 1869 712 6247.

1261 733 1490 764 Montisalbani
1501 735 1561 774 (ec.
1571 734 1604 765 S.
1615 735 1739 766 Nicolai
1749 735 1788 766 (16
1800 735 1922 776 Pedio),
1931 736 2123 767 Tiburtinae
2131 736 2164 768 d.
2177 735 2267 770 3204.

1260 787 1442 818 Montealbo
1459 788 1519 827 (ec.
1537 788 1570 819 S.
1588 789 1709 819 Mariae
1727 788 1791 828 de),
1807 789 2056 820 Terraconensis
2070 789 2102 820 d.
2119 789 2208 820 5557.

1260 841 1434 872 Montealto
1450 841 1508 880 (ec.
1526 841 1558 871 S.
1580 841 1698 880 Angeli
1714 841 1777 881 (16),
1794 842 1975 873 Castrensis
1990 842 2021 872 d.
2041 842 2140 880 72703
2155 859 2195 865 —
2207 839 2266 883 (ec.

1299 894 1330 924 S.
1347 894 1508 924 Johanuis
1523 895 1576 933 de)
1590 894 1667 924 7270
1680 906 1687 932 ;
1704 912 1743 918 —
1755 895 1908 935 (populus
1921 895 1974 935 (16)
1989 895 2079 933 7269,
2096 895 2186 926 7270.

1258 948 1377 978 Montis
1393 948 1568 978 Alverniae
1584 948 1642 988 (ec.
1661 949 1700 980 fr.
1719 949 1799 980 min.
1821 949 1939 987 Sacri),
1957 949 2112 980 Aretinae
2127 949 2159 980 d.
2177 949 2266 981 2882.
2316 946 2321 951 “

1258 1004 1366 1034 Monte
1377 1003 1507 1034 Amiato
1524 1003 1624 1043 (mon.
1643 1004 1676 1035 S.
1693 1004 1866 1035 Salvatoris
1884 1004 1947 1044 de),
1965 1004 2118 1035 Clusinae
2129 1004 2161 1035 d.
2178 1003 2267 1036 7183.
2298 1005 2305 1019 '

1258 1056 1368 1086 Monte
1382 1057 1528 1095 Apponis
1542 1055 1698 1097 (castrum
1714 1057 1777 1097 de),
1795 1057 1820 1087 F
1822 1057 1969 1088 irmanae
1984 1057 2015 1087 d.
2031 1057 2120 1088 2582.

1258 1109 1377 1140 Montis
1393 1109 1486 1140 Arcis
1502 1110 1609 1140 Ruere
1627 1115 1767 1140 castrum
1783 1110 1854 1142 713.

1257 1162 1366 1192 Monte
1382 1163 1491 1193 Areno
1507 1162 1565 1202 (66.
1585 1163 1617 1194 S.
1638 1163 1788 1194 Andreae
1804 1163 1869 1200 de),
1888 1163 2052 1194 Uticensis
2067 1163 2099 1194 d.
2117 1163 2205 1194 5225.

1257 1215 1367 1245 Monte
1382 1215 1538 1245 Arnaudo
1554 1217 1609 1254 (ec.
1627 1215 1692 1255 de),
1710 1215 1950 1254 Magalonensis
1966 1215 1996 1246 d.
2017 1215 2106 1247 5090.

1257 1270 1367 1300 Monte
1382 1270 1508 1300 Attacio
1525 1269 1715 1309 (Admulsus
1730 1270 1783 1310 de)
1798 1269 1887 1301 3467.

1258 1324 1366 1354 Monte
1382 1323 1519 1354 Auriolo
1534 1324 1687 1363 (castrum
1704 1325 1863 1364 Raynerii
1878 1325 1929 1364 de)
1945 1325 2014 1361 604,
2030 1323 2120 1361 7132,
2137 1322 2227 1355 7133.
2308 1360 2310 1364 Ι

1257 1377 1366 1407 Monte
1388 1377 1508 1407 Avium
1531 1377 1752 1417 (Theobaldus
1777 1377 1850 1418 de),
1875 1378 2050 1409 canonicus
2076 1377 2300 1418 Bisuntinuss

1296 1430 1385 1462 4159.

1256 1484 1365 1514 Monte
1381 1484 1501 1514 Avium
1514 1484 1644 1524 (domus
1656 1485 1696 1514 fr.
1713 1484 1795 1515 min.
1813 1484 1876 1524 de),
1894 1485 2052 1515 Fanensis
2067 1485 2098 1516 d.
2115 1484 2204 1516 6483.
2270 1511 2274 1514 .

1257 1537 1470 1568 Montisazani
1488 1537 1563 1568 villa
1582 1538 1651 1568 514.
2171 1568 2177 1571 .

1257 1590 1471 1631 Monteharris
1497 1590 1701 1630 (Stephanus
1729 1591 1805 1630 de),
1837 1591 2036 1622 Senonensis
2061 1591 2106 1628 d.,
2137 1591 2266 1624 tabellio

1296 1643 1386 1682 3620,
1403 1644 1491 1681 5860,
1510 1645 1582 1674 6541
1599 1655 1605 1682 ;
1622 1661 1662 1667 -
1677 1645 1781 1675 dictus
1798 1645 1896 1676 Letur
1913 1645 2003 1676 3620.

1257 1697 1375 1727 Montis
1394 1697 1528 1728 Basonis
1545 1698 1604 1738 (ec.
1624 1698 1659 1728 B.
1682 1698 1803 1729 Mariae
1819 1699 1858 1729 de
1873 1698 2000 1738 castro),
2017 1698 2216 1730 Turonensis
2233 1697 2264 1729 d.
2286 1687 2305 1694 ’

1296 1751 1384 1781 6459.

1255 1803 1523 1843 Montebeligardi
1547 1805 1606 1844 (66.
1631 1805 1697 1842 (16),
1720 1805 1911 1836 Bisuntinae
1941 1805 1972 1837 d.
1998 1805 2076 1843 9183
2092 1822 2132 1828 —
2152 1807 2210 1844 (ec.
2230 1804 2264 1836 S.

1296 1859 1484 1897 Maymhodi
1503 1859 1555 1898 de)
1574 1859 1662 1895 3045,
1687 1858 1775 1897 3431,
1794 1858 1883 1896 3512,
1902 1859 1991 1891 3613.

1254 1912 1535 1942 Montishenedieti
1556 1921 1656 1950 mon.,
1677 1913 1868 1943 Bisuntinae
1885 1913 1916 1943 (1.
1934 1913 2024 1944 4159.
2264 1938 2273 1957 .

1254 1966 1364 1996 Monte
1381 1966 1492 1996 Beodii
1506 1966 1635 2005 (domus
1645 1967 1685 1996 fr.
1704 1966 1785 1996 min.
1803 1967 1865 2004 de),
1877 1966 2119 2005 Senogaliensis
2132 1967 2163 1998 d.
2174 1966 2284 2004 6873..

1293 2018 1354 2055 Cf.,
1373 2018 1565 2056 ci-dessous,
1584 2019 1703 2049 Montis
1720 2019 1834 2050 Boddi.

1253 2071 1516 2109 Montebiligardi
1533 2073 1589 2110 (ec.
1610 2071 1672 2112 de).
1693 2072 1742 2102 Cf.
1760 2072 1922 2103 ci-dessus
1939 2072 2218 2112 Montebeligardi.

1253 2124 1373 2154 Montis
1400 2124 1503 2154 Boddi
1530 2130 1688 2161 castrum,
1716 2125 1957 2164 Seuogaliensis
1976 2125 2007 2156 (1.
2029 2125 2118 2156 4481.
2141 2125 2203 2164 Οἱ,
2218 2126 2264 2158 οἱ·

1293 2177 1415 2215 (1655115,
1436 2178 1543 2208 Monte
1561 2179 1684 2209 Beodii.
2174 2172 2178 2176 ⁴
2263 2173 2266 2175 ⁵

1253 2231 1469 2262 Montebruno
1485 2231 1650 2271 (Sicardus
1666 2232 1718 2272 de)
1736 2232 1829 2269 13323
1846 2249 1886 2255 —
1900 2232 2076 2264 canonicus
2093 2232 2262 2272 Agathan·

1293 2285 1337 2314 sis
1355 2285 1445 2316 5791.

1252 2338 1373 2368 Montis
1390 2339 1491 2377 Burgi
1507 2348 1607 2377 mon.,
1625 2339 1882 2370 Constantiensis
1894 2341 1924 2370 d.
1943 2340 2032 2372 2975.

1252 2391 1362 2421 Monte
1378 2391 1503 2422 Galerio
1518 2392 1647 2432 (domus
1664 2393 1700 2422 sr.
1719 2393 1797 2422 inin.
1817 2393 1880 2432 de),
1893 2393 2106 2424 Tauriuensis
2123 2393 2154 2423 d.
2171 2392 2260 2424 4777.

1253 2444 1458 2475 Montiscalvi
1477 2451 1616 2475 castrum
1633 2446 1720 2481 7103,
1739 2446 1827 2483 7120,
1845 2446 1934 2482 7123,
1952 2445 2042 2477 7173.

1252 2497 1362 2528 Monte
1384 2498 1523 2529 Carmeli
1548 2499 1736 2539 (heremitae
1759 2500 1812 2539 de)
1839 2500 1925 2537 1042,
1952 2499 2038 2536 1960,
2064 2499 2153 2537 2522,
2170 2499 2258 2539 2555,
2285 2535 2288 2539 ,

1293 2551 1487 2587 2558-2565,
1507 2553 1679 2582 2641-2646
1694 2577 1700 2589 ,
1718 2553 1812 2589 3207,
1833 2552 1927 2590 3289,
1943 2552 2037 2589 3892,
2056 2552 2132 2584 3895
2144 2575 2153 2590 ,
2169 2551 2257 2591 4142,
2287 2590 2289 2593 ¹

1292 2604 1381 2641 7496,
1400 2605 1489 2635 7497.
1511 2606 1558 2637 Cf.
1580 2606 1625 2636 les
1643 2607 1799 2636 snivauts.

1252 2659 1360 2689 Monte
1382 2658 1520 2689 Carmeli
1537 2660 1627 2698 (ordo
1655 2660 1689 2690 Β.
1713 2660 1834 2690 Mariae
1857 2660 1909 2699 de)
1928 2659 2017 2689 7427.
2041 2658 2089 2690 Cf.
2106 2658 2136 2690 16
2152 2659 2258 2699 prece-

1289 2712 1367 2741 dent
1380 2717 1410 2741 et
1426 2712 1454 2742 le
1471 2713 1611 2742 suivant.

1251 2765 1359 2795 Monte
1374 2765 1514 2795 Carmeli
1529 2765 1657 2804 (domus
1676 2766 1711 2796 B.
1738 2766 1860 2796 Mariae
1885 2765 1947 2804 de).
1969 2765 2018 2796 Cr.
2037 2764 2256 2804 Agenneusis,

1279 2898 1313 2928 (1)
1327 2898 1379 2922 Les
1393 2906 1472 2923 noms
1486 2899 1630 2930 composes
1649 2900 1686 2923 dn
1706 2900 1857 2924 substanti?
1870 2901 1950 2923 Mons
1968 2901 1995 2923 et
2014 2898 2079 2923 d'un
2099 2901 2176 2922 autre
2191 2901 2255 2920 nom

1249 2945 1297 2965 ont
1315 2942 1358 2966 ete
1373 2943 1486 2974 rangbs,
1503 2947 1599 2967 autant
1617 2951 1670 2974 quc
1690 2945 1824 2975 possible,
1837 2943 1945 2975 d'apres
1959 2943 2084 2967 1'initia1e
2101 2942 2138 2966 du
2153 2937 2254 2966 second

1250 2992 1323 3015 nom,
1338 2994 1401 3011 sans
1420 2988 1492 3011 tenir
1507 2992 1614 3019 compte
1628 2989 1660 3012 (16
1676 2989 1702 3012 la
1717 2989 1864 3013 dcsinenee
1879 2988 1915 3012 du
1928 2988 2055 3019 premier.
