2393 3496
913 284 1167 330 QUATRIEME
1191 281 1345 324 ΑΝΝΕΕ.
2118 302 2176 332 813

154 357 269 387 (3⁰51

121 419 304 454 Dispensatio
323 420 508 448 matrimonii.
524 420 607 453 (Hm.
627 421 669 452 46,
686 430 711 448 c.
729 422 789 452 514,
807 422 826 449 f.
845 422 893 448 100
909 424 960 455 νο.)

561 358 692 391 Orvieto,
711 360 742 387 13
759 361 923 395 septembre
941 360 1018 387 1291.

126 544 147 552 ..
173 522 389 551 archidiacono
413 521 527 551 ecclesie
550 523 755 552 Landavensis
773 523 939 553 committit
966 528 1000 552 ut
1017 532 1090 553 cum

88 574 260 614 Kynwric,
279 578 353 603 nato
371 573 528 608 Gruffini,
547 578 576 604 et
603 575 667 604 Eva
686 575 850 611 YVemiae,
874 575 1090 605 Laudavensis

86 627 257 663 dioecesis,
274 626 437 665 dispenset
456 631 489 655 ut
506 627 539 656 in
558 628 765 658 matrimonio
783 628 865 666 quod
881 628 979 665 olim,
998 629 1091 666 igno—

87 685 192 711 rantes
208 679 476 718 impedimentum
491 689 575 717 esse‚
593 684 821 710 contraxerunt
841 686 871 710 et
888 681 920 710 in
938 689 1000 720 quo
1020 691 1091 720 pro-

85 733 149 764 lem
165 736 388 772 procrearunt,
410 741 576 762 remanere
595 732 738 769 valeant,
759 743 822 763 non
839 735 983 764 obstante
1002 735 1092 764 tertio

86 790 116 818 et
131 790 242 826 quarto
257 786 547 824 consanguinitatis
564 786 664 824 gradu
683 795 746 825 quo
762 788 925 826 conjuncti
945 793 1029 818 sunt.

76 839 80 843 '
127 852 141 868 «
168 839 316 870 Exhibita
341 840 431 869 nobis
455 839 600 869 dilecti...
622 857 660 861 —
684 840 754 870 Dat.
774 841 858 880 apud
883 841 1092 872 11111010νο10-

86 903 166 930 rem,
183 893 286 923 idibus
302 893 501 932 septembris,
518 902 606 923 anno
623 898 746 932 quarto.
766 906 780 921 ι»

154 1080 272 1110 (5052

117 1142 303 1177 Dispensatio
319 1143 502 1170 matrimonii.
522 1142 604 1176 (Res.
623 1142 665 1174 46,
686 1151 712 1170 0.
730 1143 802 1174 5142,
819 1143 838 1169 f.
859 1144 904 1170 101
925 1145 973 1176 r⁰.)

565 1080 692 1112 Orvieto,
708 1081 743 1108 20
761 1081 925 1116 septembre
941 1081 1019 1108 1291.

124 1269 145 1277 ..
158 1246 381 1283 archiepiscopo
394 1243 579 1275 Surrentino
591 1245 760 1275 committit
772 1248 807 1274 ut
820 1254 892 1274 cum
908 1245 1007 1275 nobili
1022 1245 1090 1276 viro

82 1297 200 1329 Jacobo
222 1297 361 1327 Castaldi
384 1302 414 1327 et
436 1297 536 1328 nobili
559 1298 696 1327 muliere
714 1299 811 1327 Anna
832 1299 994 1328 Laurentii
1020 1299 1090 1329 Ru-

83 1350 160 1388 ruli,
178 1351 302 1381 civibus
323 1350 586 1387 Ravellensibus,
605 1351 766 1390 dispenset
783 1355 816 1381 ut
834 1352 868 1380 111
885 1352 1091 1382 matrimonio

31 1431 33 1434 .
82 1404 167 1443 quod
179 1403 269 1440 olim,
284 1404 470 1442 ignorantes
486 1405 753 1443 impedimentum
770 1413 849 1441 esse,
864 1409 1092 1435 contraxerunt

83 1462 114 1488 et
135 1458 168 1488 in
194 1466 257 1496 quo
288 1457 407 1496 prolem
437 1462 643 1495 procrearunt
671 1466 838 1487 remanere
862 1458 1000 1493 valeant,
1026 1467 1090 1488 non

82 1511 225 1541 obstante
251 1514 364 1549 quarto
393 1511 681 1549 consanguinitatis
707 1511 806 1548 gradu
835 1520 898 1549 quo
927 1512 1091 1549 conjuncti

84 1567 168 1594 sunt.

125 1629 140 1644 «
154 1617 303 1647 Exhibita
318 1617 409 1647 nobis
420 1617 566 1647 dilecti...
579 1633 619 1640 —-
632 1617 703 1648 Dat.
715 1617 799 1656 apud
815 1617 1088 1655 Urbemveterem,

82 1679 127 1700 xn
144 1670 299 1700 kalendas
312 1671 460 1708 octobris,
478 1679 564 1701 anno
578 1675 701 1709 quarto.
721 1682 734 1697 ι)

152 1850 273 1880 6053

118 1914 306 1949 InJuriatorcs
330 1913 448 1940 fratrum
470 1913 614 1939 minorum
638 1913 664 1939 in
688 1913 752 1939 villa
771 1913 806 1939 de
828 1913 971 1940 Medicino
994 1923 1090 1941 coram

83 1962 150 1989 sede
170 1962 327 2006 apostolica
347 1962 481 1988 citantur.
501 1961 582 1993 (Res.
604 1961 652 1995 46,
673 1969 698 1988 0.
716 1962 782 1995 515,
801 1962 819 1988 f.
844 1962 890 1988 101
913 1970 953 1993 r⁰;
972 1961 1089 1994 Pom„

81 2010 190 2042 23815.)

567 1849 693 1882 Orvieto,
712 1850 743 1877 13
759 1851 923 1886 septembre
942 1851 1017 1878 129¹.

123 2135 143 2142 ..
165 2113 382 2143 archidiacono
401 2112 522 2142 Socensi
538 2114 571 2142 in
589 2113 711 2142 ecclesia
729 2114 897 2143 Auoeitana.
920 2125 933 2139 <a
956 2112 1089 2151 Signifi-

81 2170 195 2197 caruut
211 2165 304 2196 nobis
319 2165 427 2195 dilecti
444 2165 503 2194 filii
519 2188 538 2194 ..
554 2170 657 2195 custos
674 2170 703 2195 et
718 2165 830 2207 fratres
845 2166 968 2196 ordinis
985 2167 1090 2197 mino-

81 2229 155 2250 rum
172 2220 377 2258 Agennensis
393 2219 528 2249 diocesis
541 2219 638 2258 quod,
653 2228 724 2249 cum
740 2220 802 2258 ipsi
817 2219 893 2250 olim
911 2220 943 2249 in
962 2220 1036 2249 villa
1052 2220 1091 2250 de

84 2273 256 2312 Medicino,
270 2273 414 2312 ejusdem
431 2272 579 2309 diocesis,
597 2273 634 2302 ad
651 2282 744 2312 quam
763 2273 802 2302 ab
818 2274 1022 2303 universitate
1039 2274 1090 2304 ho-

83 2327 209 2357 minum
226 2326 371 2365 ejusdem
390 2325 463 2355 ville
480 2326 606 2356 fuerant
620 2326 750 2363 evocati,
766 2326 799 2355 111
816 2326 884 2356 1000
900 2335 955 2365 pro
972 2326 1091 2356 habita-

84 2381 168 2411 tione
191 2381 333 2419 ipsorum
356 2379 445 2409 licito
470 2379 627 2418 acquisito
649 2383 834 2416 manerent,
858 2379 962 2417 Bobo,
986 2380 1089 2418 prior,

82 2432 299 2469 601110111105,
327 2434 474 2469 sacrista,
506 2432 664 2462 Berardus
690 2432 805 2470 Cogot,
835 2432 1028 2462 Guillelmus
1053 2433 1091 2463 de

84 2486 201 2516 Sancto
216 2485 323 2522 Flore,
345 2485 503 2515 Martinus
522 2485 676 2522 Michael‚
693 2485 858 2514 Johanues
876 2490 906 2514 et
924 2486 1035 2514 Petrus
1053 2486 1091 2515 de

82 2539 209 2568 Lavena
232 2542 261 2568 et
284 2538 451 2569 Joliaunes
472 2538 510 2568 de
535 2538 742 2576 Burgundia,
766 2538 915 2568 monachi
935 2539 1091 2577 prioratus

82 2591 159 2622 dicti
182 2591 243 2622 loci
263 2591 301 2621 de
326 2591 508 2629 Mediciuo,
528 2591 750 2621 Cluuiacensis
767 2591 909 2628 ordinis,
929 2592 1092 2621 associatis

82 2645 142 2675 sibi
164 2645 302 2676 Geraldo
321 2645 360 2674 de
382 2645 493 2681 Niort,
514 2644 670 2674 monacho
693 2644 878 2674 monasterii
900 2644 939 2674 de
964 2644 1090 2682 Alecto,

83 2698 213 2728 sacrista
233 2697 460 2735 Mabiburgeti,
478 2697 601 2727 ordinis
618 2697 649 2727 S.
670 2697 848 2733 Benedicti,
868 2697 1017 2727 ι1011011110
1035 2697 1092 2726 Ca-

83 2751 207 2791 chapoi,
226 2751 390 2782 Bet-nardo
408 2755 438 2780 et
455 2750 627 2780 Guillelmo
644 2750 682 2779 de
701 2751 809 2786 Bares,
829 2750 1003 2780 Guillelmo
1025 2751 1090 2780 Mo-

82 2805 201 2840 linerii,
218 2805 387 2834 Dominico
402 2804 440 2833 de
453 2804 558 2840 Crota,
576 2804 740 2833 Bet-nardo
754 2804 792 2833 de
808 2804 924 2841 Burgo,
939 2803 1092 2833 6111111010

82 2858 121 2888 00
138 2858 278 2894 Lectora,
293 2856 468 2887 6011101010
481 2857 520 2886 00
538 2857 628 2891 Luto,
647 2857 782 2893 Donato,
800 2857 949 2886 familiari
963 2857 1091 2886 Geraldi

83 2911 121 2941 de
134 2912 303 2950 Rupecisa,
320 2910 513 2949 Raymundo
528 2910 621 2939 Fabri
636 2919 671 2939 ac
684 2910 1018 2946 ι1000110«1000101005,
1033 2910 1091 2939 cle-

84 2964 168 3001 ricis,
188 2964 330 2994 Arnaldo
351 2963 532 2999 Molinerii,
555 2963 696 2993 Arualdo
712 2963 751 2992 de
769 2963 898 2999 Riveto,
917 2963 1091 2993 Guillelmo

1173 359 1211 389 de
1240 360 1334 397 Loba,
1361 360 1546 392 Gualhardo
1571 362 1610 392 de
1636 362 1793 400 Condato,
1820 363 1969 393 ι1011011110
1993 364 2031 395 de
2059 366 2173 406 Troya,

1174 413 1335 443 Rostando
1351 414 1389 443 de
1407 415 1575 454 Roquerio,
1595 416 1789 455 Raymundo
1807 416 1845 445 de
1862 416 1984 452 Pluvia,
2004 418 2176 451 Guillelmo

1173 465 1211 495 de
1228 466 1462 504 Montemirato,
1476 468 1655 503 domicello,
1672 468 1807 499 Guarsia
1821 470 1926 499 Boerii
1942 474 1970 499 et
1984 471 2126 502 Arnaldo
2138 473 2175 503 de

1174 518 1350 556 Figat-olio,
1369 519 1458 551 laicis
1470 544 1477 558 ,
1495 525 1524 551 et
1541 522 1706 552 nonnullis
1723 531 1832 552 eorum
1853 524 1885 551 in
1908 522 1965 552 hac
1986 529 2072 562 parte
2089 533 2175 554 com-

1175 571 1327 609 plicibus,
1363 574 1535 611 Auxitane,
1564 575 1830 613 Burdegalensis,
1859 575 2029 613 Tolosane,
2067 577 2177 608 Lecto-

1175 625 1288 660 rensis,
1317 627 1487 664 Aquensis,
1515 628 1691 657 Adurensis
1714 633 1744 658 et
1765 615 1947 659 'rai-hiens'is
1965 630 2128 660 civitatum
2148 633 2177 660 et

1174 677 1360 714 diocesium,
1375 680 1413 708 ad
1429 681 1585 718 prefatum
1602 681 1705 711 locum
1720 682 1903 711 eorumdem
1920 682 2057 712 custodis
2073 687 2102 712 et
2119 683 2176 713 fra-

1175 734 1257 759 trum
1286 737 1441 762 nocturuo
1467 737 1624 772 tempore,
1649 735 1724 764 dum
1753 735 1827 765 dicti
1854 736 1962 766 fratres
1988 737 2176 767 matutinale

1173 783 1315 813 officium
1345 784 1560 823 celebrarent,
1580 791 1698 817 temere
1720 788 1921 825 accedentes,
1944 798 1979 819 ac
2001 789 2177 828 discoperto

1175 839 1253 866 tecto
1279 840 1308 866 et
1332 837 1436 867 fractis
1462 838 1576 869 hostiis
1598 840 1725 870 oratorii
1751 840 1826 870 dicti
1848 840 1925 877 loci,
1947 842 2047 871 locum
2070 843 2176 881 ipsum

1174 889 1330 920 violenter
1343 891 1508 927 intrantes,
1529 893 1639 922 fratres
1652 893 1861 923 Guillelmum
1876 895 1914 924 de
1929 894 2101 932 Pinderiis,
2121 896 2175 925 Vi-

1174 942 1268 972 talem
1288 944 1452 973 Latomum
1469 949 1498 974 et
1514 944 1725 975 Guillelmum
1739 946 1895 976 Gualterii
1910 947 2129 985 vulnerarunt,
2142 949 2176 979 in

1172 994 1297 1034 aliquos
1314 1005 1387 1026 vero
1404 1006 1514 1027 eorum
1534 1007 1649 1027 manus
1669 999 1868 1037 injecerunt,
1888 1000 1943 1028 Dei
1965 1000 2076 1030 timore
2094 1006 2176 1040 post-

1174 1049 1283 1087 posito,
1300 1053 1417 1079 temere
1433 1050 1600 1081 violentas.
1618 1052 1819 1088 Quibusdam
1836 1053 1966 1090 iusuper
1981 1054 2132 1092 operariis
2148 1059 2178 1085 et

1173 1101 1304 1131 famulis
1320 1102 1475 1133 dictorum
1495 1104 1633 1134 custodis
1650 1109 1681 1134 et
1695 1105 1842 1142 fratrum,
1858 1106 1912 1143 qui
1930 1105 2070 1144 ipsorum
2086 1107 2177 1137 obse·

1174 1154 1260 1193 quiis
1289 1160 1318 1185 et
1347 1156 1545 1187 familiariter
1569 1158 1775 1195 insistebant,
1803 1160 1916 1188 acriter
1944 1160 2115 1189 verberatis
2142 1169 2178 1190 ac

1173 1209 1269 1237 etiam
1296 1208 1489 1247 vulneratis,
1516 1211 1652 1241 famulos
1678 1212 1762 1250 ipsos
1788 1211 1900 1250 ligatos
1927 1212 2055 1249 ducere,
2083 1213 2178 1244 lectos

1173 1270 1311 1300 quoque,
1328 1262 1452 1298 viuum,
1466 1262 1563 1293 libros
1580 1269 1610 1294 et
1625 1264 1761 1303 quedam
1776 1264 1838 1294 alia
1851 1265 2060 1303 supellectilia
2074 1266 2106 1295 in
2123 1267 2176 1297 do-

1173 1314 1278 1344 mibus
1295 1315 1354 1345 loci
1371 1317 1513 1354 ejus-‘lem
1531 1318 1662 1347 inventa
1677 1327 1784 1347 ¹smum
1803 1319 1933 1354 exinde,
1952 1319 2113 1358 dictosque
2131 1320 2176 1349 sa—

1173 1367 1277 1397 mulos
1298 1368 1381 1406 apud
1403 1370 1577 1407 predictum
1600 1371 1773 1409 prioratum
1795 1372 1827 1400 in
1849 1381 1973 1401 carcere
1988 1372 2177 1411 aliquandiu

1173 1420 1312 1450 retinere
1346 1423 1494 1459 nequiter
1524 1426 1764 1462 attemptat-unt.
1796 1424 1832 1453 Et
1863 1424 1992 1454 demum
2022 1425 2176 1463 prefatum

1172 1475 1347 1504 oratorium
1362 1479 1391 1504 et
1403 1475 1546 1505 officinas
1562 1476 1621 1506 loci
1640 1477 1770 1515 predicti
1789 1477 1925 1506 totaliter
1938 1478 2174 1515 destruxerunt,

1173 1527 1282 1566 sicque
1298 1528 1449 1558 monachi
1466 1533 1495 1558 et
1509 1528 1566 1558 alii
1583 1530 1727 1568 sacrilegi
1740 1530 2021 1569 supradicti,juxta
2033 1536 2175 1561 tenorem

1172 1580 1374 1618 indulgentie
1391 1582 1542 1612 fratribus
1560 1583 1690 1621 predicti
1709 1583 1831 1613 ordinis
1850 1584 2011 1614 minorum
2029 1584 2069 1614 ab
2084 1593 2174 1623 apos-

1175 1634 1265 1664 tolica
1282 1635 1354 1664 sede
1366 1643 1525 1670 concesse,
1537 1645 1592 1674 pro
1609 1636 1795 1675 hujusmodi
1811 1637 2010 1675 dampnabili
2027 1638 2176 1669 violentia

1173 1687 1207 1717 in
1227 1688 1346 1726 prefato
1368 1688 1435 1718 1000
1455 1689 1595 1727 ipsorum
1615 1690 1748 1719 fratrum
1769 1700 1822 1728 per
1838 1690 1920 1728 ipsos
1938 1690 2121 1730 sacrilegos,
2142 1696 2176 1722 ut

1173 1742 1378 1780 premittitur,
1400 1742 1548 1779 irrogata,
1566 1742 1634 1780 ipso
1649 1743 1730 1772 facto
1748 1744 2086 1773 excommunicationis
2102 1753 2175 1774 sen-

1174 1794 1305 1823 tentiam
1319 1794 1533 1831 incurrerunt,
1545 1799 1574 1824 et
1585 1795 1680 1825 etiam
1696 1805 1749 1834 pro
1760 1796 1945 1834 hujusmodi
1958 1797 2175 1828 vulneratione

1172 1856 1207 1877 ac
1224 1856 1379 1877 manuum
1397 1848 1571 1885 injectione
1586 1850 1618 1878 111
1636 1850 1791 1888 predictos
1807 1850 1917 1879 fratres
1934 1851 2122 1889 presumptis
2140 1852 2174 1881 in

1172 1901 1311 1930 similem
1334 1901 1518 1931 inciderunt
1538 1903 1729 1932 sententiam
1753 1912 1771 1932 a
1791 1912 1912 1933 canone
1930 1904 2171 1942 promulgatam.

1174 1955 1293 1984 Verum
1315 1955 1437 1984 custodi
1462 1961 1491 1984 et
1512 1956 1661 1985 fratribus
1681 1956 1828 1994 predictis
1851 1957 1889 1985 ad
1914 1966 1971 1986 1105
1990 1967 2084 1996 super
2103 1967 2174 1996 pre-

1172 2008 1280 2037 missis
1303 2008 1468 2037 110011111οι-
1491 2009 1745 2045 recurrentibus,
1766 2018 1821 2038 nos
1842 2009 1986 2039 nolentes
2006 2016 2040 2039 ut
2062 2011 2174 2049 prefati

1172 2069 1318 2091 excessus
1334 2066 1538 2091 remanerent
1553 2062 1717 2100 impuniti,
1733 2062 1908 2091 venerabili
1924 2063 2011 2092 fratri
2029 2068 2134 2094 nostro
2151 2088 2172 2094 ..

1172 2114 1361 2152 Agenuensi
1380 2114 1525 2152 episcopo
1544 2115 1659 2144 nostris
1675 2110 1822 2144 dedimus
1838 2114 1949 2144 litteris
1966 2117 1998 2145 in
2018 2116 2174 2146 mandatis

1173 2171 1216 2202 ut,
1230 2169 1255 2197 si
1270 2168 1328 2197 sibi
1347 2177 1401 2206 per
1416 2167 1603 2205 diligentem
1620 2168 1804 2205 indaginem
1821 2176 1916 2206 quam
1934 2177 1969 2197 ex
1985 2168 2087 2199 officio
2101 2178 2174 2200 nos-

1172 2225 1218 2250 tro
1236 2220 1427 2256 summarie,
1446 2220 1515 2249 sine
1533 2220 1664 2259 strepitu
1682 2224 1712 2249 et
1728 2220 1830 2258 figura
1849 2220 1979 2259 judicii,
1997 2231 2051 2260 per
2068 2222 2173 2260 ipsum

1172 2273 1239 2302 fieri
1266 2273 1428 2308 volumus,
1454 2273 1496 2302 ita
1525 2282 1593 2302 esse
1618 2277 1795 2310 constaret,
1825 2273 1980 2311 predictos
2004 2275 2174 2313 sacrilegos

1172 2326 1310 2363 tamdiu,
1331 2325 1543 2365 appellatione
1562 2331 1698 2362 remota,
1721 2327 2025 2363 excommunicatos,
2044 2328 2175 2366 pulsatis

1171 2380 1333 2418 campanis
1350 2384 1380 2409 et
1395 2379 1535 2409 candelis
1554 2380 1712 2413 accensis,
1734 2379 1856 2418 publice
1874 2381 2034 2409 nuntiaret
2049 2382 2082 2410 in
2099 2381 2174 2411 locis

1170 2432 1202 2461 in
1222 2432 1338 2470 quibus
1354 2431 1502 2470 expedire
1521 2432 1655 2467 videret,
1675 2438 1704 2461 et
1720 2432 1835 2462 faceret
1850 2433 1888 2461 ab
1904 2432 1975 2462 aliis
1993 2434 2092 2463 artius
2108 2435 2173 2464 evi-

1173 2486 1247 2521 tari,
1265 2485 1367 2514 donec
1382 2494 1475 2524 super
1496 2485 1559 2515 hiis
1576 2486 1792 2515 satisfacerent
1807 2490 2035 2524 competenter,
2053 2491 2082 2515 et
2101 2496 2172 2517 cum

1171 2547 1301 2567 suarum
1321 2538 1500 2569 testimonio
1516 2538 1695 2568 litterarum
1714 2539 1751 2568 ad
1770 2539 1875 2568 sedem
1895 2540 2174 2579 v‹=ni1·‹2ntaposto-

1171 2591 1264 2621 licam
1285 2590 1488 2628 absolvendi,
1510 2600 1545 2620 ac
1568 2591 1799 2621 nichilominus
1821 2592 1934 2621 exinde
1958 2593 2084 2630 puniret
2106 2602 2172 2623 eos-

1171 2644 1255 2679 dem,
1269 2649 1357 2683 preut
1374 2643 1446 2672 facti
1462 2644 1600 2682 qualitas
1617 2649 1646 2673 et
1658 2645 1782 2683 justitia
1797 2646 1953 2674 suaderet.
1971 2646 2049 2674 Cum
2068 2646 2173 2685 itaque

1172 2697 1310 2735 prefatus
1329 2697 1491 2735 episcopus
1514 2697 1670 2736 predictos
1691 2698 1825 2736 priorem
1850 2704 1878 2727 et
1898 2699 2068 2728 monachos
2089 2701 2172 2737 ejus-

1171 2749 1242 2778 dem
1261 2749 1416 2787 prioratus
1433 2751 1616 2780 auctoritate
1631 2751 1787 2781 dictarum
1803 2751 1990 2787 litterarum,
2004 2754 2172 2782 1010115111-

1172 2802 1297 2840 quirere
1313 2802 1350 2830 de
1368 2802 1545 2839 premissis,
1563 2803 1601 2832 ad
1623 2813 1712 2832 suam
1735 2805 1924 2842 presentium
1946 2810 2116 2841 evocasset,
2135 2815 2173 2835 ex

1172 2860 1258 2893 parte
1285 2855 1424 2892 ipsorum
1453 2855 1566 2893 prioris
1592 2861 1621 2884 et
1649 2857 1876 2886 monachor-uin
1908 2857 1983 2885 dicti
2014 2857 2173 2895 prioratus

1173 2908 1232 2936 fuit
1251 2916 1356 2937 coram
1375 2907 1483 2937 eodem
1506 2908 1651 2947 episcopo
1674 2909 1858 2947 excipiendo
1879 2910 2070 2948 propositum
2089 2911 2173 2948 quod

1172 2960 1357 2995 abbatibus,
1381 2960 1539 2998 prioribus
1564 2965 1593 2990 et
1614 2962 1779 2991 monacbis
1799 2962 1929 3000 predicti
1953 2962 2173 2993 Cluuiacensis
