2393 3496
652 396 789 426 TABLE
811 384 1143 429 ALPHABETIQUE
1166 392 1245 423 DES
1268 393 1385 424 NOMS
1409 394 1615 425 PROPRES.
2108 392 2183 424 1173

87 461 300 492 Girundensis
315 460 480 490 dioecesis.
501 461 548 491 Cf.
566 462 789 492 Gerundensis
806 461 973 491 dioecesis.

87 513 295 549 GiselbertuS,
315 514 436 544 archid.
454 515 487 543 in
504 523 548 544 ec.
567 515 761 553 Trajectensi
777 514 873 549 4000,
893 514 987 551 4057,
1005 513 1094 549 4572,

129 567 216 597 4987.

89 620 190 652 Gisla.
210 629 290 650 uxor
305 620 457 650 Gaudulfi
473 620 561 650 6862.

89 673 229 710 Gisolda‚
250 678 324 703 nata
342 674 460 704 Jannis
475 675 514 704 de
529 674 708 704 Chiaroneo
725 674 812 704 1659.

89 726 218 757 Gissaco
236 728 292 764 (88.
311 726 342 756 S.
359 727 519 756 Johannis
534 727 595 766 de),
615 727 834 759 Ruthenensis
850 727 880 756 d.
898 727 986 763 5227,
1007 725 1095 756 6382.

89 778 277 816 Gissingges
292 779 425 818 (capella
443 779 478 808 Β.
498 780 617 809 Mariae
632 780 667 809 in
685 788 729 809 88.
747 779 809 817 (18),
828 779 1046 809 Norwieensis
1065 778 1096 808 d.

130 832 218 862 5698.

91 886 217 919 Gisulfo
231 886 445 925 (Bascarellus
465 887 532 925 de),
551 887 629 916 civis
648 887 839 923 Januensis,
861 888 996 916 nuntius
1016 886 1100 924 regis

131 941 335 971 Tartarorum
352 939 441 975 7516,
459 940 546 969 7578.

92 994 268 1029 Gitbertus,
286 993 522 1022 Lemovicensis
538 993 703 1032 episeopus
722 993 811 1022 2079.

39 1051 41 1053 “
92 1046 286 1077 Glandensis
301 1045 422 1074 archid.
440 1046 473 1074 in
491 1054 536 1074 88.
555 1045 747 1075 Duhlinensi
765 1045 853 1076 3178.

92 1098 318 1130 Glandetensis
334 1098 488 1128 dioecesis
504 1098 572 1128 526.

91 1152 309 1190 Glasgwensis
332 1151 488 1181 dioecesis
513 1151 608 1186 2314,
636 1152 734 1187 5595;
759 1168 798 1173 —
823 1151 956 1182 ecclesia
983 1152 1039 1187 273
1066 1168 1102 1173 -

131 1206 297 1245 episcopus
314 1204 361 1235 32.

91 1259 200 1290 Glebis
215 1259 274 1298 (ee.
293 1259 331 1289 de
347 1259 451 1297 Thorp
466 1259 516 1298 in)
531 1259 620 1288 4606.

39 1307 42 1309 Δ
92 1312 207 1343 Gleves
221 1312 373 1351 (castrum
390 1312 441 1351 de)
462 1311 548 1342 1637.

92 1364 223 1396 Glexate
237 1365 366 1404 (domus
383 1364 639 1395 Humiliatorum
652 1364 704 1402 de)
716 1365 748 1394 in
763 1365 856 1394 Porta
867 1365 970 1394 Tensa
984 1365 1103 1394 Medio-

94 1447 96 1449 ,
131 1418 275 1448 lanensis
293 1418 382 1447 5620.

94 1471 230 1502 Glichen
247 1471 366 1510 (comes
382 1471 434 1509 de)
449 1471 518 1501 817.

94 1524 312 1555 Gloucestriae
328 1529 357 1553 et
373 1524 581 1554 Herefordiae
597 1523 759 1553 comitissa
775 1523 852 1553 4160
866 1535 872 1559 3
891 1532 996 1553 comes
1012 1522 1104 1553 7366.

96 1577 287 1608 Gloverniae
303 1581 334 1606 et
349 1577 557 1606 Herefordiae
574 1585 692 1606 comes.
717 1575 764 1606 Cf.
784 1575 814 1606 18
834 1576 1017 1614 precedent.

97 1630 174 1661 Gloz
189 1630 248 1669 (ec.
265 1630 298 1661 S.
316 1630 473 1661 Germani
488 1630 551 1669 de),
571 1630 777 1660 Lexoviensis
791 1629 821 1659 d.
837 1628 931 1665 3759,
946 1646 986 1652 -
1002 1628 1058 1668 (ec.
1075 1628 1106 1658 S.

138 1685 262 1715 Salvini
278 1684 330 1724 de)
346 1683 434 1714 6346.

100 1738 300 1769 Gueznensis
315 1737 572 1776 archiepiscopus
588 1737 676 1767 4340.

101 1792 199 1828 Go...,
216 1792 296 1821 civis
313 1791 467 1821 Senensis
482 1791 571 1821 7104.

101 1846 234 1876 Goatras
254 1845 476 1886 (Guillelmus)
493 1845 561 1877 243.

94 1887 303 1935 'Godefridus
324 1899 563 1937 Wigorniensis
581 1900 746 1938 episcopus
766 1899 853 1929 1072.

100 1951 302 1989 Godefridus,
317 1952 470 1981 dominus
480 1952 519 1982 de
533 1953 658 1988 Arscot,
671 1952 857 1982 Leodiensis
871 1952 902 1981 d.
918 1951 1004 1986 1985,
1020 1950 1109 1981 2113.

100 2004 307 2040 Godefridus,
325 2006 520 2035 camerarius
536 2014 623 2037 mon.
642 2005 812 2035 Fuldensis
831 2004 899 2035 316.

97 2058 306 2106 'Godefriduffi
325 2059 500 2089 canonicus
519 2068 564 2090 88.
589 2059 623 2090 S.
648 2059 778 2097 Georgii
798 2059 1000 2089 Coloniensis
1021 2058 1111 2095 7424,

141 2112 233 2143 7430.

49 2204 53 2208 ι
101 2166 304 2204 Godefridus,
321 2170 415 2196 natus
431 2167 576 2204 Henrioi,
595 2167 722 2197 comitis
739 2167 777 2197 de
794 2165 989 2204 Waldegke‚
1009 2173 1109 2195 cano-

141 2220 234 2249 nicus
250 2219 435 2249 Leodiensis
453 2220 542 2255 5582,
563 2219 651 2256 5583.

101 2272 291 2302 Godefridus
307 2272 346 2302 de
363 2272 555 2311 Bartringen
573 2273 663 2303 7491.

103 2326 294 2356 Godefridus
313 2326 351 2356 de
375 2326 543 2363 Fontibus,
570 2327 745 2357 canonicus
765 2326 970 2360 Leodiensis,
998 2333 1111 2362 regens

144 2380 285 2409 Parisius
300 2381 333 2409 in
352 2379 510 2418 theologia
523 2379 612 2410 6905.

104 2432 305 2462 Godefridns.
325 2432 373 2462 Cf.
394 2433 568 2469 Goffridus‚
586 2433 762 2467 Gotfridus,
780 2431 989 2462 Gottefridus.

104 2484 240 2515 Goderio
255 2484 464 2524 (Guillehnus
479 2485 543 2525 de).
561 2486 612 2516 Gf.
630 2485 824 2516 Guillelrnus
843 2485 880 2514 de
897 2483 1046 2514 Goderio.

104 2538 315 2568 Godescalcus
332 2538 371 2568 de
389 2539 611 2577 Molengassen
622 2564 629 2576 ,
651 2538 786 2568 clericus
802 2537 1006 2568 Coloniensis
1022 2534 1113 2565 7434.

105 2590 249 2621 Godinus
263 2592 301 2621 de
313 2592 470 2629 Marvilla,
485 2592 659 2622 canonicus
670 2601 715 2622 ec.
733 2592 765 2621 S.
781 2591 941 2621 Johannis
958 2589 1113 2619 Leodien-

91 2670 95 2674 .
145 2644 188 2673 sis
206 2644 292 2674 1521.

105 2696 242 2727 Godorio
256 2697 468 2737 (Guillelmus
483 2699 546 2736 de).
564 2698 611 2728 Cf.
630 2698 823 2728 Guillelmus
837 2697 875 2726 de
892 2696 1045 2726 Goderio.

106 2748 268 2779 Goffridus
284 2751 322 2780 de
340 2751 478 2787 Miliaeo,
497 2751 602 2787 miles,
621 2751 808 2780 Leodiensis
829 2750 860 2780 d.
877 2749 946 2784 911,
968 2748 1053 2778 1563.

107 2801 267 2833 Goffridus
285 2804 324 2833 de
339 2804 486 2843 Thauay‚
509 2805 749 2834 Xauctouensis
765 2804 795 2833 (1.
814 2803 902 2832 2012.

107 2855 279 2887 Goffridus.
299 2857 347 2887 Ct'.
366 2858 569 2894 Godefridus,
591 2858 766 2893 Gotfridus,
785 2856 991 2887 Gottefridus.

54 2940 57 2946 ,
108 2908 334 2949 Goidekenape
353 2911 536 2950 (Mathildis
555 2911 653 2951 dicta)
671 2911 761 2941 6589.

109 2960 309 2993 Goldeborch
339 2963 518 3002 (Antonius
546 2964 609 3003 de),
639 2969 739 2993 rector
767 2972 811 2993 ec.
838 2962 876 2992 de
902 2959 1118 2996 Goldeborch‚

153 3015 360 3053 Eboraoensis
375 3017 405 3046 d.
427 3017 516 3047 2793.

111 3066 311 3098 Goldehorch
328 3069 388 3107 (ec.
409 3070 471 3109 de).
491 3069 539 3100 Cf.
560 3069 590 3099 18
608 3069 790 3108 precedent.

1177 459 1382 490 Goldehornh
1406 461 1557 499 (Thomas
1578 461 1643 499 de),
1663 465 1765 492 rector
1786 470 1831 492 ec.
1855 461 1894 491 de
1910 461 2085 498 Kirketon,
2103 460 2184 490 Lin-

1218 512 1389 543 colniensis
1407 514 1437 542 d.
1460 514 1549 543 2792.

1178 565 1288 595 Goleta
1304 565 1395 604 (cella
1412 566 1443 595 S.
1462 567 1547 595 Petri
1564 566 1628 605 de),
1647 567 1832 596 Ventiensis
1850 566 1881 596 d.
1897 567 1964 596 526.

1178 617 1280 657 Golya
1295 619 1395 656 (mon.
1414 619 1465 658 de)
1482 619 1569 648 4570.

1179 672 1317 702 Gometii
1336 672 1512 710 (umacus),
1534 673 1626 702 miles
1643 673 1730 702 2672.

1181 725 1320 755 Gornetii
1337 725 1517 765 (Valascus)
1533 726 1571 755 de
1590 726 1770 764 Portugalia
1788 727 1878 756 7428.

1181 777 1346 807 Goznetius
1364 778 1534 813 Fernandi,
1554 779 1692 809 decanus
1709 788 1755 810 88.
1775 779 2003 809 Bracharensis
2022 778 2109 810 5663.

1181 831 1348 861 Gometius
1364 832 1475 867 Numi,
1492 832 1585 861 miles
1602 832 1689 861 6095.

1182 885 1389 914 Gondardum
1407 885 1496 922 (cella
1513 885 1544 914 S.
1566 885 1702 915 Victoris
1720 886 1814 925 apud)
1832 887 1899 916 526.

1182 937 1323 967 Gonessa
1337 937 1397 976 (ec.
1416 938 1453 966 fr.
1473 938 1552 967 min.
1571 938 1634 976 de).
1652 938 1842 976 spoletanae
1856 939 1886 968 d.
1905 939 1992 968 5245.

1183 990 1314 1019 Gonstia
1328 990 1366 1019 de
1382 990 1495 1026 Asleu,
1515 990 1717 1020 Coloniensis
1734 991 1764 1020 d.
1783 992 1871 1021 6892.

1183 1043 1330 1080 Gonzaga
1345 1043 1549 1082 (Fi-edericus
1565 1043 1629 1082 de),
1647 1044 1822 1073 canonicus
1840 1045 2034 1074 Mantuanus
2051 1044 2139 1074 2684.

1183 1095 1346 1125 Gordonio
1363 1096 1488 1133 (Petrus
1508 1096 1622 1134 Rayne
1638 1096 1702 1133 de),
1717 1096 1920 1126 Catureensis
1938 1096 1968 1127 d.
1989 1097 2075 1126 5428.

1184 1148 1323 1178 Goriano
1338 1149 1397 1187 (ec.
1416 1148 1449 1178 S.
1469 1149 1622 1187 Stephani
1638 1149 1706 1186 de),
1728 1149 1921 1179 Lodovensis
1939 1149 1970 1180 d.
1996 1150 2082 1186 1525,
2099 1148 2188 1180 3061.

1184 1201 1325 1231 Goritiae
1339 1210 1445 1231 comes
1466 1201 1646 1238 4032-4034,
1665 1201 1755 1232 4231.

1186 1254 1367 1290 Goriutius,
1396 1259 1489 1284 natus
1519 1255 1700 1294 Symonetti
1727 1255 1860 1293 Georgii
1887 1256 1925 1285 de
1956 1254 2193 1295 Montepassillo

1227 1308 1316 1337 7162.

1186 1361 1317 1398 Gornay
1336 1360 1511 1396 (Johannes
1529 1361 1633 1390 dietus
1651 1361 1702 1400 de)
1720 1361 1807 1391 7493.

1187 1413 1338 1452 Gornayo
1355 1414 1414 1451 (eo.
1436 1413 1468 1442 S.
1489 1413 1668 1443 Hildeverti
1686 1413 1748 1451 de),
1768 1413 2037 1451 Rothomagensis
2055 1413 2085 1442 d.
2106 1412 2192 1443 1930.

1189 1466 1331 1496 Gorzano
1346 1466 1542 1505 (Biaquinus
1559 1466 1611 1505 de)
1625 1466 1714 1497 6362.

1190 1519 1377 1554 GosbertuS,
1400 1519 1496 1548 abhas
1520 1528 1605 1549 mon.
1635 1519 1891 1555 Aurelianensis,
1919 1518 2195 1548 claromontensis

1231 1571 1260 1600 d.
1281 1572 1371 1601 6177.

1192 1624 1407 1654 Goslariensis
1421 1633 1478 1655 88..
1496 1625 1752 1654 Hildesemensis
1766 1625 1797 1654 d.
1814 1624 1870 1654 819
1884 1636 1890 1661 ς
1906 1640 1946 1646 -
1960 1632 2005 1654 88.
2019 1623 2051 1653 S.
2068 1623 2195 1654 Johan-

1234 1678 1286 1707 nis
1304 1678 1342 1707 de
1359 1677 1510 1716 Sepulcro
1530 1678 1661 1707 Domini
1680 1682 1766 1707 extra
1782 1686 1891 1707 muros
1907 1676 1995 1708 4733.

1193 1731 1368 1767 Gotfridus,
1386 1731 1471 1760 filius
1487 1731 1654 1760 Krastonis
1673 1731 1710 1760 de
1730 1730 1919 1760 Hohenloch
1935 1730 2002 1760 263.

1194 1785 1369 1820 Gotfridus,
1388 1789 1488 1814 rector
1506 1793 1549 1814 ec.
1572 1784 1609 1814 de
1628 1784 1828 1818 Mistelharffl,
1846 1784 2046 1813 Pataviensis
2061 1784 2092 1814 d.
2107 1782 2196 1813 2749.

1194 1838 1370 1873 Gotfridus,
1389 1838 1587 1876 praepositus
1606 1846 1650 1867 88.
1669 1837 1869 1867 Pataviensis
1884 1837 1974 1866 7494.

1195 1891 1369 1921 Goth-idus.
1389 1891 1435 1920 Cf.
1453 1890 1654 1925 Godefridus,
1672 1890 1847 1924 Goffridus.
1866 1890 2078 1920 Gottefridus.

1195 1944 1386 1974 Gotherston
1405 1946 1461 1981 (88.
1482 1944 1544 1981 (18),
1566 1943 1784 1973 Norwieensis
1800 1943 1830 1972 d.
1850 1943 1940 1972 4454.

1195 1998 1293 2028 Gothi
1309 1999 1377 2034 611,
1397 1997 1485 2028 6735.

1196 2054 1373 2084 Gothorum
1393 2053 1464 2092 (M.,
1484 2062 1536 2082 rex
1555 2052 1691 2082 Swetiae
1708 2053 1748 2089 et)
1768 2052 1852 2082 1880.

1196 2106 1394 2142 Gotscalcus,
1413 2106 1588 2135 canonicus
1605 2105 1817 2134 Tridentinus
1835 2106 1902 2134 552.

1196 2159 1390 2190 Gottefridus
1406 2158 1548 2193 Hardek,
1570 2158 1770 2187 pataviensis
1789 2159 1819 2188 (1.
1838 2157 1926 2188 4943.

1197 2212 1391 2243 Gottefridus
1409 2211 1604 2240 Scriniarius
1621 2210 1709 2240 3467.

1197 2264 1402 2296 Gottefridus.
1423 2264 1469 2293 Cf.
1488 2263 1694 2299 Godefridus,
1715 2263 1887 2300 Goffridus,
1905 2262 2081 2293 Gotfridus.

1197 2318 1311 2348 Gottoii
1328 2316 1542 2356 (eimardus),
1561 2321 1717 2346 mercator
1737 2315 1825 2345 6668.
1867 2306 1871 2310 '

1197 2371 1325 2402 Gouffer
1340 2370 1442 2409 (mon.
1465 2370 1501 2398 Β.
1522 2369 1718 2407 Margaretae
1735 2368 1797 2408 de),
1817 2369 1980 2407 Sagiensis
1996 2369 2025 2398 d.
2044 2368 2133 2399 3131.

1197 2424 1343 2454 Gozfelde
1360 2422 1492 2461 (capella
1512 2422 1571 2461 in),
1589 2422 1801 2459 Maguntinae
1820 2422 1850 2451 d.
1870 2421 1957 2451 3272.

1198 2478 1281 2508 Gozo
1296 2476 1454 2506 Johaunis
1470 2475 1664 2510 Casteliani,
1684 2475 1765 2503 civis
1781 2474 2020 2512 Senogaliensis
2037 2475 2124 2505 7127.

1199 2530 1356 2560 Gradasea
1373 2528 1462 2565 (cella
1481 2527 1512 2556 S.
1532 2527 1701 2557 Saturnini
1720 2527 1773 2565 (18)
1790 2527 1858 2556 526.

1200 2583 1372 2613 Gradensis
1395 2581 1548 2610 dioecesis
1576 2579 1665 2615 1909,
1692 2580 1782 2616 191ος
1807 2595 1847 2601 -
1871 2580 2004 2610 ecclesia
2023 2580 2090 2617 298,
2113 2580 2208 2610 1907-

1244 2636 1316 2665 1912
1331 2646 1337 2671 ;
1354 2652 1393 2656 ——
1412 2633 1592 2672 patriarcha
1607 2633 1692 2667 1146,
1711 2633 1796 2667 1147,
1816 2633 2000 2669 1907-1913‚
2014 2634 2102 2670 2111,
2118 2633 2206 2671 2154,

1241 2688 1333 2723 3265,
1360 2686 1435 2716 3527
1453 2711 1458 2722 ,
1485 2686 1580 2722 3595,
1604 2686 1697 2722 5750,
1716 2686 1814 2722 576ος
1840 2702 1878 2707 —-
1899 2686 2128 2725 patriarchatus
2147 2686 2207 2724 99,

1246 2741 1427 2776 1146-1148,
1451 2740 1535 2774 1179,
1554 2740 1641 2768 2725.

1202 2796 1327 2826 Gradus
1341 2794 1401 2832 (ec.
1420 2793 1451 2822 S.
1472 2793 1589 2822 Mariae
1605 2792 1658 2831 ad)
1673 2792 1875 2822 Coloniensis
1896 2792 1991 2827 4656,
2010 2792 2098 2830 7429,
2118 2791 2208 2822 7437.

1203 2849 1328 2880 Gradus
1343 2847 1401 2886 (ec.
1425 2846 1456 2875 S.
1476 2845 1598 2875 Mariae
1613 2845 1665 2884 ad)
1685 2846 1875 2883 Maguntina
1894 2845 1980 2875 1014.

1203 2901 1317 2932 Graeci
1335 2900 1402 2934 611,
1423 2898 1512 2928 6735.

1206 2953 1357 2984 Graeciae
1374 2952 1422 2989 (fr.
1442 2951 1546 2989 praed.
1566 2951 1762 2989 provinciae)
1778 2951 1869 2980 6749.

1206 3006 1400 3037 Graecorum
1419 3005 1589 3042 imperator
1604 3003 1692 3039 6813,
1713 3004 1800 3039 6825,
1823 3003 1912 3032 7242.

1208 3060 1404 3090 Graecorum
1420 3066 1463 3087 ee.
1485 3057 1516 3086 S.
1536 3056 1661 3086 Nicolai
1680 3056 1881 3086 Theanensis
1898 3056 1986 3086 4978.
