2393 3496
740 329 876 359 TABIAE
899 317 1232 365 ALPHABE'TIQUE
1256 329 1333 359 DES
1357 330 1532 360 INCIPIT.
2115 337 2185 367 1083

92 396 171 426 Cum
186 398 213 423 te
230 402 330 431 nuper
345 393 393 427 63,
412 393 498 424 2216.

92 447 171 478 Cum
187 450 216 475 te
232 454 295 475 una
310 445 399 481 4280,
417 446 506 476 4281.

92 500 172 531 Cum
188 498 404 528 thesaurarius
420 498 590 537 apostolice
606 500 696 529 7102.

91 552 172 584 Cum
185 551 243 581 tibi
257 551 296 580 ob
310 550 398 581 6263.

92 605 171 636 Cum
188 604 243 633 tibi
259 603 406 641 regimen
423 604 511 634 7324.

92 658 172 689 Cum
189 656 325 686 velimus
344 656 496 686 dilectum
512 658 600 688 7094.

92 710 172 742 Cum
186 710 404 740 venerabilem
420 710 551 741 fratrem
566 713 655 748 4251,
675 713 767 748 4316,
786 712 872 749 4317,
893 714 985 750 7220,
1006 714 1093 749 7223,

130 762 217 793 7632.

91 816 169 847 Cum
184 816 359 845 venerabili
375 817 464 846 fratri
482 817 664 855 7108-7112,
682 818 770 849 7325.

90 869 168 900 Cum
186 869 380 899 venerabilis
396 870 493 899 frater
510 871 597 901 7103.

89 921 168 952 Cum
184 922 378 951 venerabilis
395 927 500 952 noster
516 924 604 960 6196,
623 924 710 954 6197.

88 974 166 1005 Cum
184 983 238 1004 vos
253 974 294 1004 ad
311 974 380 1012 592,
394 976 576 1013 4276-4278,
589 977 677 1014 4282,
691 977 779 1013 4301,
793 978 881 1015 4302,
900 978 988 1016 6723,
1004 979 1092 1017 6806,

126 1026 212 1057 6807.

87 1080 215 1111 Cunctis
231 1081 400 1111 reverendi
418 1087 495 1112 sunt
510 1083 579 1112 944.

86 1133 277 1164 Cunctorum
298 1143 373 1164 cura
391 1135 538 1165 fideiium
555 1136 643 1173 7138,
662 1136 751 1167 7139.

86 1186 255 1225 Cupientes
271 1187 425 1218 hactenus
446 1194 478 1218 111
492 1189 581 1220 6316.

85 1239 255 1279 Cupientes
271 1245 306 1270 ut
320 1241 433 1271 civitas
450 1243 539 1279 7054,
555 1244 643 1279 7055,
661 1244 749 1280 7130,
767 1244 856 1275 7131.

85 1292 253 1332 Cupientes
267 1298 302 1323 ut
318 1295 454 1324 civitatis
470 1296 558 1326 7037.

86 1346 257 1385 Cupientes
273 1352 307 1377 ut
320 1350 535 1379 controversie
553 1350 621 1387 457,
640 1347 724 1381 716².

86 1398 255 1438 Cupientes
271 1404 306 1429 ut
322 1401 484 1438 negotium
502 1402 589 1432 2114.

85 1451 166 1482 Cura
182 1453 348 1491 pastoralis
364 1454 461 1484 officii
480 1455 662 1486 1914-1916.

84 1558 237 1597 Dampnis
255 1561 443 1590 monasterii
460 1561 507 1591 tui
521 1561 609 1593 4028.

84 1611 129 1640 De
144 1611 427 1651 circumspectione
445 1623 482 1644 ac
500 1615 588 1644 4059.

82 1663 128 1694 De
139 1664 375 1695 conditionibus
392 1671 422 1696 et
441 1666 529 1697 7311.

81 1717 128 1747 De
143 1718 398 1749 consideratione
412 1720 566 1750 virtutum
584 1721 672 1759 4941,
692 1723 779 1753 4942.

81 1769 126 1800 De
140 1770 274 1801 diversis
290 1773 460 1810 provintiis
477 1774 564 1804 2118.

81 1823 126 1853 De
142 1823 291 1854 fidelitate
306 1834 342 1855 ac
356 1825 446 1856 6976.

81 1876 126 1906 De
140 1881 223 1907 statu
238 1879 377 1908 civitatis
391 1880 480 1909 7171.

79 1929 126 1960 De
141 1934 221 1960 statu
241 1933 428 1962 monasterii
444 1934 532 1963 6848.

79 1982 124 2012 De
141 1986 222 2013 statu
241 1985 332 2022 regni
348 1984 436 2015 3102.

79 2036 124 2066 De
143 2036 225 2066 tribu
246 2038 419 2076 Benjamin
434 2040 522 2070 4558.

77 2089 123 2119 De
139 2094 190 2119 tua
205 2091 410 2129 concepimus
427 2093 514 2123 5209.

77 2142 122 2172 De
137 2147 188 2172 tue
201 2143 495 2182 circumspectionis
512 2147 600 2183 6590,
621 2148 708 2181 6837,
730 2150 817 2187 7074,
837 2152 925 2183 7075.

75 2195 122 2225 De
140 2201 189 2226 tue
209 2197 369 2234 probitatis
385 2199 473 2228 4427.

73 2248 119 2278 De
135 2250 291 2279 universis
305 2251 392 2281 orbis
410 2252 596 2284 4911-4913.

74 2301 185 2332 Debite
201 2304 398 2341 providentie
413 2306 504 2336 oculo
521 2308 610 2339 4217.

73 2353 218 2384 Debitum
247 2356 343 2386 officii
369 2359 471 2388 nostri
499 2360 543 2395 12,
574 2361 620 2397 13,
655 2363 724 2398 172,
756 2364 900 2401 290-292,
933 2366 1079 2404 850-854,

111 2406 291 2445 3703-3707,
310 2410 397 2447 4452,
416 2412 503 2449 4453,
523 2413 707 2445 4759-4763.

74 2459 167 2489 Decet
184 2469 240 2490 nos
257 2461 304 2492 fili
321 2463 409 2493 7371.

73 2511 307 2544 Declaratioues
323 2526 401 2554 quas
417 2526 516 2557 nuper
535 2519 621 2556 1178,
647 2522 729 2558 1779,
748 2522 836 2553 3263.

76 2566 173 2596 Decor
188 2568 350 2606 apostolici
367 2570 519 2602 culminis
537 2573 604 2602 507.

16 2633 19 2637 ,
74 2618 243 2650 Descendit
255 2621 293 2651 de
309 2622 386 2652 celis
403 2624 490 2655 4313.

74 2671 238 2703 Desideria
255 2676 373 2704 mentis
386 2682 493 2707 nostre
510 2679 594 2716 1523,
618 2680 701 2718 1524,
726 2683 900 2713 1550-1554.

72 2724 235 2756 Desideria
255 2732 306 2756 tna
324 2730 467 2758 vacantia
489 2731 557 2761 915.

73 2777 244 2809 Desideriis
262 2782 358 2818 regiis
375 2783 514 2821 benigne
531 2785 599 2821 930,
619 2786 686 2816 931.

71 2830 245 2871 Desideriis
263 2834 322 2863 tuis
340 2835 515 2872 benignius
531 2838 599 2867 372.

71 2883 245 2916 Desideriis
263 2888 323 2915 tuis
340 2888 371 2916 in
386 2888 454 2924 369,
473 2890 541 2925 536,
564 2891 648 2923 1039,
674 2893 756 2928 1809,
777 2896 864 2930 2395,
884 2896 970 2934 2668,
985 2898 1073 2936 2724,

109 2938 195 2975 2729,
213 2939 299 2975 2820,
318 2940 407 2975 2823,
430 2942 518 2981 2995,
536 2943 623 2981 3321,
644 2945 730 2982 4646,
749 2948 839 2983 5533,
859 2950 946 2979 6319.

72 2989 245 3020 Desideriis
264 2994 324 3021 tuis
341 3003 435 3032 snper
451 2995 538 3025 5853.

1179 395 1354 426 Desideriis
1371 396 1564 426 venerabilis
1581 397 1688 427 fratris
1702 397 1791 435 2684,
1810 399 1897 436 2730,
1916 400 2004 431 5534.

1180 447 1354 478 Desideriis
1370 449 1480 479 vestris
1494 449 1527 478 111
1549 450 1633 485 1517,
1655 451 1741 486 2857,
1763 451 1851 488 4495,
1870 452 1957 488 4566,
1974 454 2061 484 6139.

1180 500 1355 531 Desideriis
1372 503 1484 532 vestris
1500 503 1616 533 rationi
1635 504 1702 533 820.

1178 552 1354 583 Desideriis
1379 556 1489 585 vestris
1511 565 1605 594 super
1630 557 1718 592 2740,
1743 558 1832 594 3174,
1855 558 1943 596 3175,
1975 560 2063 598 4092,
2093 561 2184 600 5657,

1219 606 1306 635 5658.

1180 658 1368 689 Detestaude
1385 662 1632 699 presumptionis
1649 672 1793 692 excessus
1811 664 1878 693 552.

1179 711 1266 740 Deus
1282 713 1336 750 qui
1354 713 1435 743 miro
1453 714 1539 743 2791.

1181 764 1350 794 Devotio...
1372 765 1460 794 7251.

1178 817 1356 848 Devotione
1369 818 1478 857 plenas
1492 824 1521 849 et
1537 820 1624 850 4312.

1179 870 1364 900 Devotiouis
1383 871 1512 901 affectus
1530 878 1559 901 et
1576 873 1662 902 2084.

1178 923 1363 953 Devotiouis
1380 924 1511 954 affectus
1527 935 1621 964 quem
1641 926 1724 963 1433,
1748 929 1831 964 1752,
1850 929 1936 966 2075,
1957 931 2044 967 2880,
2063 932 2151 962 3738.

1179 975 1363 1006 Devotiouis
1377 983 1586 1014 augmentum
1605 979 1659 1008 tihi
1680 979 1764 1012 1966,
1789 981 1871 1011 1967.

1178 1028 1363 1059 Devotiouis
1379 1036 1588 1067 angmentum
1607 1033 1694 1061 vobis
1715 1034 1797 1070 1775,
1821 1035 1903 1071 1776,
1925 1035 2011 1065 2051.

1177 1081 1363 1111 Devotiouis
1380 1087 1410 1112 et
1424 1083 1498 1113 fidei
1516 1084 1604 1120 7236,
1623 1086 1711 1115 7239.

1176 1134 1362 1165 Devotiouis
1379 1141 1408 1165 et
1423 1135 1598 1166 honestatis
1616 1139 1704 1175 4613,
1724 1140 1810 1168 4614.

1175 1188 1359 1217 Devotiouis
1377 1189 1489 1218 merita
1504 1190 1692 1220 dilectorum
1711 1192 1796 1222 1067.

1175 1240 1361 1271 Devotiouis
1377 1243 1489 1271 merita
1508 1244 1696 1273 venerabilis
1714 1245 1802 1275 2074.

1175 1293 1361 1323 Devotiouis
1378 1296 1500 1325 meritis
1516 1305 1612 1335 qnam
1634 1298 1716 1333 1856,
1738 1299 1823 1328 1857.

1174 1347 1359 1377 Devotiouis
1378 1349 1491 1378 merito
1508 1350 1613 1379 ditecti
1633 1351 1721 1380 3905.

1177 1401 1359 1431 Devotiouis
1376 1412 1470 1441 quam
1488 1404 1527 1433 ad
1544 1404 1612 1433 802.

1175 1454 1361 1484 Devotiouis
1372 1456 1539 1486 sinceritas
1554 1467 1650 1495 qnam
1671 1459 1758 1488 2654.

1175 1507 1360 1538 Devotiouis
1377 1509 1543 1538 sinceritas
1559 1512 1751 1541 venerabilis
1770 1513 1840 1542 768.

1174 1560 1359 1590 Devotionis
1377 1565 1428 1591 tue
1446 1562 1631 1592 inducimur
1647 1564 1714 1595 962.

1175 1613 1358 1643 Devotiouis
1386 1619 1436 1643 tue
1463 1621 1604 1645 meretur
1629 1616 1696 1652 323,
1726 1618 1814 1655 2859,
1844 1620 1931 1655 2918,
1965 1621 2052 1657 4160,
2088 1623 2178 1661 4201,

1212 1666 1300 1703 4202,
1321 1668 1409 1703 5778,
1428 1668 1515 1698 6422.

1171 1720 1357 1751 Devotiouis
1375 1726 1426 1751 1116
1443 1723 1556 1752 merita
1572 1724 1640 1760 256,
1660 1724 1748 1761 3470,
1768 1726 1857 1756 6127.

1171 1774 1357 1804 Devotiouis
1382 1780 1433 1804 tue
1458 1777 1605 1814 precibus
1630 1779 1696 1815 251,
1728 1780 1797 1812 275,
1822 1781 1889 1817 510,
1916 1782 1986 1818 807,
2013 1783 2081 1819 885,
2106 1784 2175 1822 945,

1211 1828 1297 1863 1700,
1319 1828 1403 1865 1702,
1422 1830 1509 1865 2045,
1528 1830 1616 1867 2371,
1641 1832 1728 1869 2480,
1754 1833 1842 1869 2593,
1866 1834 1955 1871 2930,
1976 1835 2064 1874 3027,
2086 1837 2174 1875 3033,

1208 1880 1296 1918 3597,
1318 1882 1404 1918 4223,
1426 1882 1513 1920 4430,
1534 1884 1621 1920 4437,
1643 1886 1730 1921 4887,
1757 1885 1843 1922 4905,
1863 1888 1950 1923 5189,
1978 1889 2065 1925 5771,
2086 1891 2174 1926 5772,

1209 1935 1296 1971 5789,
1315 1936 1404 1974 6515,
1421 1936 1509 1966 7643.

1169 1988 1355 2018 Devotiouis
1376 1994 1426 2018 tue
1444 1996 1640 2027 premeretur
1656 1991 1743 2021 3296.

1169 2042 1351 2071 Devotiouis
1369 2047 1418 2071 tue
1434 2043 1562 2080 probata
1577 2043 1666 2080 4999,
1684 2045 1773 2081 5187,
1796 2047 1886 2076 5188.

1167 2094 1353 2124 Devotiouis
1371 2099 1421 2124 tue
1439 2096 1558 2133 puritas
1575 2096 1664 2125 5390.

1167 2148 1353 2177 Devotiouis
1371 2153 1421 2177 1116
1435 2149 1600 2177 sinceritas
1622 2150 1706 2179 1471.

1166 2201 1354 2230 Devotiouis
1374 2205 1423 2230 tue
1440 2201 1521 2230 votis
1538 2202 1627 2231 3900.

1113 2253 1115 2255 ’
1166 2254 1353 2284 1)6νο1101115
1370 2258 1470 2283 vestre
1490 2256 1700 2285 constantiam
1718 2257 1787 2286 698.

1166 2307 1350 2336 Devotiouis
1367 2311 1468 2336 vestre
1486 2307 1672 2337 inducimur
1688 2309 1775 2346 2009,
1797 2310 1885 2340 3380.

1166 2360 1353 2390 Devotiouis
1370 2364 1471 2389 vestre
1485 2366 1625 2390 meretur
1642 2362 1730 2399 4535,
1751 2363 1840 2393 5080.

1166 2413 1351 2442 Devotiouis
1370 2417 1469 2442 vestre
1487 2414 1598 2443 merita
1620 2415 1702 2451 1066,
1725 2415 1813 2445 3904.

1165 2467 1349 2496 Devotiouis
1375 2472 1476 2495 vestre
1503 2468 1647 2505 precibus
1679 2469 1745 2505 435,
1775 2470 1842 2507 465,
1871 2471 1937 2506 466,
1966 2472 2054 2508 2098,
2082 2473 2171 2509 2127,

1204 2520 1290 2553 2806,
1309 2519 1397 2556 2875,
1415 2520 1502 2554 2876,
1526 2519 1614 2556 2944,
1638 2521 1725 2557 3176,
1753 2522 1841 2558 3177,
1862 2523 1950 2560 3542,
1970 2524 2058 2561 3617,
2080 2525 2168 2562 3959,

1203 2573 1290 2608 5776,
1308 2572 1394 2606 7403,
1416 2572 1503 2609 7410,
1528 2573 1615 2609 7450,
1641 2574 1730 2611 7461,
1751 2576 1839 2612 7502,
1861 2577 1949 2613 7525,
1969 2578 2056 2615 7540,
2077 2579 2168 2615 7542,

1201 2627 1288 2662 7543,
1309 2626 1396 2661 7562,
1415 2626 1502 2658 7603,
1523 2627 1610 2659 7610,
1632 2628 1721 2663 7640,
1742 2629 1830 2661 7641,
1852 2631 1940 2661 7646.

1163 2681 1345 2709 Devotiouis
1362 2683 1463 2709 vestre
1479 2680 1645 2710 sinceritas
1667 2682 1750 2717 1707,
1771 2683 1858 2712 3122.

1162 2734 1344 2762 Devotionis
1360 2736 1460 2761 vestre
1477 2733 1759 2771 supplicationilms
1777 2735 1861 2765 1378.

1162 2787 1346 2816 Devotiouis
1365 2787 1441 2814 rotis
1458 2786 1571 2816 dilecte
1591 2788 1680 2817 3901.

1162 2840 1266 2877 Digne
1291 2848 1383 2876 agere
1408 2839 1567 2869 credimus
1590 2841 1681 2878 3313,
1711 2842 1804 2878 3311,
1835 2842 1928 2879 3134,
1958 2844 2044 2881 3435,
2074 2846 2161 2882 7364,

1201 2893 1288 2922 7457.

1163 2948 1265 2981 Digna
1284 2946 1354 2975 111115
1371 2946 1556 2975 devotorum
1571 2947 1658 2975 6016.

1163 3000 1303 3036 Dignum
1321 2999 1516 3028 arbitramur
1532 3000 1761 3029 613150-3152.
