2393 3496
206 334 261 359 ΝΠ-
951 324 1182 354 itt-:nts'l'ntis
1208 323 1259 350 DE
1284 322 1466 350 Nlcothxs
1493 322 1544 350 ΙΥ.

210 398 337 422 lwttwini
356 397 496 421 lim-mmm
515 400 632 427 poscunt
651 402 737 417 voum·
751 392 822 416 leudi
842 399 926 416 nuum
946 390 1098 415 modiolum
1115 394 1204 414 tori-:w

207 446 329 473 sinzulis
345 444 508 469 bominibus
520 442 603 467 cisti-i
617 440 789 465 ‹um-olinae,
801 438 882 470 (lusui
897 438 939 469 46,
952 446 977 463 v.
990 438 1049 466 547,
1062 438 1078 462 f.
1097 438 1142 462 itt-⁸*
1155 437 1204 467 ro.)

247 569 265 574 ,,
299 546 397 573 attuli
430 543 603 569 manum-ris
633 542 665 567 ‹⁴¹1-
698 541 804 567 sumo
834 539 1010 571 l’uurrute'o,
1046 538 1205 566 Tuder-line

205 600 338 625 ‘lim-fisis,
366 612 377 621 .-
404 598 466 623 Sua
491 594 580 622 nobi<
604 593 707 620 dnm-n
737 591 793 619 lilii
822 614 839 618 ..
868 591 963 619 abbas
984 595 1013 619 et
1029 595 1204 619 conventus

207 649 387 679 „mmmm-ij
417 647 521 675 Sancti
551 645 632 673 l‘etri
664 644 826 674 l’ernsini,
851 644 888 672 ad
918 652 1081 672 romanam
1106 643 1203 671 cerle-

204 703 283 730 siam
320 701 406 729 nullo
437 699 538 727 modio
570 697 777 735 pertinentis,
808 696 929 725 ordinis
959 697 990 725 S.
1024 696 1202 727 Benedicti,

205 755 350 790 petitione
375 756 591 780 monstrarunt
615 750 714 788 quod.
735 759 806 778 cum
828 750 904 778 olim
935 750 1017 779 inter
1043 751 1203 788 qnondam

204 807 408 843 Raynvrum,
437 804 601 834 abbatem,
629 808 659 831 et
685 808 875 832 conventum
900 803 975 831 dicti
998 803 1203 839 monasterii,

202 860 255 896 qni
277 864 348 886 tun·-
366 862 467 892 erant,
485 866 519 885 ex
539 861 623 894 pam¹
642 866 715 888 nna,
731 861 760 885 et
778 856 1016 885 universitatem
1035 856 1203 886 hominum

201 912 293 940 castri
310 910 490 945 Coswlino,
508 911 594 937 vni-ic
611 918 644 937 ac
663 909 824 937 districtus
845 910 944 947 ipsius
960 909 1070 945 castri,
1092 914 1121 938 et
1137 910 1204 939 sin-

201 964 325 1000 gulares
343 972 490 1001 personas
513 963 727 991 univcrsitatis
744 963 884 1000 ejusdem
898 987 904 999 ‚
925 963 1078 991 Perusinov
1098 964 1204 993 dione-

200 1017 254 1046 sis.
273 1026 306 1045 ex
325 1016 432 1047 altera,
452 1026 545 1053 super
561 1017 730 1049 creatione,
748 1016 901 1045 electione
918 1020 946 1044 ct
961 1016 1204 1047 confirmatione

201 1069 343 1098 balitoris
360 1078 412 1097 seu
431 1068 569 1097 consulis
582 1069 738 1097 dictorum
757 1068 962 1102 c;1stri,r111·ie
978 1077 1012 1096 ac
1029 1069 1203 1108 districtus,

201 1132 279 1159 quas
302 1122 398 1150 iidem
418 1122 514 1150 abbas
535 1127 562 1149 et
587 1126 762 1150 convontus
785 1121 820 1150 ad
846 1130 877 1149 se
901 1126 1056 1158 spectare,
1080 1131 1203 1153 necnon

201 1180 229 1203 et
257 1184 350 1212 super
380 1174 565 1206 haminitia,
593 1174 743 1203 lidelitate
789 1175 939 1203 servitute
965 1175 1030 1203 sive
1057 1175 1206 1213 homagio

200 1238 234 1256 at·
264 1228 459 1264 subivi-tione
487 1237 547 1265 qut¹
572 1227 649 1255 ‹lic-ti
679 1227 774 1255 abhas
799 1231 827 1255 et
853 1232 1039 1263 conventus,
1066 1233 1126 1258 tam
1155 1240 1204 1259 ra—

201 1283 285 1310 tione
309 1281 407 1319 ipsius
433 1281 613 1309 monasterii
641 1290 734 1318 quam
761 1281 891 1309 ecclesie
914 1281 1029 1311 Sancte
1050 1282 1148 1312 Marie
1167 1284 1205 1314 de

199 1335 282 1363 dicto
300 1339 413 1363 castro.
430 1334 466 1361 ad
485 1333 603 1362 din-tum
623 1334 851 1362 monasterium
870 1334 1048 1373 plenojure
1065 1341 1206 1374 spectan-

201 1387 255 1423 tis,
273 1396 405 1425 qnorum
426 1387 553 1424 quidem
579 1387 764 1416 monasterii
787 1391 815 1416 et
832 1387 964 1417 ecclesie
982 1389 1078 1418 iidem
1099 1390 1205 1420 homi-

200 1450 256 1469 nes
271 1445 343 1468 sunt
360 1440 483 1468 vassalli
498 1464 503 1472 ,
521 1440 580 1468 sibi
598 1441 636 1469 ab
654 1440 774 1469 eisdem
797 1441 982 1471 hominibus
999 1444 1132 1480 prestari
1148 1444 1204 1474 de-

199 1493 272 1522 bere
302 1493 465 1528 dicebant,
498 1493 625 1531 prefatis
649 1493 835 1523 hominibus
862 1494 892 1523 id
922 1496 1114 1532 negantibus
1137 1507 1205 1528 esse

199 1555 326 1581 verum,
349 1551 416 1575 orta
440 1547 549 1575 suisset
572 1547 703 1575 materia
728 1547 921 1585 questionis,
950 1550 1076 1579 tandem
1102 1556 1204 1589 partes

197 1608 291 1637 super
308 1599 369 1628 hiis
384 1600 414 1628 in
434 1600 594 1637 qnondam
615 1599 818 1637 ltaynaldum
836 1601 874 1630 de
892 1602 999 1631 Monte
1015 1604 1125 1641 Nigro,
1143 1606 1203 1635 mi-

198 1651 284 1680 litem
307 1651 388 1681 dicte
405 1651 555 1688 diocesis,
576 1657 725 1691 tanquam
743 1653 775 1682 in
794 1655 966 1692 arbitrum,
983 1657 1204 1688 arbitratorem

197 1709 226 1733 et
242 1704 443 1733 amicabilem
457 1707 711 1744 compositorem,
726 1708 784 1736 suh
797 1708 891 1737 certis
906 1709 995 1746 penis
1009 1712 1206 1742 concorditer

197 1758 450 1795 compromittere
471 1764 676 1788 curaverunt.
696 1761 783 1789 Idem
803 1770 876 1791 vero
892 1763 1023 1798 arbiter,
1040 1764 1072 1793 in
1089 1774 1121 1794 se
1135 1775 1204 1796 sus-

196 1811 317 1848 cipiens
338 1810 521 1849 hujusmodi
543 1814 826 1851 compromissum,
844 1825 938 1853 super
955 1816 1017 1846 hiis
1034 1817 1119 1848 inter
1135 1829 1205 1857 par-

199 1868 242 1892 tes
268 1864 350 1902 ipsas
375 1865 532 1903 quoddam
560 1866 775 1904 promulgavit
798 1869 968 1898 arbitrium
994 1871 1078 1900 inter
1102 1878 1206 1904 cetera

195 1918 364 1946 continens
387 1918 471 1956 qnod
492 1919 569 1948 dicti
586 1920 683 1949 abhas
700 1925 729 1950 et
745 1926 920 1951 conventus
940 1932 995 1961 pro
1018 1933 1051 1953 se
1073 1926 1206 1965 suisque

195 1972 430 2001 successorihus
446 1977 476 2001 et
498 1973 580 2002 dicta
598 1974 730 2004 ecclesia
750 1974 865 2006 Sancte
888 1976 988 2006 Marie
1008 1978 1109 2009 dictos
1133 1981 1206 2010 uni-

196 2024 389 2060 versitatem,
410 2025 559 2056 homines
574 2031 604 2056 et
616 2027 798 2065 singulares
816 2038 967 2067 personas
986 2032 1206 2064 universitatis

195 2077 295 2115 ipsius
317 2086 491 2116 eorumque
510 2079 592 2108 filios
616 2084 645 2109 et
667 2085 821 2119 posteros,
842 2091 915 2112 cum
940 2092 1050 2114 eorum
1074 2085 1206 2118 familiis

194 2138 230 2159 ac
251 2131 344 2159 rebus
364 2132 534 2161 mobilibus
554 2142 685 2172 seseque
707 2135 909 2165 moventibus
929 2145 1008 2175 quas
1033 2143 1107 2169 tunc
1124 2144 1205 2170 tem-

195 2184 282 2221 poris
306 2185 522 2222 possidebant.
542 2196 559 2215 a
580 2188 730 2225 predictis
749 2189 900 2218 omnibus
920 2189 1113 2231 liberarent,
1136 2204 1206 2232 pre-

195 2236 257 2265 fate
282 2246 354 2267 vero
379 2238 571 2268 universitas
597 2244 626 2269 ct
645 2241 826 2279 singulares
850 2251 999 2281 persone,
1022 2254 1077 2283 pro
1092 2246 1205 2286 hujus-

195 2290 283 2319 modi
310 2289 519 2328 liberatione,
545 2301 657 2322 omnes
686 2299 803 2330 terras,
832 2297 1047 2334 possessiones
1072 2303 1102 2328 et
1125 2300 1208 2331 hona

195 2343 448 2383 immobiliaque
467 2345 627 2376 habebant
643 2357 698 2386 per
715 2357 747 2377 se
765 2349 812 2377 vel
831 2358 885 2387 per
899 2350 981 2380 alios
998 2352 1031 2381 in
1050 2362 1205 2391 quocum-

197 2405 259 2434 que
282 2396 348 2426 loco
367 2398 565 2429 dimitterent
584 2405 614 2429 et
634 2402 847 2432 concederent
863 2403 968 2434 abbati
989 2410 1018 2435 et
1034 2409 1207 2438 conventui

196 2451 392 2486 memoratis,
407 2453 553 2491 quodque
565 2453 638 2483 dicti
655 2454 751 2484 abbas
767 2459 796 2484 et
812 2462 988 2487 conventus
1004 2459 1042 2488 ad
1060 2460 1206 2491 livellum

197 2503 263 2531 sive
289 2503 319 2532 iu
348 2505 581 2543 emphyteosim
609 2507 795 2538 hominibus
821 2511 1075 2551 uniuscujusque
1094 2514 1208 2545 domus

197 2557 304 2592 castri,
324 2558 412 2587 curie
427 2568 462 2587 ac
478 2559 639 2590 districtus
658 2562 883 2600 predictorum,
909 2574 1011 2603 usque
1028 2566 1062 2595 in
1083 2568 1207 2598 tertiam

196 2610 434 2646 generationem
461 2613 626 2652 utriusque
652 2624 761 2651 sexus,
785 2617 996 2648 concederent
1018 2624 1047 2649 et
1068 2620 1210 2652 locarent

196 2661 398 2692 medietatem
427 2665 521 2693 unius
553 2667 684 2697 modioli
713 2672 811 2705 terre,
841 2670 880 2698 ad
909 2671 1083 2702 modiolum
1114 2676 1208 2705 castri

198 2714 334 2751 Beronii‚
355 2717 526 2747 Asisinatis
544 2719 696 2757 diocesis,
715 2725 745 2750 et
762 2721 949 2760 hujusmodi
966 2725 1057 2755 tertia
1074 2736 1210 2764 genera-

198 2768 284 2797 tione
305 2769 478 2807 completa,
506 2772 573 2809 ipsa
601 2773 676 2802 dicti
703 2775 833 2805 modioli
859 2776 1013 2807 medietas
1038 2785 1211 2812 reverteret

197 2819 297 2850 libere
321 2822 359 2851 ad
388 2826 616 2855 monasterium
645 2828 883 2866 supradictum,
913 2835 942 2860 et
968 2832 1052 2870 qnod
1076 2834 1210 2871 quilibet

196 2873 367 2904 hominnm
385 2877 600 2913 predictorum
618 2889 717 2909 unum
738 2880 906 2912 denarium
928 2885 1047 2915 usualis
1064 2893 1207 2925 monete,

196 2928 329 2957 nomine
346 2930 508 2967 pensionis
526 2933 592 2962 sive
607 2942 738 2969 census,
758 2935 878 2965 eisdem
901 2937 1008 2967 abbati
1024 2943 1054 2969 et
1068 2949 1210 2971 conven-

196 2981 242 3009 tui
262 2980 398 3011 solveret
420 2986 598 3015 annuatim.
621 2987 739 3017 Verum
767 2988 843 3027 quia
866 2989 1013 3021 homines
1033 2993 1116 3024 dicte
1137 2995 1210 3025 uni-

1244 385 1249 388 “
1290 387 1467 420 versitatis,
1486 396 1518 414 se
1534 391 1680 423 gravatos
1696 395 1733 416 ex
1753 386 1937 425 hujusmodi
1955 386 2086 416 arbitrio
2103 390 2293 425 reputantes,

1286 440 1359 477 jura
1390 439 1421 468 in
1455 440 1570 477 quibus
1601 439 1678 477 ipsis
1709 439 1827 468 abbati·
1847 443 1876 468 et
1905 440 2075 468 conventui
2108 441 2295 478 respondere

1285 492 1374 529 juxta
1392 492 1533 529 ejusdem
1550 492 1675 521 arbitrii
1695 495 1837 521 tenorem
1856 495 2005 521 tenentur
2027 492 2213 521 subtrahere
2233 501 2296 524 mo-

1289 544 1428 580 liuntur,
1450 545 1593 573 direntes
1615 548 1720 583 aperte
1746 544 1846 582 qnod,
1867 545 1927 573 nisi
1947 545 1993 573 eis
2012 554 2066 582 per
2084 545 2182 575 dictos
2201 545 2294 575 abba-

1290 602 1350 625 tem
1375 603 1404 626 et
1422 602 1615 627 conventum
1636 597 1822 627 melioretur
1844 597 1999 633 conditio,
2020 598 2061 626 ita
2085 597 2167 635 qnod
2191 598 2233 627 sit
2252 599 2296 628 eis

1290 651 1368 679 inibi
1398 651 1497 688 potior
1523 651 1689 679 habitandi
1720 651 1946 686 commoditas,
1978 651 2116 687 ibidem,
2139 660 2211 680 cnm
2240 660 2297 683 nec

1288 704 1417 733 comode
1453 708 1596 742 possent,
1635 704 1819 733 nullatenus
1860 705 2073 733 remanebunt
2091 715 2097 740 ;
2133 706 2296 735 memorati

1288 757 1384 785 abbas
1400 761 1429 786 et
1444 761 1620 785 conventus
1633 757 1806 794 profectum
1827 757 1956 786 uberem
1973 757 2018 786 eis
2033 766 2068 786 ex
2086 757 2178 787 dictis
2194 757 2298 787 homi-

1290 809 1384 838 nibus
1405 809 1561 838 dictorum
1584 810 1695 846 castri,
1715 810 1802 838 curie
1823 818 1858 838 ac
1876 810 2038 839 districtus
2058 809 2172 840 incolis
2190 818 2298 848 prove-

1290 863 1432 891 nientem
1459 867 1488 891 et
1510 862 1686 900 dampnum
1706 862 1788 901 quod
1809 862 1885 900 ipsis
1907 872 1942 891 ex
1964 863 2175 901 predictorum
2200 862 2298 893 homi·

1290 925 1366 944 num
1379 925 1502 945 ret-essu
1515 917 1657 945 eveniret
1668 915 2022 952 solliciteattendeutes‚
2035 917 2125 946 nobis
2135 916 2300 946 humiliter

1289 969 1509 1007 supplicarunt
1533 974 1567 998 nt
1591 970 1636 999 eis
1661 969 1758 998 dandi
1785 973 1816 998 et
1841 969 2035 999 concedendi
2066 970 2298 1008 imperpetuum

1290 1023 1476 1052 hominihus
1499 1023 1701 1059 singularum
1728 1022 1897 1053 domorum
1922 1024 2135 1061 predictarum
2158 1032 2231 1053 cum
2253 1023 2300 1053 fa*-

1289 1077 1387 1106 miliis
1409 1077 1594 1106 eorumdem
1621 1086 1723 1106 unum
1745 1077 1920 1107 modiolum
1940 1082 2021 1107 terre
2037 1077 2075 1106 de
2092 1077 2299 1115 passessioni-

1290 1131 1348 1159 bus
1371 1130 1538 1169 pi·e‹lictiS‚
1562 1130 1672 1159 eadem
1691 1130 1860 1160 medietate
1885 1135 2063 1169 computata
2089 1131 2122 1160 in
2150 1138 2205 1167 eo,
2234 1138 2298 1160 non

1288 1184 1431 1213 obstante
1444 1184 1628 1221 juramento
1645 1183 1729 1222 qnod
1746 1183 1831 1213 idem
1851 1184 1947 1213 abbas
1964 1183 2101 1222 prestitit
2117 1183 2155 1213 de
2177 1191 2298 1222 posses-

1289 1237 1434 1266 sionibus
1449 1236 1525 1265 dicti
1543 1236 1729 1266 monasterii
1749 1245 1812 1266 non
1835 1236 2016 1266 alienandis
2043 1245 2175 1266 romano
2198 1236 2300 1275 ponti-

1290 1291 1347 1319 fice
1376 1289 1570 1326 inconsulto,
1596 1289 1760 1319 licentiam
1786 1290 1960 1320 concedere
1984 1290 2205 1328 dignaremur.
2235 1289 2300 1320 Nos

1288 1344 1409 1382 itaque,
1427 1343 1465 1372 de
1483 1343 1769 1382 circumspectione
1791 1348 1843 1373 tua
1864 1342 1991 1382 plenam
2009 1344 2041 1372 iu
2062 1344 2200 1373 Domino
2216 1343 2299 1373 fidu-

1290 1397 1364 1425 tiam
1395 1397 1594 1432 obtinentes,
1621 1396 1807 1426 discretioni
1835 1401 1887 1426 tue
1914 1406 1968 1435 per
1990 1396 2162 1435 apostolica
2185 1396 2301 1435 scripta.

1288 1450 1481 1479 mandamus
1499 1450 1661 1489 quatinus,
1676 1450 1884 1479 consideratis
1902 1449 2074 1487 diligenter
2089 1451 2299 1480 circumstan-

1289 1504 1342 1533 tiis
1358 1503 1518 1533 universis
1540 1512 1601 1542 qne
1624 1504 1707 1533 circa
1731 1503 1887 1541 premissa
1903 1503 2024 1532 fuerint
2042 1503 2254 1540 attendende,
2273 1503 2299 1533 si

1288 1557 1419 1586 utilitati
1439 1557 1515 1585 dicti
1537 1557 1725 1586 monasterii
1748 1556 1867 1585 videris
1888 1557 2053 1594 expedire⁷
2075 1565 2169 1596 super
2184 1556 2300 1596 quibus

1290 1615 1376 1639 tuam
1400 1610 1600 1639 intendimus
1615 1610 1845 1639 conscientiam
1865 1618 2009 1647 onerare,
2029 1609 2178 1649 predictis
2194 1608 2300 1639 abbati

1289 1668 1319 1693 et
1333 1664 1503 1693 conventui
1516 1687 1522 1694 ,
1536 1664 1720 1701 juramento
1740 1672 1802 1693 non
1821 1663 1966 1693 obstante
1985 1663 2144 1701 predicto,
2161 1662 2300 1693 auctori-

1290 1722 1350 1747 tate
1363 1721 1469 1746 nostra
1482 1718 1635 1747 concedas
1645 1716 1807 1747 licentiam
1821 1716 2022 1755 postulatam.
2036 1717 2107 1747 Dat.
2122 1721 2299 1756 utsupra.»

1361 1877 1478 1905 6138
1835 1876 1966 1906 Orvioto,
1983 1876 1999 1902 ‘3
2015 1875 2133 1902 octobre
2150 1874 2229 1903 1291.

1328 1939 1459 1965 Facultas
1475 1939 1641 1965 absolvendi
1656 1948 1672 1965 a
1687 1939 1834 1965 canonicis
1851 1939 2013 1966 sententiis.
2030 1938 2112 1973 (Rea.
2130 1938 2177 1970 46,
2194 1947 2221 1965 o.
2239 1938 2299 1973 548,

1289 1988 1308 2014 f.
1329 1988 1377 2015 108
1394 1990 1446 2020 vo.)

1332 2092 1498 2128 Raynatdo,
1514 2091 1611 2120 abbati
1634 2092 1815 2120 monasterii
1830 2091 1934 2121 Sancti·
1953 2091 2090 2129 Dyonisiz·
2108 2093 2142 2120 in
2157 2091 2300 2128 Francia,

1290 2146 1329 2174 ad
1355 2152 1516 2173 romanam
1545 2145 1698 2174 ecclesiam
1722 2145 1808 2173 nullo
1829 2145 1928 2173 medio
1949 2145 2149 2181 pertinentis,
2180 2144 2302 2174 ordinis

1290 2199 1320 2227 S.
1341 2198 1508 2234 Benedicti,
1532 2199 1715 2227 Parisiensis
1729 2199 1868 2234 diocesis,
1888 2197 2069 2227 facultatem
2090 2196 2234 2228 concedit
2248 2197 2302 2228 ab·

1290 2251 1435 2281 solvendi
1455 2251 1628 2281 monachos
1644 2251 1788 2289 ejusdem
1803 2251 1991 2281 monasterii
2005 2255 2034 2280 et
2050 2250 2181 2281 clericos
2195 2259 2301 2282 saecu-

1290 2305 1373 2334 lares
1391 2310 1492 2335 terrae
1512 2306 1579 2343 ejus
1595 2305 1634 2334 ab
1650 2305 1994 2335 excommunicationis
2010 2304 2178 2334 sententiis
2191 2309 2222 2334 et
2234 2304 2300 2334 dis-

1290 2359 1445 2397 pensandi
1464 2367 1537 2388 cum
1553 2359 1600 2388 eis
1619 2359 1675 2397 qui
1691 2359 1735 2388 sic
1754 2358 1839 2396 ligati
1856 2357 2125 2396 irregularitatem
2137 2363 2303 2388 contraxe-

1290 2414 1367 2442 rint.

1336 2479 1347 2492 ι
1374 2466 1491 2496 Petitio
1515 2470 1567 2496 tua
1591 2466 1720 2496 nobis...
1745 2483 1783 2487 —
1803 2466 1872 2495 Dat.
1902 2465 1986 2503 apud
2013 2465 2275 2496 Urhemveterem
2292 2488 2300 2502 ,

1292 2529 1321 2549 v¹
1342 2528 1442 2549 nonas
1456 2519 1591 2550 octobris
1604 2542 1611 2555 ‚
1631 2528 1716 2549 anno
1736 2523 1859 2558 quarto.
1880 2531 1893 2546 n

1364 2678 1481 2707 6¹39

1329 2740 1514 2775 privilegium
1530 2741 1732 2768 confessionis.
1749 2741 1832 2775 (Ra-c„
1852 2741 1894 2773 46,
1910 2749 1935 2768 c.
1952 2741 2013 2773 550,
2025 2740 2044 2767 f.
2059 2740 2109 2767 109
2124 2747 2166 2775 ¹⁸⁰3
2184 2739 2303 2774 Pomm,

1292 2788 1403 2822 23830.)
1419 2790 1466 2822 (1).

1780 2678 1907 2710 Orvieto,
1923 2679 1957 2706 ‘26
1974 2678 2136 2713 septembre
2152 2678 2231 2706 1291.

1336 2914 1355 2920 ..
1382 2891 1527 2921 abbatisse
1551 2896 1577 2920 et
1599 2893 1762 2921 conventui
1786 2892 1965 2921 monasterii
1989 2891 2023 2921 de
2051 2891 2195 2921 Custodia
2220 2891 2305 2921 Beate

1324 3010 1356 3040 (1)
1375 3010 1393 3033 n
1411 3010 1455 3041 n'y
1472 3018 1487 3033 a
1501 3017 1548 3041 pas
1565 3010 1598 3034 de
1614 3011 1737 3042 ehapitre
1754 3010 1806 3035 549.
