2393 3496
194 293 253 321 780
941 287 1170 318 REGISTRES
1193 287 1247 316 DE
1269 286 1452 316 NICOLAS
1475 287 1530 317 IV.

197 358 332 384 bonensis
355 356 510 389 dioecesis,
534 357 581 390 qui
605 355 746 381 hominem
771 353 862 380 occidi
883 354 1021 379 recerunt.
1041 353 1124 385 (Rau.
1143 353 1191 386 46,

195 415 220 434 c.
238 406 302 435 ³2¹6.
320 407 338 432 f.
357 406 388 432 78
406 408 456 435 νο.)

238 557 256 563 ..
282 535 379 571 priori
405 534 440 562 de
460 533 566 562 Sancto
592 531 747 566 flaminio,
774 530 982 559 Nemausensis
1005 531 1142 565 diocesis,
1166 535 1193 558 et

196 588 302 615 Pontio
320 587 353 614 tie
374 586 502 621 Aleyrio,
520 584 664 612 canonico
680 583 796 612 ecclesie
810 583 988 612 Anitt'ensis.
1011 594 1023 608 ‹
1043 582 1194 620 Exposuit

196 639 286 669 uobis
309 636 497 666 venerabilis
520 636 617 665 frater
637 639 744 665 noster
769 635 911 673 Egidius.
936 635 1193 674 archiepiscopus

196 691 422 725 Narbonensis,
441 688 522 727 quod
544 689 755 722 Moutosinus,
776 688 882 724 abbas,
902 693 932 718 et
953 687 1104 718 nonnulli
1125 696 1193 718 mo-

195 744 286 772 nachi
319 741 502 772 monasterii
535 741 772 779 Fontisfrigidi,
804 741 1028 772 Cisterciensis
1056 741 1190 779 ordinis,

192 795 407 825 Narbonensis
429 794 571 828 diocesis,
595 794 661 823 suis
680 794 800 824 finibus
825 804 889 825 nou
908 795 1049 824 contenti
1073 798 1103 825 et
1125 804 1193 826 mo-

191 849 289 878 destie
309 847 463 886 regularis
479 847 581 883 obliti,
599 852 738 886 tempore
755 856 817 887 quo
834 848 955 886 pridem
975 848 1193 878 Narbonensis

193 901 320 930 vacabat
345 900 486 937 ecclesia,
512 900 700 930 hominibus
725 905 755 930 et
772 900 915 930 vassallis
939 901 1038 939 ipsius
1062 900 1194 931 ecclesie

191 954 338 992 injurias,
360 953 539 989 violentias,
563 954 752 991 gravamina
774 958 803 983 et
821 954 959 992 dampna
982 963 1044 984 uon
1069 954 1194 984 modica

192 1006 389 1043 intulerunt,
407 1010 437 1036 et
451 1006 556 1036 adhuc
571 1007 794 1036 continuantes
811 1007 920 1036 eadem
932 1030 939 1044 ‚
957 1007 1117 1046 quendam
1135 1008 1193 1038 ho-

193 1060 313 1088 minem
334 1068 389 1088 seu
407 1058 576 1088 vassallum
595 1058 726 1088 ecclesie
742 1058 931 1097 supradicte,
951 1064 1024 1089 tunc
1039 1069 1094 1098 per
1113 1064 1192 1089 stra-

192 1116 255 1141 tam
279 1111 437 1151 publicam
459 1111 645 1142 fidutialiter
670 1112 881 1146 incedentem,
908 1113 1084 1142 temerariis
1105 1114 1192 1144 ausi-

193 1165 250 1194 bus
272 1165 468 1201 invaserunt‚
487 1165 580 1203 eique
601 1165 723 1195 duobus
743 1164 839 1194 mulis
855 1173 934 1204 quos
952 1171 1098 1196 oneratos
1119 1167 1194 1197 vino

191 1217 324 1247 ducebat
346 1217 501 1247 violenter
523 1217 654 1252 ablatis,
681 1218 823 1247 furentes
850 1218 1026 1248 immanius
1052 1219 1085 1248 in
1111 1228 1190 1249 eun-

191 1269 275 1305 dem,
294 1269 450 1308 plerisque
473 1269 533 1299 sibi
548 1270 712 1300 associatis
728 1271 761 1299 in
781 1270 840 1300 hac
860 1275 948 1309 parte
963 1271 1189 1310 complicibus,

193 1323 313 1361 ipsum,
344 1323 401 1351 Dei
429 1323 541 1352 timore
567 1323 757 1361 postposito,
783 1323 955 1353 crudeliter
979 1324 1079 1354 occidi
1109 1325 1191 1355 fece-

191 1381 302 1405 runt...
335 1376 400 1406 Nos
427 1376 561 1414 igitur...
589 1376 775 1406 discretioni
808 1380 910 1407 vestre
939 1386 994 1416 per
1022 1376 1192 1417 apostolica

191 1429 303 1467 scripta
321 1429 509 1458 mandamus
522 1433 690 1468 qnatenuS,
708 1430 747 1459 ad
764 1433 867 1468 partes
883 1429 954 1460 illas
970 1439 1024 1461 vos
1040 1440 1190 1470 persona-

192 1482 263 1511 liter
278 1482 486 1518 conferentes,
503 1482 528 1511 si
544 1482 689 1512 abbatem
704 1488 734 1512 et
747 1483 921 1513 monachos
934 1484 1090 1522 predictos
1102 1485 1192 1515 inve-

191 1535 302 1564 neritis
322 1535 453 1564 infamia
472 1544 566 1573 super
592 1535 753 1573 premissis
777 1535 930 1569 laborare.
956 1545 1050 1576 super
1072 1538 1192 1568 eisdem

189 1587 227 1616 de
247 1587 350 1625 plano,
369 1587 438 1615 sine
455 1587 586 1625 strepitu
604 1591 634 1616 et
649 1587 751 1626 figura
765 1588 880 1627 judicii
896 1589 1068 1627 diligenter
1082 1591 1191 1629 inqui-

190 1649 259 1670 rere
279 1640 442 1677 studeatis,
461 1645 490 1669 et
507 1641 534 1669 si
554 1649 590 1670 ea
606 1641 795 1671 inveneritis
813 1642 946 1672 veritate
962 1643 1110 1681 subnixa,
1133 1653 1192 1683 pu-

190 1693 286 1722 niatis
308 1702 388 1731 pena
407 1693 560 1723 canonica
580 1693 841 1733 delinquentes...
862 1696 933 1726 Dat.
950 1697 1034 1735 apud
1054 1697 1192 1727 Urbem-

190 1750 338 1780 veterem‚
357 1755 398 1774 ΧΠ
416 1745 569 1775 kalendas
583 1746 670 1785 julii,
689 1756 774 1777 anno
789 1753 913 1786 quarto.
933 1761 946 1775 »

256 1971 374 1999 5220

222 2032 374 2059 Communi
389 2035 476 2060 castri
492 2033 602 2061 Ficardi
618 2036 750 2062 concedit
763 2040 793 2063 ut
804 2037 838 2063 ad
851 2038 1011 2065 molendina
1023 2047 1075 2066 sua
1088 2048 1191 2074 aquam

186 2081 337 2108 fluminum
361 2082 523 2109 Muscionis
542 2087 570 2110 et
597 2084 703 2119 Aspiae
726 2085 854 2112 derivare
869 2090 898 2113 et
920 2096 985 2114 cum
1002 2088 1124 2115 navibus
1142 2098 1192 2124 per

188 2130 294 2157 flumen
316 2131 435 2166 Aspiam
452 2132 539 2159 libere
563 2133 603 2159 ire
626 2135 750 2168 possint.
767 2134 851 2168 (Res.
872 2136 919 2167 46,
937 2144 962 2164 c.
985 2137 1045 2172 397,
1061 2138 1081 2164 f.
1097 2138 1129 2165 79
1145 2145 1189 2172 r03

188 2178 303 2211 Pom-Tu„
321 2180 430 2213 ι23765.)

776 1973 906 2005 Orvieto‚
925 1975 940 2001 5
958 1977 1025 2002 aout
1042 1976 1119 2004 1291.

229 2306 343 2337 Dilectis
367 2310 442 2345 filiis
463 2312 619 2340 communi
646 2313 742 2341 castri
767 2312 900 2342 Ficarcli.
924 2326 937 2340 α
962 2314 1063 2344 Corda
1089 2319 1191 2346 vestra

188 2360 298 2389 inultis
313 2360 390 2397 olim
407 2361 520 2392 afflicta
540 2363 598 2393 sub
623 2363 764 2394 hostium
788 2367 1007 2403 persecutione
1028 2368 1190 2400 doloribus

187 2413 222 2442 in
241 2414 411 2452 condignis
429 2415 555 2452 gaudiis
578 2417 726 2447 reflorere
750 2418 905 2455 volentes,
924 2422 1119 2459 presentium
1137 2431 1189 2453 vo-

189 2466 249 2503 bis,
268 2467 307 2496 ad
324 2467 424 2497 instar
440 2468 540 2498 felicis
559 2470 786 2501 recordationis
803 2472 982 2503 Innocentii
996 2483 1074 2513 pape
1090 2475 1188 2513 IlIlti,

189 2519 417 2558 predecessoris
435 2523 550 2557 nostri,
568 2524 755 2554 auctoritate
776 2526 982 2557 concedimus
1004 2532 1038 2557 ut
1057 2529 1096 2558 ad
1119 2538 1189 2559 mo-

189 2572 319 2603 lendina
345 2579 448 2604 vestra
473 2576 604 2614 antiqua
628 2586 682 2606 seu
707 2578 853 2608 facienda
878 2580 916 2609 de
944 2589 1024 2612 novo
1047 2581 1086 2612 de
1109 2591 1191 2621 aqua

188 2625 361 2655 fluminum
385 2627 557 2657 Muscionis
580 2634 609 2658 et
635 2630 742 2668 Aspie,
760 2637 916 2669 quantuni
933 2633 1022 2663 vobis
1043 2635 1190 2673 expedire

187 2679 341 2715 videritis,
363 2680 517 2717 derivare,
534 2690 570 2711 ac
588 2692 641 2720 per
656 2683 760 2721 ipsum
779 2686 874 2724 Aspie
892 2687 1012 2717 flumen
1028 2692 1058 2717 et
1073 2697 1189 2727 aquam

188 2732 293 2761 vivam
313 2743 413 2771 usque
438 2735 474 2763 ad
502 2744 587 2764 mare
606 2745 677 2765 cum
697 2738 832 2767 navibus
853 2740 990 2770 oneratis
1010 2750 1064 2770 seu
1083 2743 1190 2772 vacuis

188 2794 242 2823 pro
268 2787 411 2816 emendis
437 2797 490 2817 seu
517 2790 693 2819 vendendis
715 2791 904 2822 victualibus
931 2799 960 2822 et
983 2795 1078 2824 rebus
1103 2795 1188 2833 aliis,

187 2839 256 2867 sine
280 2839 416 2879 alicujus
439 2841 596 2872 solutione
617 2844 711 2881 pretii
735 2849 789 2874 aut
814 2846 954 2884 rivatici,
972 2847 1019 2877 ire
1035 2857 1070 2878 ac
1085 2850 1189 2879 redire

187 2891 284 2921 libere
308 2893 449 2923 valeatis.
473 2895 561 2924 Nulli
586 2905 676 2934 ergo,
702 2902 760 2928 etc.
789 2899 857 2928 Dat.
879 2901 962 2938 apud
980 2901 1189 2933 Urbemvete-

188 2953 266 2980 rem,
287 2947 381 2975 nonis
396 2948 536 2984 augusti,
555 2957 641 2979 anno
657 2955 781 2988 quarto.
803 2964 815 2977 n

1344 352 1599 381 5221-5222
1848 353 1978 385 Orvieto,
1997 354 2036 380 1⁸²
2049 354 2116 380 nont
2132 354 2208 382 129¹.

1312 412 1444 440 Facultas
1465 413 1588 440 habendi
1603 414 1691 441 altare
1707 415 1851 449 portatile.
1865 415 1949 448 (Rno.
1967 415 2010 449 46,
2027 423 2054 442 c.
2070 415 2134 448 398,
2153 416 2171 443 f.
2188 417 2222 445 79
2235 425 2278 453 ¹¹⁰3

1276 461 1395 493 Poma„
1412 461 1523 496 23764.)

1314 565 1412 594 Nobili
1425 566 1493 594 viro
1509 565 1657 602 Iohanni,
1679 567 1883 603 primoyenito
1899 566 2001 596 dilecti
2015 566 2076 604 filii
2092 568 2204 598 nobilis
2219 568 2282 599 viri

1274 618 1438 654 Iohannis,
1464 619 1549 648 ducis
1577 619 1752 652 Brabantie‚
1779 618 1927 656 indulget
1951 623 1985 649 ut
2006 619 2190 658 capellanus
2212 621 2285 660 ejuss

1275 671 1373 701 altare
1390 671 1534 710 portatile
1550 671 1668 702 habere
1684 672 1792 710 possit.
2323 710 2326 719 Ι

1317 736 1331 751 ιι
1356 725 1544 755 Devotionis
1560 729 1612 755 tue
1627 725 1812 763 precibus...
1829 741 1867 748 -
1883 725 1954 755 Dat.
1972 725 2054 765 apud
2071 726 2285 758 Urbemvete-

1275 786 1355 814 rem,
1374 777 1520 807 kalendis
1535 777 1676 815 augusti,
1692 786 1778 808 anno
1796 782 1919 816 quarto.
1940 790 1953 805 n

1316 831 1353 860 In
1375 839 1402 860 e.
1423 840 1467 860 m.
1486 830 1692 868 Margaritae,
1712 830 1803 861 uxori
1826 831 1971 870 ejusdem
1986 831 2147 862 Johannis
2162 833 2280 872 primo-

1275 885 1386 923 geniti.

1345 1058 1535 1087 5223-52
1541 1057 1597 1086 ¹24

1311 1118 1443 1146 Facultas
1457 1119 1581 1154 eligendi
1604 1120 1753 1155 proprium
1769 1120 1976 1147 confessorem.
1998 1119 2079 1152 (Rau.
2096 1120 2145 1151 46.
2163 1128 2188 1147 c.
2207 1120 2280 1154 398²,

1274 1169 1293 1196 f.
1311 1169 1343 1196 79
1359 1169 1406 1200 το.)

1868 1057 2000 1092 Orvieto‚
2018 1058 2034 1085 5
2047 1059 2115 1085 aout
2132 1058 2210 1086 1291.

1313 1271 1412 1300 Nobili
1427 1271 1554 1300 mulieri
1569 1271 1663 1300 Marie
1679 1272 1713 1301 de
1735 1272 1825 1306 Valle,
1843 1272 2052 1302 Laudunensis
2066 1273 2201 1302 diocesis.

1316 1335 1330 1350 «
1355 1323 1500 1361 Benigno
1524 1323 1580 1353 tibi
1601 1327 1714 1353 sunt...
1737 1340 1774 1346 -
1800 1323 1871 1354 Dat.
1895 1324 1980 1363 apud
2000 1324 2279 1363 Urbemveterem‚

1274 1376 1371 1406 nonis
1385 1376 1525 1414 augusti,
1543 1385 1629 1406 anno
1644 1380 1766 1416 quarto.
1786 1388 1800 1403 ι

1314 1429 1351 1458 In
1369 1437 1396 1459 e.
1415 1438 1458 1458 m.
1474 1428 1641 1459 Suzannae
1656 1429 1695 1459 de
1714 1429 1816 1466 Valle,
1838 1429 2062 1460 Laudunensis
2077 1429 2240 1461 dioecesis.

1344 1607 1462 1635 5225
1833 1608 1960 1643 Orvieto,
1975 1609 2115 1644 23juinet
2132 1610 2211 1638 1291.

1310 1668 1442 1695 Facultas
1458 1669 1618 1696 celebrandi
1635 1669 1730 1696 divina
1745 1669 1836 1696 officia
1852 1671 1880 1696 in
1896 1669 1968 1698 locis',
1982 1671 2133 1699 interdicto
2148 1673 2283 1708 supposi-
2317 1700 2321 1705 ,

1274 1718 1321 1745 tis.
1341 1717 1422 1749 (Rau.
1440 1717 1483 1748 46,
1501 1726 1526 1744 c.
1542 1717 1602 1750 399,
1619 1718 1638 1744 f.
1657 1718 1690 1745 79
1705 1719 1753 1751 r0.)

1315 1842 1335 1849 ..
1356 1821 1514 1857 magistro,
1536 1841 1554 1848 ..
1569 1821 1672 1857 priori
1687 1825 1713 1849 et
1728 1821 1880 1856 fratribus
1895 1822 2001 1851 domus
2017 1821 2125 1852 Sancte
2139 1823 2235 1853 Μανία
2247 1824 2287 1854 de·

1274 1873 1402 1903 Mercede
1418 1872 1617 1910 Captivorum
1634 1873 1900 1910 Barchtnonensis,
1918 1875 2038 1904 ordinis
2052 1875 2081 1905 S.
2103 1877 2280 1914 Augustini,

1273 1925 1418 1963 indulget
1443 1929 1489 1962 ut,
1517 1925 1654 1955 durante
1674 1925 1845 1956 interdicto
1866 1927 1918 1956 cui
1941 1936 2077 1965 regnum
2101 1929 2282 1967 Aragoniae

1274 1984 1320 2008 est
1335 1979 1552 2018 suppositum,
1571 1978 1666 2008 liceat
1683 1979 1728 2008 eis
1742 1988 1778 2008 ac
1796 1979 1890 2009 certis
1905 1980 2066 2019 prioribus
2084 1985 2114 2011 et
2130 1982 2282 2013 [ratribus

1273 2032 1442 2062 domorum
1451 2031 1713 2061 conventualium
1726 2032 1870 2070 ejusdem
1881 2033 2004 2063 ordinis
2014 2034 2048 2063 in
2059 2035 2170 2065 eodem
2183 2044 2282 2074 reguo

1274 2085 1495 2121 existentium,
1512 2085 1692 2123 praedictae
1709 2085 1819 2116 domui
1835 2086 2067 2126 subjectarum,
2087 2087 2198 2118 divina
2212 2088 2281 2119 offi-

1273 2139 1321 2169 cia
1336 2138 1518 2169 celebrare.>

1315 2204 1328 2219 κ
1354 2191 1540 2221 Devotionis
1558 2197 1660 2222 vestre
1678 2191 1862 2230 precihus...
1884 2209 1923 2216 —
1945 2193 2016 2224 Dat.
2038 2194 2122 2234 apud
2143 2194 2281 2226 Urbem-

1273 2249 1428 2282 veterem,
1445 2255 1464 2275 x
1480 2245 1634 2276 kalendas
1648 2246 1791 2284 augusti,
1810 2255 1896 2276 anuo
1911 2251 2035 2286 quarto.
2057 2259 2071 2275 ιι

1343 2419 1463 2448 ὃῖἵθ
1868 2418 1998 2450 Orvieto,
2017 2420 2032 2446 5
2047 2420 2114 2447 aout
2130 2419 2208 2447 1291.

1308 2481 1426 2508 Collatio
1443 2482 1657 2508 beneficiorum.
1675 2481 1757 2516 (Rae.
1777 2481 1819 2513 46,
1838 2490 1863 2508 c.
1881 2481 1942 2513 400,
1960 2482 1979 2509 f.
1997 2482 2030 2509 79
2046 2483 2094 2515 το.)

1320 2584 1487 2613 Venerabili
1510 2586 1606 2621 fratri
1625 2607 1645 2614 ..
1666 2585 1799 2623 episcopo
1822 2585 1986 2614 Tholosano
2007 2584 2138 2614 mandat
2159 2589 2192 2615 ut
2213 2594 2280 2615 ma-

1272 2637 1370 2675 gistro
1394 2637 1577 2674 Francisco,
1602 2637 1795 2667 subdiacono
1813 2636 2021 2667 Tholosanae-
2031 2637 2203 2675 dioecesis,
2225 2638 2281 2678 qui

1273 2690 1379 2720 Sancti
1401 2690 1527 2720 Juliaui
1549 2690 1588 2720 de
1612 2690 1751 2721 Briolato
1773 2695 1803 2720 et
1823 2690 1931 2720 Sancti
1948 2690 2108 2721 Johannis
2123 2690 2163 2721 de
2180 2691 2281 2722 Podio

1273 2744 1362 2773 Acon
1380 2743 1545 2780 ecclesias,
1569 2753 1678 2774 curam
1694 2744 1877 2774 animarum
1894 2743 2059 2780 habentes,
2078 2753 2217 2783 quarum
2232 2744 2281 2775 al-

1274 2801 1339 2826 tera
1356 2796 1512 2836 dependet
1534 2797 1573 2827 ab
1590 2798 1706 2834 altera,
1723 2801 1887 2828 assecutus
1904 2801 1951 2828 est
1965 2801 1996 2827 et
2013 2796 2150 2827 detinuit
2173 2806 2232 2829 nec
2247 2806 2281 2829 se

1272 2849 1311 2878 ad
1339 2849 1553 2879 sacerdotium
1584 2851 1763 2889 promoveri
1788 2850 1878 2887 fecit,
1904 2854 2030 2889 recepta
2054 2850 2094 2880 ab
2117 2858 2154 2881 eo
2180 2850 2281 2881 libera

1272 2903 1459 2933 earumdem
1480 2903 1685 2934 ecclesiarum
1702 2903 1933 2941 resignatione,
1951 2903 1990 2933 de
2005 2911 2087 2934 novo
2105 2912 2157 2934 eas
2173 2903 2279 2935 confe-

1271 2960 1334 2992 rat,
1354 2965 1571 2996 conversaque
1589 2958 1623 2987 in
1646 2957 1828 2988 evidentem
1849 2956 2019 2987 utilitatem
2046 2956 2278 2996 praedictarum
