2393 3496
236 320 251 342 k

248 393 271 413 ‘n
285 384 389 413 'abnlo
403 384 512 412 omioni
529 382 661 412 ecclesia
678 381 831 416 insignita
849 386 903 414 est,
920 385 948 408 vt
965 381 996 410 S.
1015 379 1137 409 Nirohxi
1157 380 1241 407 sesti-

237 394 246 411 Δ
235 337 247 348 Γ

236 438 400 467 vitatibus.
424 446 475 473 μοι·
495 441 561 464 octo
581 435 645 463 dies
665 439 834 471 sequentes
850 437 878 461 et
899 433 930 461 in
951 432 1172 461 anniversario
1189 431 1240 460 ‹tie

233 490 442 519 :ledii-ationis
458 487 598 525 vjnstlcui
620 486 781 515 ecclesiae.
803 486 870 514 Dat.
894 486 1024 519 Romae,
1043 484 1125 522 apud
1146 486 1238 512 Sanc·

235 549 295 572 tam
318 543 449 571 Mutant
469 541 620 576 Maiorem
634 562 641 574 ,
668 548 684 567 x
703 538 854 567 kalen-tas
874 539 993 573 martii,
1012 547 1096 567 anno
1114 542 1236 576 quarto.

274 591 696 630 Iun.111..1·1·0‹›‹·‹·t·=siade
715 590 1239 629 tin=1·s101·i(?)(t).wintoniensis

231 647 400 677 aiom-osis,
424 646 454 673 iu
482 649 617 682 quatuor
640 643 747 672 beatae
766 644 884 672 Mariae
905 643 1146 679 festivitatibus,
1166 647 1237 678 etta,

231 705 385 735 utsupra,

272 752 305 779 tu
324 762 350 780 «ι,
370 759 424 783 m.,
443 757 496 787 pro
515 748 646 778 ecclesia
663 749 854 779 Sanctorum
874 750 972 779 Cirici
996 755 1026 779 et
1047 750 1183 779 Julictae
1200 750 1238 778 de

228 804 358 841 Joyaro,
373 802 579 831 Caruotcusis
595 802 762 837 dioecesis,
775 803 805 831 iu
823 808 1006 832 sanctoruni
1020 803 1117 832 Cirici
1135 807 1165 832 et
1179 802 1237 832 Ju-

229 856 336 890 lin-tae,
358 855 498 892 Philippi
517 859 546 883 et
563 856 688 889 Jacobi,
711 856 844 885 Cosmae
863 861 893 885 et
917 856 1064 885 Damiani
1087 856 1238 885 festivita-

232 909 314 937 tibus
330 913 360 936 et
374 917 427 946 per
443 913 511 937 octo
527 907 594 936 dies
611 914 791 946 sequentes.

269 974 281 987 α
304 961 373 990 Vite
393 962 540 999 perennis
557 960 696 997 gloria...
714 979 752 982 -—
770 962 841 990 Dat.
863 966 895 991 nt
910 972 1016 1000 snpra.
1037 975 1049 988 υ

534 1042 896 1077 Saiutc-M.iru·-Nl:ijcure,
921 1044 947 1069 t<
965 1044 1069 1070 sevi-im·
1088 1043 1165 1070 1293.

268 1104 304 1133 Iu
324 1114 350 1133 e.
370 1113 426 1139 m.,
451 1112 504 1142 pro
526 1104 657 1133 ecclesia
681 1106 815 1133 Sanctae
841 1106 959 1134 Mariae
979 1106 1017 1134 de
1036 1106 1235 1143 1⁴'ersbergh‚

227 1157 393 1186 Scau-ensis
410 1157 579 1193 dioecesis,
598 1158 630 1187 in
645 1162 780 1195 quatuor
800 1158 906 1187 beatae
925 1159 1044 1188 Mariae
1061 1159 1237 1188 festivitati-

227 1210 300 1244 bus,
326 1219 378 1248 per
393 1216 461 1239 octo
479 1210 546 1239 dies
562 1215 730 1247 sequentes
747 1215 777 1239 et
793 1211 825 1239 iu
843 1211 1064 1241 anniversario
1080 1212 1131 1241 die
1148 1212 1237 1241 dedi-

225 1264 359 1293 cationis
376 1263 519 1298 ejusdem
542 1263 703 1292 ecclesiae.
730 1264 800 1293 Dat.
829 1265 966 1301 Romae,
990 1265 1073 1303 apud
1089 1266 1236 1295 Sanctam

227 1317 362 1346 Mariam
381 1316 547 1354 Majorem,
565 1325 607 1345 ΧΗ
627 1316 781 1346 kalendas
798 1317 917 1353 martii,
935 1327 1021 1348 anno
1039 1324 1161 1357 quarto.

267 1370 302 1399 In
333 1379 359 1398 e.
384 1378 440 1403 m..
469 1378 521 1408 pro
551 1369 686 1399 ecclesia
711 1370 845 1399 Sanctae
869 1371 987 1401 Elenae
1015 1372 1054 1400 de
1077 1372 1235 1408 Skedwe‚

225 1423 388 1452 Scarvnsis
405 1422 568 1459 dioecesiS,
588 1423 619 1451 in
637 1428 764 1453 sauctae
782 1423 924 1453 Helenae
947 1429 976 1454 et
994 1425 1237 1464 Assumptionis

225 1476 334 1505 heatae
355 1476 473 1505 Mariae
497 1476 724 1506 festivitatibus
749 1481 778 1506 et
803 1486 857 1515 per
879 1482 947 1508 octo
967 1478 1034 1507 dies
1055 1484 1234 1517 sequentes.

228 1529 296 1557 Dat.
317 1534 349 1557 nt
367 1537 474 1567 snpra.

265 1582 302 1611 Iu
323 1590 350 1610 e.
369 1591 431 1617 m.,
454 1590 507 1620 pro
523 1581 658 1611 ecclesia
672 1582 785 1612 Sancti
805 1583 895 1613 Olavi
912 1584 949 1613 de
970 1584 1140 1623 Phaltope,
1160 1585 1234 1615 Sca-

226 1635 330 1664 rensis
361 1635 528 1670 dioecesis,
555 1635 588 1664 in
617 1641 800 1666 sanctornm
831 1637 940 1673 Olavi,
967 1638 1145 1674 Pancratii,
1170 1639 1236 1669 Viti

225 1693 254 1717 et
270 1688 401 1717 Modesti
418 1692 446 1717 et
459 1689 697 1726 Assumptionis
710 1689 819 1719 beatae
835 1690 957 1719 Mariae
971 1690 1194 1721 festivitatibus
1206 1697 1237 1722 et

225 1751 279 1780 per
296 1747 365 1771 octo
383 1741 450 1771 dies
467 1747 648 1780 sequentes.
669 1743 736 1772 Dat.
760 1747 915 1782 utsupra.

538 1822 898 1858 Satnte-Mauie-Majeure,
919 1825 947 1851 13
964 1825 1067 1852 fevi-ior
1087 1826 1160 1852 1292.

265 1883 301 1912 In
321 1893 347 1912 e.
367 1893 427 1919 m.,
446 1893 500 1922 pro
522 1884 656 1914 ecclesia
679 1909 698 1914 ..
723 1886 897 1923 gnardiani
919 1892 949 1916 et
972 1888 1105 1917 fratrum
1130 1889 1235 1919 mino-

226 1945 297 1965 rum
317 1936 613 1972 Terracinensium,
633 1939 665 1967 iu
684 1944 864 1969 sanctorum
886 1940 1065 1977 Fiancisci,
1083 1942 1233 1978 Antonii,

223 1990 402 2026 Laurentii,
421 1995 550 2021 sanctae
566 1991 678 2021 Clarae
694 1997 724 2022 et
740 1993 982 2031 Assumptionis
993 1994 1102 2024 heatae
1115 1995 1235 2025 Mariae

223 2044 447 2072 festivitatibus
476 2049 506 2073 et
531 2054 586 2083 per
610 2050 678 2075 octo
703 2045 773 2075 dies
795 2050 974 2085 sequentes.
999 2048 1068 2076 Dat.
1094 2048 1232 2085 Romae,

220 2096 303 2134 apud
319 2098 468 2125 Sanctam
488 2097 625 2126 Mariani
647 2098 817 2136 λῆψι-ειη,
837 2099 940 2129 idibus
956 2100 1128 2137 februarii,
1148 2110 1234 2131 anno

222 2154 346 2188 quarto.
363 2149 422 2188 (En
442 2159 565 2187 marye‚·
583 2151 720 2185 Pomm„
738 2151 860 2191 23924.)

262 2203 298 2232 Iu
328 2212 355 2231 e.
383 2212 439 2240 m.,
469 2212 523 2241 pro
543 2204 677 2233 ecclesia
702 2227 722 2234 ..
751 2205 925 2243 gnardiani
953 2212 983 2236 et
1007 2207 1142 2237 fratrum
1173 2209 1232 2238 ini-

223 2265 338 2286 uorum
373 2256 410 2286 de
442 2257 603 2295 piperno,
637 2258 878 2288 Terracinensis
914 2259 1078 2290 dioecesis.
1115 2261 1207 2301 (Ibe'd.
1225 2274 1231 2299 3

222 2308 360 2345 Porrn„
379 2308 502 2348 23924.)

261 2362 298 2391 ln
319 2371 347 2391 e.
365 2371 421 2397 m.,
440 2372 494 2401 pro
518 2363 651 2393 ecclesia
673 2364 807 2394 fratrum
834 2367 996 2396 minorum
1012 2367 1051 2397 de
1068 2368 1210 2406 Nimpha
1224 2393 1231 2407 ,

223 2415 434 2444 Velletrensis
461 2416 635 2453 dioecesis,
670 2417 703 2446 in
733 2417 765 2449 S.
795 2419 974 2456 Francisci‚
1007 2421 1039 2451 S.
1071 2423 1230 2460 Antonii,

220 2473 347 2497 sanetae
363 2468 490 2505 Clarae,
509 2470 540 2499 S.
563 2470 723 2500 Pancratii
738 2473 900 2510 martyris,
922 2473 953 2503 S.
969 2474 1129 2505 Johannis
1151 2476 1232 2515 Bap-

222 2522 313 2550 tistae
340 2526 368 2551 et
393 2522 423 2551 S.
453 2522 613 2552 Jotiannis
643 2524 862 2562 Evangelistae
884 2527 1107 2559 festivitatibus
1129 2534 1158 2559 et
1177 2539 1233 2568 per

220 2579 290 2603 octo
319 2574 385 2603 dies
418 2580 596 2613 sequentes.
629 2577 698 2606 Dat.
731 2582 764 2607 ut
795 2588 900 2617 supra.
933 2580 1049 2619 (Ibid.;
1084 2582 1208 2613 Po'r'rn.
1222 2608 1229 2621 ,

221 2627 346 2666 23924.)

537 2684 892 2721 Salute-Marie-Majeui-e,
914 2688 942 2714 12
960 2688 1064 2716 sevi-ier
1083 2690 1158 2718 1292.

261 2745 296 2774 Ιιι
327 2756 353 2774 e.
382 2755 437 2781 m.,
464 2756 517 2785 pro
542 2748 675 2778 ecclesia
702 2750 835 2780 fratrum
864 2752 1028 2783 minorum
1055 2754 1094 2784 de
1121 2755 1228 2792 Setia,

220 2799 462 2829 'seri-arinensis
477 2801 646 2837 dioecesis,
673 2803 704 2831 iu
724 2809 905 2835 sauctorum
924 2806 1086 2838 Francisci
1111 2813 1140 2838 et
1159 2810 1229 2839 Au-

222 2853 316 2888 tonii,
344 2853 452 2883 beatae
471 2854 598 2887 Clarae.
625 2855 656 2885 S.
684 2856 919 2889 Bai-tholomaei
940 2864 970 2889 et
989 2861 1228 2900 Assumptionis

251 2986 270 3015 (l
305 2986 375 3009 ljr'rit
393 2989 504 3015 [Μαι-εὴ,
522 2995 587 3011 avec
605 2995 639 3011 uu
657 2989 734 3018 siguo
752 2989 948 3015 tl'abrL-viatiuu
965 2992 980 3015 ἱι
996 2992 1084 3017 droite
1101 2995 1137 3018 tlu
1154 2998 1171 3019 l.

255 319 291 348 Si
985 314 1219 343 lilitJtS't'ttl-JS
1242 314 1295 342 DE
1319 313 1502 342 NICOLAS
1528 314 1582 343 [V.

1324 379 1432 408 beatae
1451 379 1570 409 Mariae
1594 379 1820 409 festivitatibus
1841 384 1871 409 et
1895 388 1947 418 per
1967 384 2035 409 octo
2058 380 2127 409 dies
2151 386 2327 419 sequentes.

1325 432 1396 461 Dat.
1428 442 1446 460 u
1477 433 1548 461 idus
1574 433 1747 469 februarii,
1778 442 1864 462 anno
1892 437 2015 471 quarto.
2047 432 2159 472 (Ibid.;
2188 434 2328 474 Porri-1„

1323 483 1447 521 asta-23.)

1639 536 1997 572 Salnte-Maric-Majeure,
2018 538 2048 564 15
2064 538 2166 565 fevi-ier
2184 539 2260 567 1292.

1364 599 1399 627 Iu
1423 608 1449 627 e.
1474 608 1530 635 m.,
1554 607 1609 637 pro
1633 598 1766 628 ecclesia
1790 599 1922 629 fratrum
1947 600 2110 630 iniuornui
2134 600 2328 639 Albanensi,

1323 651 1355 680 in
1380 657 1561 681 sauctorum
1582 652 1745 681 Francisci
1768 658 1797 682 et
1816 653 1969 687 Antonii,
1989 653 2098 682 beatae
2115 653 2227 684 Clarae
2250 660 2280 684 et
2296 656 2328 686 S.

1323 706 1484 734 Pam-tatii
1509 705 1735 735 festivitatibus
1756 711 1786 735 et
1807 716 1861 744 per
1878 710 1945 736 octo
1966 706 2034 736 dies
2053 712 2233 746 sequentes.
2258 709 2327 740 Dat.

1323 758 1457 794 Romae,
1479 759 1562 797 apud
1587 758 1737 789 Sanctam
1765 759 1900 789 Mai-iam
1921 760 2092 799 Majorem,
2112 770 2151 790 xv
2179 761 2330 794 kalendas

1322 812 1442 848 martii,
1460 821 1545 842 auno
1561 817 1684 851 quarto.
1704 814 1810 850 (Ibid.;
1830 813 1966 850 Por‘rn„
1986 813 2111 852 23926.)

1630 892 1995 927 Sainte-Maric-Majourc‚
2012 894 2046 921 <20
2063 895 2166 922 fevi-ier
2183 896 2261 923 1292.

1362 954 1398 983 In
1418 964 1444 983 e.
1464 963 1520 990 m.,
1540 963 1593 993 pro
1609 954 1728 993 capella
1747 955 1861 984 Beatae
1879 956 1999 985 Mariae
2019 957 2057 985 de
2078 957 2230 993 Boiicort,
2255 957 2330 988 'rul-

1320 1007 1420 1037 lensis
1437 1008 1604 1044 dioecesis,
1622 1008 1656 1037 iu
1678 1013 1814 1047 quatuor
1834 1009 1942 1038 beatae
1968 1010 2085 1039 Mariae
2106 1004 2332 1042 festivitatibus

1321 1066 1350 1090 et
1370 1071 1423 1100 per
1446 1066 1515 1091 octo
1534 1061 1600 1090 dies
1621 1066 1799 1100 sequentes.
1822 1062 1892 1092 Dat.
1919 1063 2057 1098 Romae,
2078 1063 2161 1102 apud
2183 1063 2330 1095 Sanctam

1322 1115 1455 1143 Mariani
1491 1115 1642 1152 Maiorem
1660 1139 1666 1151 ,
1697 1124 1714 1144 x
1745 1114 1902 1145 kalendas
1931 1116 2059 1153 martii,
2092 1125 2179 1147 anno
2207 1121 2328 1156 quarto.

1321 1168 1424 1207 (Ibide)
1702 1159 1710 1165 “

1359 1221 1397 1250 In
1416 1231 1443 1250 e.
1462 1231 1516 1257 m.,
1533 1230 1588 1260 pro
1604 1221 1737 1252 ecclesia
1752 1221 1860 1252 Sancti
1876 1223 1963 1252 Petri
1978 1222 2016 1251 de
2031 1223 2241 1260 Befraimont,
2257 1223 2330 1254 Tul-

1320 1273 1421 1304 lensis
1435 1275 1604 1309 dioecesis,
1626 1275 1660 1304 in
1678 1279 1859 1305 sanctorum
1879 1276 1964 1305 Petri
1989 1281 2019 1306 et
2038 1275 2130 1306 Pauli
2150 1275 2328 1306 festivitati-

1320 1328 1378 1358 bus
1397 1332 1426 1357 et
1444 1337 1498 1366 per
1513 1332 1582 1358 octo
1598 1328 1665 1357 dies
1681 1332 1861 1367 sequentes.
1883 1329 1953 1358 Dat.
1973 1333 2127 1368 utsupra.
2146 1329 2250 1368 (Ibid.)

1626 1408 1989 1443 sainte-Marie-Majeure,
2008 1409 2041 1436 20
2051 1410 2165 1444 janvier
2182 1409 2260 1437 1292.

1360 1471 1396 1500 In
1414 1480 1441 1500 e.
1460 1480 1516 1506 m.,
1534 1480 1590 1509 pro
1611 1471 1743 1501 ecclesia
1765 1493 1786 1501 ..
1811 1472 1940 1502 rectoris
1958 1476 1988 1502 et
2008 1472 2142 1502 fratrum
2165 1471 2330 1511 hospitalis

1320 1524 1429 1553 Sancti
1456 1523 1628 1554 Salvatoris
1659 1529 1746 1553 extra
1775 1533 1882 1554 muros
1913 1525 2053 1554 civitatis
2077 1525 2271 1564 Burgensis,
2293 1525 2330 1556 in

1320 1577 1351 1607 S.
1380 1577 1574 1611 Salvatoris,
1601 1586 1681 1616 quae
1712 1587 1731 1606 v
1760 1577 1832 1607 idus
1862 1577 2048 1608 novembris
2072 1577 2268 1616 celebratur,
2294 1577 2327 1609 S.

1317 1630 1479 1660 «Iohannis
1502 1631 1662 1670 Baptistae
1678 1635 1708 1660 et
1727 1635 1855 1660 sanctae
1874 1631 1995 1661 Mariae
2014 1628 2224 1670 Magdatenae
2242 1631 2329 1662 festi-

1320 1684 1487 1720 vitatibus,
1513 1693 1566 1722 per
1582 1688 1650 1713 octo
1666 1683 1732 1713 dies
1752 1687 1921 1722 sequentes
1937 1684 2016 1714 etin
2038 1685 2261 1716 anniversario
2279 1684 2330 1716 die

1318 1737 1525 1767 dedicationis
1542 1737 1685 1775 ejusdem
1705 1736 1866 1766 ecclesiae.
1885 1737 1956 1767 Dat.
1980 1738 2112 1774 Romae,
2128 1738 2212 1777 apud
2229 1738 2327 1769 Sanc-

1320 1795 1382 1819 tam
1412 1790 1546 1819 Mariam
1573 1790 1746 1828 Majorem,
1778 1799 1830 1819 xin
1861 1789 2014 1819 kalendas
2039 1791 2215 1828 februarii,
2243 1799 2329 1822 anno
2370 1830 2374 1834 λ

1318 1848 1440 1882 quarto.
1458 1842 1565 1883 (Ibid.)

1389 2010 1500 2038 8641
1633 2009 1992 2045 Sainte-Marie-MaJeure,
2011 2010 2042 2037 13
2057 2010 2161 2037 fevi-ier
2177 2010 2256 2038 1292.

1353 2071 1486 2099 Facultas
1501 2072 1666 2098 conferendi
1687 2072 1870 2098 beneficium.
1887 2072 1971 2105 (Res.
1988 2072 2032 2103 46,
2049 2080 2074 2099 c.
2093 2072 2158 2106 753,
2175 2072 2195 2100 f.
2213 2073 2263 2100 150
2279 2074 2326 2106 νῦ.)
2346 2094 2355 2101 .

1362 2176 1529 2204 Venerabili
1542 2176 1638 2211 fratri
1653 2176 1766 2211 Atano,
1787 2176 1919 2213 episcopo
1936 2176 2108 2205 Trccorensi
2117 2199 2123 2211 ,
2141 2174 2325 2205 facultatem

1315 2229 1461 2258 concedit
1491 2229 1627 2258 faciendi
1654 2229 1753 2267 recipi
1782 2229 1816 2258 iu
1843 2228 1976 2259 ecclesia
2006 2228 2197 2259 Trecorensi
2226 2237 2324 2259 unam

1316 2291 1483 2321 personam
1507 2283 1539 2311 in
1564 2282 1694 2312 fratrem
1715 2287 1745 2312 et
1762 2283 1954 2312 canonicum
1976 2286 2006 2312 et
2028 2281 2217 2321 providendi
2239 2282 2269 2312 ei
2286 2281 2325 2312 de

1316 2336 1506 2374 praebenda.

1357 2401 1369 2416 α
1388 2388 1538 2427 Spetialis
1554 2388 1678 2418 devotio
1694 2397 1830 2427 quani...
1847 2406 1885 2408 —
1902 2388 1973 2417 Dat.
1992 2389 2105 2425 Rome,
2123 2388 2206 2427 apud
2222 2388 2323 2419 Sanc—
2356 2387 2361 2392 '

1316 2447 1378 2471 tam
1396 2442 1531 2471 Mariam
1551 2443 1703 2480 Majorein
1716 2466 1723 2479 ,
1744 2441 1852 2471 idibus
1868 2441 2042 2478 februarii,
2059 2450 2146 2472 auno
2161 2445 2282 2481 quarto.
2307 2453 2321 2469 ι»

1362 2607 1613 2636 imam-(3843
1652 2605 2013 2641 sainte-Marie-Majeure,
2028 2605 2061 2633 20
2076 2606 2180 2633 fevriei·
2196 2606 2274 2634 1292.

1349 2670 1518 2705 Assignatio
1534 2670 1626 2704 pallei.
1646 2669 1728 2702 (Rue.
1747 2669 1789 2702 46,
1806 2677 1831 2696 c.
1849 2669 1909 2700 754.
1927 2669 1945 2695 f.
1966 2669 2014 2696 150
2031 2670 2078 2702 r0.)

1353 2774 1459 2810 Paulo,
1476 2774 1563 2802 etet-to
1579 2773 1769 2807 Rossanensi,
1781 2771 1932 2810 palleum,
1946 2771 1974 2801 ei
1989 2771 2028 2801 ab
2047 2794 2067 2800 ..
2085 2771 2322 2811 archiepiscopo

1312 2826 1446 2856 Sanctae
1465 2826 1637 2856 Severinae
1656 2825 1900 2863 assignandum,
1920 2833 1974 2863 per
1991 2823 2183 2862 Gregorium
2201 2824 2318 2860 Machi,
2358 2860 2364 2866 .

1311 2879 1502 2910 canonicum
1523 2880 1770 2915 ltoswneusmn,
1790 2877 1900 2906 inittit.

1352 2949 1365 2960 «ι
1381 2934 1461 2964 Cum
1478 2933 1616 2971 palleum
1632 2932 1798 2969 insigne...
1812 2948 1849 2952 —
1865 2931 1934 2961 nat.
1949 2930 2060 2968 Rome,
2074 2930 2156 2969 apud
2168 2930 2319 2961 Sanctam

1314 2988 1447 3017 Mariani
1466 2987 1630 3025 Majoreni,
1650 2996 1664 3015 x
1684 2985 1837 3015 kalendas
1859 2984 1975 3021 martii,
1993 2992 2079 3014 anno
2095 2989 2217 3023 quarto.
2238 2997 2249 3011 ι
