2393 3496
184 302 240 331 764
931 299 1167 330 REGISTRES
1189 299 1243 329 DE
1266 299 1449 330 NICOLAS
1474 277 1528 331 I-V.

226 380 238 394 ιι
265 366 439 397 Dcsideriis
457 366 570 399 vestris
587 375 718 404 super...
734 382 774 388 —
790 365 861 396 Dat.
877 366 960 405 apud
978 366 1186 396 Urhemvete-

184 429 264 458 rem,
284 430 323 450 xv
339 419 492 450 kalendas
507 420 646 458 augusti,
663 427 748 449 auno
764 423 887 457 quarto.
906 432 920 445 υ

757 498 888 530 Orvieto,
906 499 935 526 3¹
954 500 1021 526 aout
1038 499 1117 526 1291.

226 565 262 594 In
282 573 309 594 e.
328 573 372 594 m.
393 587 412 594 ..
432 562 623 601 praeposito,
647 584 666 592 ..
685 561 805 591 decano
827 565 857 591 et
877 562 1014 601 capitulo
1037 562 1189 592 ecclesiae

183 617 434 647 Cameracensis.
464 616 533 645 Dat.
561 615 646 653 apud
673 615 952 649 Urbemveterem‚
985 625 1007 645 11
1035 615 1188 645 kalendas

184 670 381 709 septembris,
400 678 486 699 anno
505 673 627 707 quarto.

251 834 368 862 5659

219 896 348 922 Declarat
366 895 473 922 nullum
489 895 638 922 insi—adicio
654 896 786 931 hospitali
802 896 1007 931 praejudicium
1020 905 1070 932 per
1081 896 1189 923 litteras

182 945 288 980 quibus
303 953 417 971 omnem
433 948 584 978 quaestum
600 944 704 971 Terrae
724 944 846 971 Sanctae
862 948 1011 979 praetextu
1028 944 1189 971 faciendum

183 993 338 1024 interdixit,
355 994 423 1028 quin
440 993 571 1028 eJusdem
588 994 739 1028 hospitalis
755 994 857 1020 frati-es
874 994 960 1020 libere
975 993 1009 1020 ad
1025 1002 1098 1029 opus
1114 994 1190 1020 infir-

182 1051 295 1069 morum
316 1048 344 1070 ct
364 1051 522 1078 pauperum
540 1043 738 1078 eleemosynas
758 1047 854 1078 petere
870 1047 898 1069 et
915 1043 1042 1078 recipere
1058 1044 1188 1078 possint,

183 1092 324 1125 generari.
341 1092 423 1123 (lim.
442 1092 489 1121 46,
506 1100 531 1118 c.
548 1092 612 1124 354,
631 1092 650 1118 s.
670 1092 703 1118 70
719 1093 770 1123 vo.)
787 1092 834 1125 (l).

737 833 865 867 Orvieto,
884 834 915 860 15
927 834 1022 868 juillet
1039 834 1116 861 1291.

225 1218 244 1224 ..
267 1196 411 1232 maysscro
434 1200 459 1223 et
478 1195 629 1230 fratribus
651 1194 810 1232 hospitalis
825 1194 932 1223 Sancte
949 1195 1043 1223 Marie
1061 1195 1095 1223 de
1113 1194 1189 1222 ,ller—

182 1248 247 1278 cede
263 1247 460 1285 Captivorum
476 1248 742 1283 Barchinonensis,
758 1247 876 1276 ordinis
893 1247 922 1277 S.
938 1248 1114 1284 Augustini.

225 1315 236 1327 a
259 1301 389 1330 Pridem
406 1301 446 1330 ad
464 1305 644 1330 nostram...
662 1316 702 1322 —
717 1300 788 1331 Dat.
810 1300 894 1339 apud
914 1301 1188 1336 Urbemveterem,

183 1354 289 1384 idibus
303 1353 393 1393 julii.
413 1362 498 1384 anno
513 1357 637 1392 quarto.
657 1366 671 1380 »

253 1527 372 1556 5660

220 1589 352 1616 Facultas
368 1588 537 1616 aedificandi
553 1590 581 1615 in
599 1589 722 1624 propriis
737 1589 871 1616 domibus
887 1589 1010 1615 oratoria
1025 1592 1053 1615 et
1067 1588 1190 1616 habendi

183 1639 354 1665 coemeteria
374 1638 408 1664 ad
433 1646 518 1665 usum
539 1639 697 1673 proprium.
719 1637 803 1671 (Rec.
826 1638 874 1669 46,
895 1646 920 1664 c.
944 1637 1024 1671 354²,
1046 1638 1065 1664 f.
1088 1639 1121 1664 70
1143 1644 1187 1671 v⁰;

183 1687 300 1719 Porru„
318 1687 428 1720 23738.)

737 1526 863 1558 Orvieto,
884 1527 914 1553 14
927 1527 1023 1561 Juillet
1039 1526 1117 1554 1291.

223 1792 339 1820 Eisdem
358 1790 503 1820 concedit
518 1795 552 1820 ut
566 1790 600 1819 in
619 1790 686 1820 suis
704 1789 852 1820 domibus
868 1789 1006 1819 oratoria
1023 1789 1192 1819 aedificare

184 1849 214 1874 et
229 1843 419 1874 coemeteria
436 1843 476 1872 ad
493 1851 571 1882 opus
586 1843 719 1872 fratrum
739 1851 871 1873 suorum
887 1842 1005 1872 habere
1023 1842 1155 1880 possint.

226 1909 238 1924 α
266 1896 478 1927 Petitionibus
500 1896 613 1926 vestris
636 1896 853 1934 benignum...
875 1913 913 1917 -
932 1896 1004 1925 Dat.
1021 1895 1105 1934 apud
1128 1895 1193 1926 Ur-

184 1950 413 1987 bemveterem‚
431 1959 452 1979 11
471 1949 544 1979 idus
560 1949 653 1987 julii,
673 1958 759 1979 auno
775 1954 897 1988 quarto.
918 1961 931 1976 n

255 2123 366 2151 5661
741 2121 868 2156 Orview,
888 2121 917 2149 18
930 2121 1025 2156 juillet
1041 2121 1118 2149 1291.

220 2185 347 2212 Licentia
366 2184 529 2212 celebrandi
550 2185 641 2211 officia
661 2184 821 2211 secundum
843 2183 1036 2211 Parisiensem
1057 2192 1142 2211 usum
1163 2185 1190 2211 in

185 2235 291 2269 capella
311 2234 345 2260 de
367 2233 482 2269 Luceyo
493 2256 499 2265 ,
515 2234 718 2260 Atrebatensis
738 2233 889 2260 dioecesis.
910 2232 992 2266 (Res.
1011 2233 1043 2260 46
1054 2255 1060 2265 ,
1077 2241 1103 2260 c.
1120 2232 1171 2259 3:35
1182 2254 1190 2268 ‚

185 2284 203 2310 f.
222 2284 256 2310 70
271 2285 322 2316 νο.)

227 2410 246 2415 ..
271 2384 486 2415 archidiacono
510 2386 708 2415 Atrebatensi.
736 2396 749 2411 α
774 2385 892 2414 Meruit
917 2385 1042 2415 sincera
1067 2384 1193 2415 devotio

185 2438 292 2468 dilecti
316 2438 375 2467 filii
396 2437 515 2468 nobilis
533 2438 594 2467 viri
619 2438 766 2475 Hugonis
789 2437 827 2467 de
845 2437 1052 2473 Castellione,
1071 2437 1194 2467 comitis

185 2492 223 2521 de
246 2491 362 2522 Sancto
384 2490 500 2528 Paulo,
525 2495 560 2520 ut
585 2491 618 2520 in
638 2490 706 2520 hiis
727 2499 788 2529 que
809 2490 946 2530 postulat
972 2499 1029 2521 nos
1049 2490 1196 2521 inveniat

187 2543 376 2574 favorabiles
402 2548 432 2573 et
457 2543 624 2582 benignos.
654 2543 800 2582 Exposita
821 2543 982 2583 siquidem
1008 2543 1101 2574 nobis
1125 2543 1195 2583 ejus

186 2597 295 2637 petitio
311 2597 494 2627 continebat
510 2596 593 2635 quod
609 2596 771 2636 quondam
790 2620 809 2626 ..
823 2601 925 2627 mater
937 2605 1008 2634 sua,
1019 2596 1098 2626 dum
1111 2596 1197 2626 vive-

186 2655 244 2687 ret,
263 2650 427 2681 ordinavit
440 2655 474 2680 ut
491 2650 525 2679 in
539 2649 660 2689 capella
674 2650 713 2680 de
729 2651 867 2689 Luceyo,
889 2650 1109 2680 Atrebatensis
1123 2649 1196 2679 dio-

185 2704 283 2740 cesis,
312 2713 409 2743 quam
435 2712 492 2742 pro
514 2704 623 2734 anime
649 2712 706 2734 sue
732 2703 875 2734 remedio
899 2704 1061 2741 fundavit,
1085 2703 1197 2733 divina

186 2757 291 2787 officia
308 2756 486 2787 secundum
507 2766 600 2786 usum
620 2757 814 2787 Parisiensis
832 2756 964 2787 ecclesie
979 2756 1195 2793 celebrentur,

186 2810 279 2840 libris
295 2810 438 2849 ejusdem
455 2809 573 2848 capelle
592 2813 683 2849 prout
702 2810 839 2849 requirit
859 2819 936 2840 usus
958 2810 1025 2848 ipse
1045 2808 1196 2840 confectis

187 2868 216 2894 et
238 2864 332 2894 etiam
357 2863 525 2894 ordinatis.
547 2863 654 2899 Quare
671 2862 856 2902 suppliciter
874 2862 1053 2902 postulabat
1069 2871 1088 2892 a
1104 2861 1196 2892 nobis

218 2984 249 3013 (1)
268 2983 410 3007 I‘eut-ctrc
426 2983 450 3006 le
466 2987 494 3006 n⁹
510 2982 585 3007 2370ss
601 2983 634 3006 dc
651 2983 803 3007 Porrnisr.

1271 370 1305 395 ut
1321 366 1462 405 predicta
1481 367 1584 398 officia
1605 366 1781 396 secundum
1801 374 1894 395 usum
1909 365 2013 405 ipsum
2034 365 2067 395 in
2087 365 2206 404 prefata
2220 373 2275 395 ca-

1271 418 1352 457 pella
1369 419 1522 449 celebrari
1539 429 1593 449 seu
1614 419 1693 455 dici,
1711 418 1938 449 constitutione
1956 419 2116 448 contraria
2132 417 2275 456 ejusdem

1270 471 1406 502 diocesis
1432 481 1495 502 non
1522 473 1683 507 obstante,
1706 471 1745 500 de
1773 470 1973 509 benignitate
1991 471 2085 501 solita
2109 470 2277 502 mandare-

1271 533 1353 554 mus.
1378 525 1444 555 Nos
1465 525 1586 564 itaque,
1607 524 1717 563 prefati
1734 523 1859 554 comitis
1878 523 2165 562 supplicationibus
2183 522 2276 553 incli-

1271 578 1356 614 nati,
1379 577 1566 607 discretioni
1586 582 1637 606 tue
1653 576 1885 606 committimus
1900 580 1930 605 et
1950 576 2143 606 mandamus
2165 579 2278 614 quate-

1272 640 1348 666 nus,
1367 632 1392 661 si
1411 632 1450 661 ad
1469 631 1501 661 id
1521 631 1581 661 loci
1601 630 1763 661 diocesani
1783 629 1910 659 accedat
1929 638 2092 666 assensuS,
2114 634 2233 659 statuas
2249 633 2280 660 et

1271 684 1401 715 ordines
1417 685 1602 714 auctoritate
1618 687 1726 713 nostra
1741 687 1776 712 ut
1790 682 1826 712 in
1843 682 1957 713 eadem
1973 682 2094 722 capella
2107 683 2196 722 juxta
2208 691 2279 721 pre-

1271 737 1371 767 fatum
1396 746 1489 767 usum
1511 736 1653 775 predicta
1674 735 1795 771 officia,
1819 736 2046 766 constitutione
2068 736 2136 775 ipsa
2157 743 2278 774 nequa-

1271 799 1368 830 quam
1397 790 1560 826 obstante‚
1593 789 1708 819 futuris
1739 788 1936 827 temporibus
1962 787 2174 819 celebrentur.
2207 788 2277 818 Dat.

1271 843 1354 882 apud
1370 843 1640 878 Urhemveterem‚
1654 851 1694 871 xv
1705 841 1859 871 kalendas
1875 842 2014 879 augusti,
2025 850 2111 871 anuo
2126 846 2249 881 quarto.
2264 853 2278 869 n

1344 1015 1463 1043 5682

1309 1077 1496 1111 Dispensatio
1507 1085 1595 1111 super
1606 1076 1719 1102 defectu
1729 1076 1874 1102 natalium.
1886 1075 1968 1108 (Rau.
1982 1075 2025 1108 46,
2038 1084 2064 1103 c.
2079 1076 2139 1108 356,
2152 1076 2171 1103 f.
2184 1077 2218 1103 70
2228 1077 2281 1109 νο.)

1827 1012 1955 1047 Orvieto,
1973 1013 2005 1041 15
2018 1014 2115 1049 juillet
2131 1013 2209 1042 1291.

1313 1180 1456 1217 Magistro
1477 1179 1632 1208 Bermardo
1654 1179 1689 1208 de
1712 1179 1839 1214 Caneto,
1862 1179 2007 1208 canonico
2025 1178 2182 1208 Ilerdensi.
2199 1177 2282 1209 Cum

1273 1241 1309 1263 eo
1320 1256 1327 1268 ,
1344 1242 1419 1263 cum
1436 1240 1500 1271 quo
1511 1233 1580 1271 jam
1600 1232 1660 1261 fuit
1675 1231 1896 1270 dispensatum
1912 1234 1962 1269 ut,
1979 1239 2044 1261 non
2060 1231 2204 1262 obstante
2224 1231 2281 1262 de-

1273 1286 1356 1316 fectu
1372 1285 1528 1316 natalium
1544 1294 1640 1325 quem
1659 1285 1777 1324 patitur
1792 1284 1831 1314 de
1849 1284 1952 1314 soluto
1969 1284 2099 1322 genitus
2115 1288 2145 1314 et
2159 1283 2280 1322 soluta,

1273 1340 1312 1369 ad
1333 1348 1446 1370 omnes
1467 1339 1596 1369 ordines
1619 1338 1799 1378 promoveri
1819 1342 1849 1367 et
1873 1337 2066 1368 heneficium
2091 1337 2282 1368 ecclesiasti-

1273 1401 1347 1422 cum
1362 1389 1505 1422 obtinere
1522 1396 1636 1430 posset,
1654 1400 1765 1420 rursus
1781 1390 1944 1430 dispensat
1961 1395 1994 1421 ut
2011 1395 2216 1429 personatum
2231 1389 2283 1421 vel

1274 1446 1484 1484 dignitatem,
1505 1445 1659 1483 dignitate
1681 1444 1853 1483 episcopali
1877 1448 2022 1482 excepta,
2047 1444 2208 1484 suscipere
2228 1453 2282 1474 va-

1272 1498 1346 1529 leat.

1315 1564 1329 1579 a
1349 1552 1522 1591 Illegitime
1545 1552 1669 1590 genitos
1688 1560 1804 1591 quos...
1824 1568 1862 1573 —
1880 1551 1951 1581 Dat.
1970 1551 2054 1590 apud
2073 1551 2280 1582 Urbemvete-

1274 1615 1358 1642 rem,
1376 1605 1482 1636 idibus
1498 1605 1587 1645 julii,
1604 1613 1690 1635 anno
1705 1609 1828 1644 quarto.
1849 1617 1862 1632 ι)

1345 1775 1463 1805 5663
1829 1775 1957 1807 Orvieto,
1976 1775 2008 1802 12
2020 1775 2116 1810 juillet
2132 1774 2211 1803 129¹.

1312 1840 1498 1875 Dispensatio
1513 1848 1602 1875 super
1617 1840 1778 1875 pluralitate
1794 1840 2009 1867 beneficiorum.
2022 1839 2106 1873 (Rae.
2119 1839 2164 1873 46,
2178 1847 2204 1867 c.
2221 1839 2282 1873 357,

1275 1890 1294 1917 f.
1312 1890 1345 1916 70
1361 1892 1412 1923 vo.)

1316 1994 1447 2022 Gometio
1472 1993 1647 2027 Fernandi‚
1674 1993 1785 2022 decano
1809 1993 1924 2022 ecclesie
1948 1993 2178 2023 Braoharensis.
2202 1992 2286 2024 Cum

1275 2055 1323 2083 eo,
1341 2054 1415 2076 cum
1430 2055 1492 2085 quo
1509 2046 1598 2083 olim,
1617 2050 1692 2076 tunc
1707 2045 1932 2076 archidiacono
1946 2046 2176 2076 Bracharensis
2187 2045 2286 2077 eccle-

1275 2100 1351 2135 siae,
1365 2099 1425 2129 suit
1435 2099 1654 2138 dispensatum
1667 2103 1710 2135 ut,
1724 2103 1848 2137 praeter
1857 2099 1963 2137 ipsum
1975 2099 2282 2138 archidiaconatum,

1274 2152 1362 2182 aliud
1379 2146 1571 2182 beneficium
1586 2151 1836 2191 ecclesiasticum
1850 2153 2010 2191 suscipere
2026 2151 2156 2189 valeret,
2173 2161 2285 2183 rursus

1275 2206 1438 2244 dispensat
1456 2209 1501 2242 ut,
1520 2210 1644 2244 praeter
1660 2205 1850 2235 decanatum
1866 2205 2018 2236 ecclesiae
2035 2205 2283 2243 Bracharensis,

1274 2259 1539 2289 archidiaconatu
1559 2259 1692 2289 dimisso
1703 2284 1710 2296 ,
1728 2264 1758 2288 et
1774 2259 1999 2289 canonicatum
2017 2268 2053 2289 ac
2070 2259 2285 2298 praebendam

1275 2312 1446 2342 Auriensis
1461 2312 1612 2342 ecclesiae
1624 2336 1630 2349 ,
1644 2312 1734 2342 aliud
1752 2312 1944 2342 beneficium
1960 2312 2106 2343 obtinere
2123 2313 2232 2352 possit.

1318 2378 1331 2393 α
1351 2366 1502 2396 Libenter
1516 2365 1588 2396 illos
1604 2366 1749 2396 favore...
1763 2383 1800 2388 —
1816 2365 1888 2395 Dat.
1904 2365 1990 2404 apud
2007 2365 2282 2402 Urbemveterem,

1277 2428 1322 2448 1111
1338 2419 1410 2449 idus
1426 2419 1520 2458 julii,
1537 2427 1623 2449 anno
1638 2422 1761 2458 quarto.
1781 2431 1795 2445 »
2106 2419 2110 2422 ’

1349 2593 1467 2621 5664
1883 2589 2009 2622 Orvieto,
2027 2590 2043 2618 9
2055 2591 2119 2626 juin
2135 2590 2214 2618 129¹.

1315 2654 1499 2690 Dispensatio
1514 2663 1602 2690 super
1617 2654 1731 2681 defectu
1747 2653 1867 2680 ordinis.
1887 2652 2027 2688 (uanam,
2038 2660 2064 2680 c.
2078 2651 2139 2687 358,
2153 2653 2173 2680 f.
2190 2653 2222 2680 71
2239 2653 2287 2687 1⁸⁰.)

1319 2758 1472 2793 Johanni,
1498 2758 1713 2788 archidiacono
1737 2757 1770 2786 de
1793 2756 1891 2786 Robele
1917 2757 1952 2785 in
1977 2755 2100 2786 ecclesia
2124 2755 2287 2786 Havelber-

1278 2811 1371 2850 qensi.
1390 2810 1471 2840 Cum
1487 2819 1533 2846 eo,
1553 2819 1638 2841 nunc
1651 2810 1849 2850 presbytero,
1860 2809 2024 2849 dispensat
2033 2817 2130 2848 super
2141 2817 2178 2839 eo
2190 2808 2284 2848 quod,

1279 2864 1352 2894 licet
1382 2863 1548 2894 ecclesiam
1577 2864 1615 2894 de
1642 2863 1782 2900 Rohele,
1813 2861 2082 2900 Havelbergensis
2114 2861 2286 2900 dioecesis,

1279 2925 1367 2947 nunc
1380 2917 1656 2948 archidiaconatui
1672 2916 1711 2947 de
1726 2915 1846 2947 Robele
1861 2923 2036 2950 annexam,
2053 2914 2186 2955 adeptus
2204 2914 2287 2945 ruis-

1279 2975 1327 3001 set
1341 2974 1413 3000 ante
1437 2969 1622 3010 hujusmodi
1641 2969 1874 3006 annexionem,
1891 2972 1999 2999 tamen
2018 2967 2058 2998 ad
2074 2967 2287 2998 sacerdotium
