2393 3496
885 338 1097 369 REGISTRE
1118 331 1334 371 CAMERAL.
2098 340 2155 370 967

67 407 181 440 nobilis
200 406 261 436 viri
286 405 407 437 Odonis
428 405 466 436 de
486 405 640 436 Tusciaco
664 405 698 435 in
721 405 862 444 partibus
885 405 1066 444 Aprutinis,

68 469 130 492 non
145 459 311 490 attendens
328 467 432 497 neque
448 458 658 489 considerans
676 458 759 497 quod
778 462 916 488 castrum
939 457 1020 487 Albe
1036 457 1069 486 id

68 514 149 545 circo
173 512 294 542 dudum
321 511 360 541 ad
382 520 498 541 manus
520 521 592 541 suas
614 520 747 541 romana
774 511 856 549 cepit
877 509 1010 540 ecclesia
1034 514 1070 539 ut

69 566 182 598 exinde
206 573 270 606 non
296 564 399 594 solum
425 573 524 602 regno
550 564 662 595 Sicilie
689 565 768 595 citra
792 564 928 598 Farum,
955 571 1069 593 verum

69 620 162 650 etiam
177 618 347 648 heredibus
364 618 460 656 regiis
476 626 534 656 pax
551 622 580 647 et
596 617 811 656 tranquillitas
826 616 1019 655 proveniret,
1034 615 1069 644 in

69 677 186 704 tantam
206 671 347 710 prerupit
369 671 555 700 temeritatis
578 670 745 700 audaciam
766 670 850 709 quod
871 670 911 699 ad
931 672 1070 699 castrum

68 726 171 766 ipsum
189 733 262 754 cum
286 723 494 753 multitudine
510 727 708 753 armatorum
729 723 900 759 accedens,
918 721 1018 756 illud,
1036 725 1071 750 ut

68 778 195 814 dicitur,
209 777 385 815 occupavit,
401 777 469 816 eJus
485 785 608 806 roccam
626 785 682 815 pro
699 777 820 806 viribus
838 775 1071 805 nichilominus

68 830 296 871 impugnando,
314 830 349 859 in
366 834 508 860 nostram
523 834 552 860 et
568 829 737 868 apostolice
753 829 836 860 sedis
852 829 1005 867 grandem
1022 828 1071 857 in-

68 884 186 925 juriam
202 888 232 913 et
243 887 462 922 contemptum
474 892 509 913 ac
522 883 737 913 turbationem
753 891 812 913 non
832 882 989 912 modicam
1006 881 1071 911 cir-

70 936 242 975 cumposite
258 936 410 974 regionis.
429 936 513 972 Quia
530 936 630 974 igitur
646 940 731 966 tante
750 934 1000 974 presumptionis
1015 943 1070 964 ex-

69 998 192 1021 cessum
216 990 352 1019 transire
378 989 529 1019 nolumus
552 989 765 1027 impunitum,
791 988 938 1018 volumus
962 991 992 1017 et
1016 996 1072 1025 per

69 1043 236 1083 apostolica
261 1043 318 1072 tibi
339 1043 454 1081 scripta
481 1042 624 1072 districte
651 1042 854 1080 precipiendo
878 1041 1071 1071 mandamus

68 1096 236 1136 quatinus,
261 1095 385 1126 sublato
409 1105 498 1126 more
516 1095 703 1134 dispendio,
723 1104 871 1134 procures
888 1095 1021 1125 omnino
1038 1097 1072 1123 ut

67 1149 152 1180 idem
169 1149 307 1187 vicarius
329 1138 515 1187 cum'gente
534 1158 591 1179 sua
611 1149 649 1178 de
667 1152 768 1179 castro
787 1149 856 1187 ipso
871 1152 901 1178 et
920 1148 1016 1178 etiam
1032 1147 1071 1177 de

67 1211 155 1234 rocca
179 1202 334 1242 predicta,
355 1203 381 1232 si
403 1211 473 1232 eam
498 1203 632 1232 forsitan
658 1203 838 1241 occupavit,
861 1202 981 1240 absque
1005 1200 1070 1230 ulla

66 1256 249 1287 difficultate
265 1255 408 1292 recedat,
426 1247 463 1285 ea
487 1278 507 1285 ..
529 1256 645 1286 rectori
668 1265 723 1294 per
746 1264 803 1285 nos
824 1255 905 1284 inibi
924 1254 1071 1293 deputato

66 1308 167 1339 libere
181 1308 384 1346 dimittendo,
401 1309 571 1347 ipsumque
588 1308 744 1338 vicarium
761 1316 797 1338 ac
815 1307 894 1337 alios
911 1311 963 1337 tue
976 1307 1072 1346 juris—

67 1362 197 1393 dictioni
222 1361 380 1400 subjectos
406 1362 461 1400 qui
486 1362 616 1391 fuerunt
641 1361 676 1390 in
700 1361 760 1391 hac
787 1365 875 1400 parte
897 1359 1071 1399 culpabiles

67 1416 106 1446 de
123 1419 208 1445 tanto
225 1419 255 1445 et
271 1418 334 1444 tam
351 1415 486 1453 superbo
502 1423 537 1444 ac
553 1418 798 1454 presuniptuoso
817 1423 946 1443 excessu
967 1413 1073 1442 taliter

20 1471 23 1474 '
68 1469 145 1500 citra
167 1477 282 1507 penam
306 1469 475 1506 sanguinis
500 1468 616 1507 punire
640 1467 767 1497 studeas
790 1470 825 1497 ut
844 1467 939 1497 ceteri
961 1475 1071 1496 eorum

69 1521 212 1560 exemplo
247 1530 265 1551 a
298 1521 459 1551 similibus
491 1525 683 1558 arceantur3
717 1529 838 1560 nosque
870 1520 1072 1550 devotionem

70 1578 167 1612 tuam,
185 1583 281 1614 quam
299 1575 332 1604 in
349 1575 409 1605 hoc
424 1574 571 1604 invenire
586 1574 733 1613 cupimus
750 1574 925 1610 efficacem,
944 1573 1073 1612 provide

71 1637 135 1659 non
151 1628 314 1658 immerito
329 1627 603 1664 commendemus,
618 1636 678 1657 nec
692 1635 843 1665 cogamur
857 1626 946 1656 aliud
964 1627 997 1656 in
1014 1626 1073 1655 hac

72 1685 157 1721 parte
187 1681 368 1712 remedium
395 1681 558 1712 adhibere.
588 1681 679 1717 Quod
706 1684 814 1710 autem
843 1680 878 1710 in
908 1681 968 1710 hac
987 1683 1074 1719 parte

71 1735 182 1765 feceris
215 1735 308 1774 plene
343 1734 436 1765 nobis
469 1734 642 1765 rescribere
678 1742 743 1764 non
783 1738 962 1773 postponas.
1000 1734 1072 1763 Dat.

73 1788 180 1819 Reate.
200 1800 213 1815 n

141 1967 258 1996 ’2145

106 2029 148 2057 De
163 2029 264 2056 eodem
281 2029 406 2064 negotio.
422 2029 492 2064 (Fol.
510 2028 542 2056 27
559 2034 605 2061 ro.)

818 1966 906 1997 Rieti,
925 1965 1003 1993 1288.

115 2132 284 2162 Venerabili
299 2132 393 2169 fratri
409 2131 440 2160 G.
456 2155 462 2168 ,
482 2132 614 2169 episcopo
632 2131 810 2168 Sabinensi,
829 2132 986 2169 apostolice
1000 2131 1077 2160 sedis

73 2182 166 2223 leqaco
183 2190 209 2214 et
225 2194 289 2214 una
305 2194 373 2214 cum
389 2185 496 2214 dilecto
515 2185 580 2222 filio
596 2186 692 2214 nobili
710 2186 777 2215 viro
794 2186 826 2214 R.
837 2208 845 2222 ,
865 2187 973 2215 comite
987 2186 1075 2214 Atre-

75 2239 197 2275 batensi,
213 2237 313 2276 bajulo
328 2239 416 2276 reqni
431 2238 534 2268 Sicilie
548 2247 601 2275 per
616 2247 780 2267 romanam
799 2239 951 2268 ecclesiam
966 2240 1078 2268 consti-

75 2297 148 2323 tuto.
166 2304 179 2319 α
198 2292 351 2322 Mirantes
367 2300 470 2330 nuper
484 2291 706 2323 audivimus..
719 2292 904 2322 Predictum
920 2292 1076 2322 vicarium

73 2349 105 2375 et
118 2350 245 2384 gentem
261 2345 360 2384 ipsius
378 2345 416 2374 de
431 2345 560 2384 prefatis
574 2349 676 2376 castro
692 2349 722 2375 et
737 2354 838 2383 rocca,
857 2345 884 2375 si
897 2355 968 2376 eam
984 2346 1077 2376 forsi-

75 2403 128 2429 tan
141 2399 316 2438 occupavit,
329 2399 425 2428 facias
439 2402 469 2428 et
482 2407 643 2438 procures,
657 2398 781 2429 sublato
794 2407 881 2429 more
896 2399 1075 2438 dispendio,

74 2452 188 2491 expelli
211 2452 366 2490 omniuo;
394 2456 424 2482 et
445 2452 677 2483 nichilominus
696 2453 802 2492 ipsum
822 2453 862 2483 ad
884 2454 1077 2492 presentiam

75 2509 216 2535 nostram
231 2506 376 2536 mittas...
395 2517 409 2532 τ»

147 2683 265 2712 *2¹46

110 2744 153 2772 De
168 2746 269 2773 eodem
285 2747 410 2781 negotio.
428 2746 499 2780 (Fol.
515 2747 549 2774 27
565 2749 613 2780 ΓΟ.)

821 2685 911 2718 Rieu,
931 2686 1008 2714 1288.

117 2847 225 2877 Dilecto
239 2848 304 2885 filio
319 2871 340 2877 ..
356 2850 472 2878 vicario
487 2850 598 2878 nobilis
613 2851 676 2879 viri
693 2850 825 2880 oddonis
840 2852 873 2880 de
893 2851 1031 2881 Tasciaco
1047 2853 1080 2881 in

77 2901 214 2938 partibus
228 2902 398 2938 Aprutinz's.
421 2913 434 2928 α
453 2902 606 2932 Mirantes
625 2911 726 2941 nuper
744 2903 964 2935 audivimus...
984 2904 1081 2935 Volu-

79 2960 150 2982 mus
172 2957 202 2983 et
226 2962 280 2992 per
302 2953 474 2992 apostolica
497 2955 553 2984 tibi
575 2955 691 2994 scripta
714 2956 855 2987 districte
879 2957 1082 2997 precipiendo

80 3005 270 3036 mandamus
289 3007 443 3046 quatinus
461 3008 568 3038 statim
584 3009 718 3048 receptis
739 3011 939 3049 presentibus
959 3011 998 3041 de
1018 3020 1082 3042 cas-

1151 408 1199 435 tro
1217 405 1284 443 ipso
1301 409 1332 435 et
1346 406 1442 436 etiam
1459 406 1496 437 de
1512 415 1602 437 rocca
1618 407 1769 446 predicta,
1787 407 1813 436 si
1829 415 1900 437 eam
1916 407 2047 437 forsitan
2066 415 2156 437 occu-

1151 458 1250 496 pasti,
1277 467 1343 488 uua
1368 468 1442 489 cum
1468 464 1561 497 gente
1588 465 1659 497 tua,
1688 469 1761 490 cum
1788 469 1844 499 per
1870 459 2023 490 dilectum
2046 460 2157 490 filium

1151 511 1280 541 fratrem
1312 512 1556 550 Huguitionem,
1587 514 1710 543 ordinis
1742 513 1858 543 militie
1883 513 2155 551 Jerosolimitani,

1151 564 1385 595 cubicularium
1396 570 1426 595 et
1437 566 1628 597 familiarem
1636 566 1935 604 nostrum,latorem
1946 567 2155 605 presentium,

1152 627 1248 656 quem
1265 623 1391 657 propter
1403 619 1462 649 hoc
1478 619 1645 657 mittimus,
1660 630 1695 650 ex
1713 625 1801 659 parte
1817 625 1924 650 nostra
1940 620 2038 650 fueris
2053 620 2158 658 requi-

1152 671 1249 707 situs,
1267 673 1400 702 omnino
1416 672 1544 702 recedas
1561 676 1590 702 et
1605 673 1644 702 ad
1662 673 1781 703 similia
1796 683 1851 712 per
1868 677 1896 703 te
1914 673 1964 703 vel
1980 672 2081 703 alium
2101 682 2158 703 seu

1152 723 1231 753 alios
1252 723 1387 754 ulterius
1408 733 1472 754 non
1493 725 1653 763 procedas.
1671 726 1734 756 Pro
1753 730 1837 756 certo
1853 727 1990 756 sciturus
2009 725 2112 764 quod,
2131 725 2158 755 si

1154 785 1244 806 secus
1264 778 1511 816 presumpseris,
1529 778 1633 807 taliter
1650 778 1684 808 in
1700 778 1760 808 hac
1777 783 1863 817 parte
1879 779 2044 817 providere
2061 787 2157 809 cura-

1153 829 1260 859 bimus
1282 830 1367 868 quod
1389 830 1448 859 erit
1469 830 1540 860 aliis
1564 830 1599 860 in
1621 831 1815 870 exemplum.
1840 832 1988 862 Volentes
2009 836 2043 862 ut
2063 832 2158 862 nobis

1153 882 1329 912 rescribere
1346 883 1473 912 studeas
1490 883 1626 922 qualiter
1640 884 1674 913 in
1693 884 1752 914 hoc
1770 884 1887 914 nostris
1903 885 2110 924 beneplacitis
2128 888 2159 915 et

1153 935 1314 965 mandatis
1330 936 1490 966 curaveris
1505 936 1674 966 efficaciter
1689 936 1828 967 obedire.
1847 949 1861 964 ι)

1226 1107 1342 1136 ’ἵΙέΙῒ

1189 1170 1232 1197 De
1248 1170 1347 1197 eodem
1367 1171 1493 1205 negotio.
1514 1170 1583 1203 (Fol.
1600 1170 1633 1197 27
1651 1172 1699 1204 r⁰.)

1904 1107 1991 1139 Rieu,
2010 1107 2088 1135 1288.

1195 1275 1303 1303 Dilecto
1319 1273 1383 1311 filio
1398 1273 1494 1302 nobili
1511 1274 1578 1303 viro
1598 1295 1618 1302 ..
1641 1274 1796 1311 capitaneo
1819 1279 1844 1302 et
1858 1274 1968 1310 populo
1986 1273 2160 1310 Aquilensi-

1156 1329 1219 1357 bus.
1239 1327 1291 1356 Eis
1308 1326 1439 1356 mandat
1453 1330 1485 1356 ut
1499 1327 1538 1356 ad
1554 1331 1692 1356 castrum
1709 1326 1810 1356 Albae
1823 1331 1944 1355 armata
1959 1335 2058 1355 manu
2076 1334 2161 1355 acce-

1155 1381 1282 1416 dentes,
1304 1389 1341 1409 ex
1360 1388 1396 1410 eo
1411 1380 1570 1409 vicarium
1587 1380 1730 1410 Oddonis
1753 1380 1792 1409 de
1812 1379 1964 1409 'rusciaco
1982 1378 2158 1417 expellant;

1155 1434 1299 1472 alioquin
1317 1433 1489 1463 Riccardus
1502 1432 1541 1462 de
1554 1433 1738 1469 Ferentino,
1756 1442 1851 1471 quem
1866 1432 1904 1461 ad
1916 1441 1968 1462 eos
1983 1432 2092 1469 mittit,
2110 1440 2161 1462 eos

1154 1486 1195 1516 ad
1212 1487 1244 1516 id
1261 1495 1316 1525 per
1331 1495 1499 1516 censuram
1516 1485 1763 1515 ecclesiasticam
1779 1485 1955 1524 compellet.

1198 1552 1211 1566 ιι
1230 1540 1384 1569 Mirantes
1400 1548 1501 1578 nuper
1518 1538 1738 1569 audivimus...
1754 1549 1766 1564 ι

1229 1712 1344 1741 ’ἵ148

1193 1775 1236 1802 De
1251 1775 1353 1802 eodem
1369 1775 1494 1809 negotio.
1511 1773 1582 1808 (Fol.
1599 1773 1631 1800 27
1648 1774 1700 1806 v0.)

1905 1708 1992 1742 Rieu,
2012 1708 2088 1735 1288.

1198 1879 1307 1908 Dilecto
1329 1878 1394 1915 filio
1410 1878 1551 1907 Riccardo
1568 1877 1602 1905 de
1620 1877 1796 1912 Ferentino,
1816 1875 1970 1912 capellano
1991 1878 2105 1903 nostro.
2125 1873 2163 1903 Ei

1158 1931 1291 1961 mandat
1307 1934 1339 1961 ut
1353 1930 1393 1960 ad
1407 1930 1568 1960 civitatem
1584 1928 1796 1967 Aquilensem
1813 1936 1845 1957 se
1863 1927 2041 1963 conferens,
2060 1925 2162 1964 Aqui-

1159 1984 1405 2015 lensesinducat
1418 1987 1458 2020 et,
1475 1984 1502 2012 si
1518 1991 1646 2013 necesse
1661 1981 1767 2017 fuerit,
1786 1980 1953 2020 compellat
1968 1980 2007 2009 ad
2023 1983 2162 2010 castrum

1159 2038 1260 2068 Albae
1276 2037 1493 2067 liberandum.

1201 2104 1215 2119 α
1233 2092 1387 2121 Mirantes
1403 2099 1506 2129 nuper
1523 2089 1744 2120 audivimus...
1764 2100 1777 2114 n

1232 2264 1346 2293 *2149

1197 2327 1342 2360 Quaedam
1358 2329 1464 2353 statuta
1479 2324 1641 2352 communis
1660 2323 1796 2350 Esculani
1814 2322 1849 2349 de
1869 2323 1935 2357 jure
1956 2321 2081 2348 molendi
2101 2329 2165 2348 cas-

1162 2380 1216 2404 sat.
1236 2376 1305 2409 (Fol.
1321 2376 1353 2402 ‘27
1367 2377 1418 2408 νο.)

1681 2260 1768 2295 Rieu,
1784 2259 1818 2286 ‘22
1834 2258 1996 2294 septembre
2013 2258 2090 2285 1288.

1204 2479 1321 2509 Dilectis
1335 2478 1411 2515 filiis
1427 2498 1448 2508 ..
1466 2477 1623 2514 potestati,
1640 2473 1765 2504 consilio
1781 2478 1807 2503 et
1825 2474 1980 2504 communi
1994 2472 2164 2503 Esculanis.

1164 2544 1177 2560 α
1199 2532 1329 2562 Pridem
1345 2540 1380 2561 ex
1397 2533 1485 2569 parte
1505 2529 1692 2559 dilectarum
1713 2528 1747 2557 in
1764 2526 1890 2557 Christo
1910 2525 2052 2556 filiarum
2070 2549 2089 2556 ..
2110 2525 2167 2555 ab·

1161 2585 1280 2616 batisse
1294 2589 1322 2614 et
1334 2586 1509 2614 conventus
1523 2581 1708 2613 monasterii
1721 2580 1836 2611 Sancte
1847 2579 1949 2610 Marie
1960 2579 2167 2609 dominarum

1162 2640 1201 2669 de
1218 2637 1341 2674 Esculo,
1366 2636 1489 2667 ordinis
1513 2636 1627 2666 Sancte
1652 2634 1755 2670 Clare,
1778 2633 1836 2663 fuit
1862 2633 2039 2671 expositum
2060 2640 2169 2661 coram

1163 2692 1255 2722 nobis
1272 2690 1366 2730 quod,
1388 2690 1462 2720 licet
1486 2689 1554 2728 ipse
1577 2688 1639 2718 duo
1662 2686 1850 2718 molendina
1874 2686 1908 2715 in
1931 2685 2066 2715 flumine
2083 2684 2170 2723 quod

1163 2746 1323 2775 Truntum
1335 2742 1510 2781 vulgariter
1521 2741 1637 2771 dicitur
1648 2741 1765 2770 habere
1778 2742 1960 2774 noscantur,
1976 2738 2014 2768 de
2030 2745 2168 2776 quorum

1163 2797 1369 2837 proventibus
1388 2804 1452 2826 non
1467 2795 1593 2825 modica
1612 2802 1722 2824 earum
1738 2793 1845 2831 inopie
1860 2791 2030 2831 provenire
2049 2790 2168 2820 utilitas

1163 2851 1339 2886 consuevit,
1368 2849 1444 2888 quia
1469 2852 1588 2884 tamen,
1619 2851 1711 2886 prout
1737 2846 1901 2881 asseritur,
1931 2844 2053 2874 dudum
2083 2843 2169 2873 inter

1163 2909 1265 2936 cetera
1287 2903 1440 2933 statuistis
1465 2902 1523 2931 sub
1545 2905 1629 2931 certa
1652 2909 1733 2940 pena
1752 2904 1781 2929 et
1801 2899 1908 2928 banno
1931 2897 2057 2936 publice
2082 2896 2172 2926 inhi-

1164 2957 1268 2987 bendo
1289 2965 1328 2986 ne
1353 2955 1424 2994 quis
1449 2954 1488 2984 ad
1511 2953 1573 2984 alia
1594 2952 1781 2983 molendina
1805 2960 1902 2990 quam
1922 2950 1962 2979 ad
1984 2949 2169 2979 molendina

1166 3009 1348 3041 communis
1370 3007 1466 3038 vestri
1486 3006 1527 3037 ad
1545 3006 1731 3037 molendum
1750 3007 1912 3044 presumat
1927 3002 2096 3041 accedere,
2115 3011 2169 3041 pe-
