2393 3496
857 324 1068 357 REGISTRE
1091 311 1306 353 CAME'RAL.

43 408 141 440 lentes
164 402 277 433 dilecte
307 400 343 430 in
368 398 494 429 Christo
526 397 592 428 filie
623 396 741 427 Jacobe
767 395 805 425 de
835 394 938 424 Roma
964 391 1045 421 dicte

44 457 233 492 Christiane,
261 452 362 484 Asisii
386 451 625 487 commorantis,
650 450 790 487 benigne
815 455 958 478 annuere
983 445 1046 484 piis

45 508 207 548 votis„tibi
222 505 374 537 audiendi
388 504 623 535 confessionem
638 503 739 542 ipsius
757 505 787 532 et
804 499 1000 539 injungendi
1017 498 1045 527 ei

47 564 213 597 salutarem
230 558 440 599 penitentiam
456 565 512 596 pro
528 556 726 591 commissis,
743 554 870 592 sibique
891 561 986 591 super
1002 551 1047 581 eis

47 617 138 658 plene
154 611 361 644 absolutionis
378 610 572 640 beneficium
594 607 804 646 impendendi
824 606 959 635 liberam
975 613 1048 634 auc-

49 670 168 702 toritate
183 669 290 696 nostra
307 663 512 694 concedimus
528 661 709 692 facultatem
725 660 783 699 (1).
802 671 816 686 ι»

119 831 233 861 *2155

84 893 218 930 Symeoni
233 891 309 918 dicto
326 890 426 917 Mauro
441 888 558 916 mandat
573 891 605 915 ut
626 887 661 914 ad
681 886 779 913 sedem
800 885 986 920 apostolicam
1002 893 1052 911 ve-

51 944 116 973 niat.
132 942 202 976 (Fol.
219 940 253 967 28
270 941 317 973 r0.)

567 825 655 860 Rieti,
670 825 704 852 22
721 823 884 859 septembre
902 823 977 850 1288.

89 1036 195 1069 Dilecto
218 1036 283 1074 filio
312 1034 454 1073 Symeoni
483 1033 560 1063 dicto
583 1032 702 1068 Mauro,
728 1031 909 1069 primicerio
937 1030 1054 1059 ecclesie

50 1091 151 1124 Sancti
166 1089 261 1118 Marci
274 1088 307 1117 de
326 1088 462 1117 Venetiis.
479 1097 492 1112 α
506 1085 639 1115 Famam
649 1083 845 1114 laudabilem
861 1091 960 1121 que...
974 1082 1054 1111 Inde

0 1142 1 1174 ἦ
51 1145 86 1176 fit
99 1143 183 1184 quod
197 1142 276 1172 dete
292 1149 406 1179 nuper,
420 1140 458 1169 de
472 1140 606 1169 fratrum
623 1142 806 1168 nostrorum
822 1136 969 1172 consilio,
983 1135 1054 1165 Cre-

16 3179 23 3317 1

53 1196 134 1228 tensi
152 1194 282 1226 ecclesie
299 1198 374 1223 tunc
387 1192 526 1229 vacanti,
543 1192 634 1230 cujus
649 1190 788 1230 provisio
805 1190 871 1219 sedi
887 1188 1055 1228 apostolice

53 1253 211 1282 reservata
226 1248 339 1285 fuerat,
358 1247 507 1276 duximus
522 1245 768 1285 providendum.
785 1243 943 1274 Volumus
958 1243 1057 1280 igitur

54 1306 85 1334 et
98 1301 284 1333 discretioni
305 1305 356 1330 tue
374 1309 429 1338 per
444 1298 617 1338 apostolica
635 1298 751 1336 scripta
770 1297 961 1326 mandamus
978 1304 1058 1334 qua-

54 1357 154 1393 tinus,
171 1354 304 1393 receptis
322 1353 539 1392 presentibus,
557 1352 596 1381 ad
621 1355 762 1382 nostram
780 1350 973 1389 presentiam
994 1353 1059 1378 stu-

55 1409 128 1440 deas
143 1407 353 1448 personaliter
369 1411 398 1437 te
413 1406 569 1436 conferre.
586 1405 658 1435 Dat.
676 1404 786 1440 Reate,
802 1413 821 1432 x
837 1402 990 1432 kalendas
1006 1411 1057 1432 oc-

55 1462 162 1494 tobris.
182 1472 195 1488 ι

127 1619 242 1648 ¹215ss
799 1615 892 1647 Rieti,
913 1615 988 1642 1288.

92 1681 212 1708 Venetis
225 1680 337 1707 nuntiat
353 1688 385 1707 se
400 1679 435 1706 ad
451 1687 503 1706 eos
518 1678 724 1714 responsiones
739 1679 862 1705 mittere.
874 1677 945 1712 (Fol.
962 1677 996 1704 ‘28
1013 1678 1060 1710 ru.)

98 1777 213 1807 Dileclis
227 1776 302 1814 filiis
318 1776 414 1805 nobili
437 1776 504 1805 viro
524 1797 544 1806 ..
569 1775 640 1804 duci
654 1780 679 1804 el
696 1775 853 1804 communi
874 1774 1061 1803 Venetorum.

62 1842 76 1859 οι
95 1829 307 1860 Accedentem
327 1829 368 1858 ad
386 1828 580 1867 presentiam
596 1831 738 1857 nostram
752 1820 918 1856 ..latorem
932 1835 1062 1865 presen-

62 1884 155 1919 tium,
173 1882 327 1913 nuntium
343 1886 501 1919 vestrum,
518 1881 660 1919 benigne
675 1881 870 1919 recepimus,
888 1884 918 1910 et
933 1889 994 1919 que
1011 1889 1064 1910 co-

61 1945 128 1967 ram
149 1936 241 1966 nobis
269 1944 304 1965 ex
329 1939 416 1974 parte
437 1939 540 1964 vestra
565 1934 727 1973 proposuit
750 1933 967 1963 intelleximus
989 1933 1064 1962 dili-

61 1993 180 2029 genter.
213 1989 280 2020 Nos
311 1993 418 2019 autem
448 1988 602 2018 nuntium
639 1989 745 2026 ipsum
777 1987 815 2017 de
850 1987 1066 2017 sollicitudine

61 2043 337 2079 commendantes,
355 2043 444 2073 vobis
466 2043 500 2072 in
524 2042 584 2072 hac
605 2045 694 2080 parte
714 2041 907 2080 respondere
922 2041 1066 2071 intendi-

62 2106 132 2128 mus
148 2106 203 2136 per
219 2096 372 2126 nuntium
389 2095 572 2135 specialem.
592 2107 605 2122 n

132 2255 248 2284 ’215⁷
811 2253 899 2287 Rieu,
918 2253 995 2280 1288.

98 2317 229 2345 Facultas
252 2317 377 2344 faciendi
401 2317 545 2343 celebrare
570 2319 599 2343 et
623 2315 756 2342 audiendi
782 2315 877 2342 diviua
901 2315 992 2341 officia
1018 2323 1069 2350 per

64 2367 244 2402 septennium
259 2366 288 2392 in
304 2366 375 2393 locis
390 2365 543 2392 interdicto
558 2364 728 2400 suppositis,
745 2363 815 2398 (Fol.
834 2364 866 2390 28
883 2365 930 2397 ro.)

104 2463 208 2492 Dilecle
221 2463 256 2491 in
272 2462 390 2492 Christo
416 2462 478 2499 filie
500 2459 595 2490 nobili
610 2461 737 2490 mulieri
751 2461 901 2496 Johanne,
922 2460 1071 2489 comitisse

66 2515 219 2545 Alencone.

108 2579 123 2595 «
142 2568 202 2598 Per
217 2567 341 2598 sincere
358 2567 574 2598 devotionis...
596 2579 610 2594 ι)

140 2726 391 2756 ’ἳ158-ἵ159

105 2787 147 2814 De
161 2787 271 2815 decima
284 2788 389 2814 Terrae
406 2788 538 2814 Sanctae.
559 2787 629 2820 (Fol.
645 2787 678 2814 28
694 2789 744 2819 v0.)

814 2724 904 2758 Rieu,
923 2723 1001 2751 1288.

110 2883 217 2912 Dilecto
233 2884 296 2921 (ilio
312 2884 482 2919 Frederico‚
494 2883 594 2920 priori
607 2881 752 2913 secularis
766 2883 882 2912 ecclesie
897 2881 1001 2911 Sancti
1011 2882 1074 2910 An-

102 3000 133 3030 (1)
151 3000 202 3024 Pas
218 3001 251 3024 de
268 3001 339 3024 date.

211 3058 284 3086 Rau.
305 3058 429 3086 Niconis
449 3058 501 3086 IV.

2075 316 2132 346 969

1128 389 1194 418 clree
1215 388 1408 423 Πνὸευειαηε,
1429 386 1602 424 cappellano
1622 391 1732 420 nostro,
1753 384 1903 413 collectori
1918 384 2028 412 decime
2047 385 2135 413 Terre

1127 442 1234 470 Sancte
1254 443 1286 469 ιή
1312 440 1499 474 Treverensi,
1516 439 1712 475 Maqzzntina,
1733 437 1918 472 Coloniensi,
1936 437 2088 465 Bremensi
2109 441 2134 466 el

1128 494 1377 531 Maqdeburyensi
1390 492 1560 529 provinciis
1569 496 1594 520 et
1607 492 1639 520 in
1656 491 1764 520 diocesi
1782 490 1958 519 Caminensi
1975 498 2028 526 per
2038 490 2135 518 sedem

1129 546 1325 583 apostolicam
1342 545 1492 583 deputato.
1515 555 1528 570 α
1546 543 1699 573 Gerentes
1717 542 1756 572 de
1773 541 1924 571 fidelitate
1947 530 2136 571 dilectorum

1130 598 1274 628 filiorum
1301 597 1442 627 Clarenti
1466 600 1495 626 et
1523 595 1695 626 Lanfranci
1723 594 1871 625 Anselmi
1899 603 1935 624 ac
1963 594 2137 632 Mergulesi

1132 651 1262 681 Brachii
1279 655 1309 680 et
1330 650 1455 680 For-tini
1474 654 1503 679 et
1527 649 1617 678 Baldi
1641 648 1798 687 Raynerii
1821 652 1851 677 et
1873 647 2009 677 aliorum
2031 647 2071 677 de
2089 655 2138 677 so-

1131 705 1241 734 cietate
1258 703 1398 733 Clarenti
1414 703 1452 732 de
1475 702 1621 737 Pistorio,
1639 706 1745 730 nostre
1762 709 1887 730 camere
1903 704 2135 735 mercatorum,

1132 757 1282 786 fiduciam
1301 756 1334 785 iu
1362 755 1499 785 Domino
1518 753 1688 792 specialem
1708 758 1738 783 et
1759 753 1900 783 volentes
1923 753 2044 783 decime
2068 762 2138 791 pre-

1133 809 1216 838 dicte
1240 808 1410 847 pecuniam
1437 811 1616 846 promptam
1643 806 1774 840 habere,
1801 806 1985 836 discretioni
2010 811 2062 836 tue
2085 816 2140 845 per

1133 861 1303 901 apostolica
1322 860 1436 899 scripta
1453 860 1594 889 districte
1610 859 1813 897 precipiendo
1832 859 2022 889 mandamus
2036 859 2140 898 quati-

1135 924 1196 945 nus
1212 914 1336 944 dilectis
1357 913 1433 942 filiis
1450 912 1615 951 Raynerio
1631 912 1829 948 Floravanti,
1849 912 1979 941 Andree
1998 912 2141 942 Cazatini

1135 972 1165 998 et
1183 967 1318 1006 Symoni
1335 965 1497 1000 Anselmi,
1519 965 1569 995 vel
1588 965 1661 995 aliis
1684 974 1793 995 eorum
1817 966 1911 995 sociis
1933 966 1972 995 de
1995 966 2142 996 societate

1136 1021 1293 1060 predicta,
1311 1020 1368 1049 has
1386 1020 1443 1049 tibi
1462 1019 1678 1049 deferentibus
1696 1019 1831 1055 litteras,
1853 1023 1949 1048 totam
1974 1019 2143 1057 pecuniam

1136 1074 1239 1113 ipsius
1255 1073 1378 1102 decime
1392 1081 1446 1111 per
1465 1076 1492 1102 te
1505 1072 1668 1102 collectam
1685 1075 1715 1101 et
1730 1071 1876 1101 nondum
1892 1071 1991 1101 alicui
2004 1072 2042 1101 de
2056 1081 2145 1101 man-

1137 1127 1209 1156 dato
1225 1126 1309 1156 sedis
1327 1125 1495 1164 apostolice
1513 1126 1724 1162 assignatam,
1745 1129 1773 1154 et
1793 1126 1888 1154 etiam
1913 1124 2142 1162 colligendam,

1139 1179 1261 1209 sublata
1279 1178 1465 1208 difficultate
1481 1178 1631 1217 qualibet,
1652 1179 1776 1215 integre
1793 1178 1958 1215 assignare
1975 1187 2142 1216 procures;

1139 1241 1204 1262 non
1222 1233 1366 1262 obstante
1383 1231 1410 1260 si
1429 1232 1484 1260 tibi
1500 1231 1625 1270 pridem
1641 1231 1778 1260 extiterit
1794 1231 1832 1260 ab
1846 1231 1921 1260 eade
1935 1231 2007 1260 sede
2021 1232 2147 1270 injunc-

1141 1290 1207 1315 tum
1226 1289 1259 1314 ut
1273 1285 1445 1323 predictam
1467 1284 1623 1314 decimam
1640 1284 1805 1314 collectam
1820 1289 1850 1313 et
1864 1283 2075 1322 colligendam
2089 1285 2147 1314 alii

1141 1338 1190 1368 vel
1205 1338 1277 1368 aliis
1294 1338 1523 1368 mercatoribus
1542 1337 1591 1366 vel
1607 1338 1751 1376 personis
1767 1337 1882 1367 debeas
1898 1338 2080 1375 assiguare3
2100 1338 2145 1367 fa-

1141 1393 1229 1421 ciens
1247 1391 1285 1421 de
1302 1391 1518 1428 assignatione
1535 1390 1721 1429 hujusmodi
1739 1390 1801 1420 duo
1818 1390 1943 1429 publica
1960 1390 2078 1420 similia
2095 1391 2148 1420 in-

1142 1449 1337 1481 strumenta,
1363 1453 1500 1483 quorum
1525 1444 1661 1473 alterum
1689 1444 1745 1473 tibi
1771 1444 1909 1473 retineas
1933 1448 1962 1474 et
1985 1444 2148 1482 reliquum

1143 1499 1236 1529 nobis
1251 1498 1371 1535 mittas,
1391 1507 1426 1528 ac
1442 1497 1676 1527 nichilominus
1692 1497 1780 1536 quid,
1795 1503 1962 1536 quantum,
1977 1498 2104 1536 qnando
2121 1502 2150 1528 et

1145 1552 1198 1582 ubi
1214 1551 1295 1581 illud
1313 1551 1464 1590 predictis
1480 1551 1708 1580 mercatoribus
1729 1551 1893 1588 assignare
1911 1551 2073 1581 curaveris
2093 1559 2150 1580 no-

1144 1606 1192 1635 bis
1211 1614 1267 1644 per
1288 1609 1356 1634 tuas
1380 1604 1501 1634 litteras
1524 1604 1639 1634 harum
1663 1604 1777 1634 seriem
1803 1604 2004 1634 continentes
2026 1604 2151 1633 studeas

1144 1658 1282 1688 fideliter
1297 1657 1460 1687 intimare.
1480 1669 1493 1683 n

1187 1725 1201 1739 «
1221 1712 1261 1741 Iu
1274 1721 1301 1741 e.
1319 1721 1364 1741 m.
1385 1710 1501 1740 dilecto
1517 1710 1582 1740 filio
1604 1733 1624 1740 ..
1642 1710 1739 1749 priori
1756 1710 1794 1740 de
1814 1710 1974 1747 Falciano‚
1992 1709 2153 1740 collectori

1145 1765 1269 1795 decime
1287 1764 1414 1802 negotio
1432 1764 1525 1801 regni
1548 1763 1658 1793 Sicilie
1680 1763 1714 1792 in
1732 1763 1922 1793 Lombardie
1938 1763 2079 1801 partibus
2097 1764 2153 1793 de-

1146 1823 1270 1857 putato,
1287 1817 1451 1856 capellano
1476 1821 1594 1847 nostro.
1620 1817 1773 1846 Gerentes
1795 1817 1833 1846 de
1852 1816 2004 1846 fidelitate
2024 1816 2154 1846 dilecto-

1147 1881 1219 1901 rum
1236 1871 1394 1906 filiorum,
1413 1875 1485 1907 etc.,
1505 1874 1538 1899 nt
1558 1870 1592 1899 in
1609 1869 1671 1899 alia
1683 1892 1690 1905 ‚
1712 1870 1810 1899 Pucio
1829 1873 1859 1899 et
1875 1870 1994 1899 Manno
2011 1869 2153 1908 Daynesi

1149 1929 1178 1955 et
1192 1925 1284 1955 Justo
1301 1923 1421 1954 Foresi.
1443 1935 1456 1949 n

1221 2090 1340 2118 '2160

1185 2153 1228 2179 De
1249 2152 1350 2179 salario
1371 2150 1512 2186 Raynaldi
1534 2149 1568 2176 de
1592 2149 1743 2182 Falerone,
1765 2149 1916 2183 potestatis
1940 2149 2027 2174 castri
2050 2147 2157 2182 Ripae-

1150 2202 1305 2228 transonis.
1323 2200 1395 2233 (Fol.
1412 2200 1444 2226 ‘28
1460 2200 1512 2231 vo.)

1734 2087 1823 2119 Rieu,
1839 2087 1853 2113 ’Ξ
1873 2087 1989 2113 octobre
2008 2086 2084 2114 1288.

1191 2298 1299 2326 Dilecto
1321 2296 1385 2332 filio
1405 2295 1497 2324 nobili
1522 2296 1588 2323 viro
1607 2293 1743 2322 Joltwtnl
1763 2294 1797 2321 cle
1822 2292 2006 2329 Colnmpna,
2028 2293 2160 2321 illarchie

1151 2350 1363 2379 Anchonitane
1378 2348 1499 2377 rectori.
1519 2358 1532 2373 α
1558 2345 1712 2384 Exposuit
1729 2345 1822 2375 nobis
1845 2345 1979 2375 dilectus
1998 2345 2084 2374 filius
2102 2354 2159 2374 no-

1152 2403 1224 2434 bilis
1246 2403 1295 2431 vir
1320 2400 1507 2440 Raynaldus
1529 2400 1568 2430 de
1596 2399 1748 2429 Falerone
1774 2399 1857 2437 quod
1879 2398 2004 2437 pridem
2027 2398 2160 2428 dilectus

1152 2456 1240 2486 filius
1256 2456 1303 2491 F„
1321 2454 1438 2484 electus
1454 2454 1659 2492 Yporieusis,
1680 2457 1754 2482 tunc
1771 2452 1998 2482 Ancbonitane
2018 2452 2161 2481 Marchie

1153 2514 1269 2544 rector,
1289 2507 1399 2537 volens
1416 2515 1582 2546 personam
1599 2506 1699 2544 ipsius
1723 2505 1841 2535 nobilis
1861 2505 2037 2544 specialiter
2055 2505 2159 2535 hono-

1155 2572 1235 2598 rare,
1253 2562 1313 2591 sibi
1327 2560 1530 2598 potestariam
1544 2559 1638 2588 castri
1655 2559 1912 2597 Ripetransonis,
1928 2558 2082 2587 Firmane
2092 2557 2160 2587 dio-

1154 2616 1253 2652 cesis,
1270 2624 1325 2653 per
1347 2622 1471 2643 annum
1491 2621 1604 2648 unum,
1622 2616 1714 2650 prout
1731 2612 1891 2651 spectabat
1907 2611 1946 2640 ad
1964 2620 2053 2647 eum,
2073 2610 2162 2639 duxit

1154 2669 1192 2699 (le
1217 2666 1346 2707 speciali
1369 2666 1471 2704 gratia
1488 2665 1741 2700 concedendam,
1760 2669 1845 2694 certo
1862 2664 1923 2693 sibi
1939 2664 2092 2702 premisso
2109 2672 2162 2692 sa-

1154 2722 1233 2751 lario
1255 2730 1309 2759 per
1324 2719 1467 2758 ejusdem
1483 2718 1578 2748 castri
1594 2717 1766 2756 syndicum
1789 2716 1976 2756 specialem,
1994 2716 2162 2754 dictusque

1156 2773 1287 2810 nobilis,
1308 2776 1426 2802 rectore
1451 2771 1518 2809 ipso
1538 2770 1573 2799 in
1590 2770 1656 2800 illis
1675 2770 1816 2808 partibus
1833 2769 2005 2805 existente,
2023 2768 2162 2798 exercuit

1156 2837 1210 2866 per
1231 2832 1291 2856 tres
1311 2833 1436 2854 menses
1453 2827 1482 2853 et
1499 2823 1639 2862 amplius
1661 2822 1807 2860 regimen
1825 2822 1903 2851 dicti
1926 2821 2030 2850 castri.
2049 2820 2112 2850 Sed
2130 2825 2161 2849 tu

1156 2881 1312 2920 prefatum
1329 2877 1469 2908 nobilem
1495 2877 1664 2915 potestaria
1687 2875 1820 2914 privasti
1839 2875 1996 2913 predicta,
2015 2882 2084 2903 eam
2107 2873 2164 2902 alii

1157 2930 1375 2968 coneedendo,
1400 2929 1435 2958 in
1461 2929 1529 2968 eJus
1550 2927 1766 2967 prejudicium
1793 2931 1822 2956 et
1848 2934 2030 2964 gravamen.
2059 2925 2164 2961 Quare

1159 2986 1298 3026 prefatus
1315 2982 1430 3014 nobilis
1450 2982 1540 3012 nobis
1557 2980 1726 3011 humiliter
1741 2979 1931 3019 supplicavit
1948 2983 1981 3008 ut
1998 2978 2164 3017 providere

1976 3044 2024 3071 1-22
