2393 3496
1 1595 5 1609 l

812 692 1319 758 APPENDICE
1372 694 1400 756 Ι

208 935 384 976 LETTRES
412 935 497 976 NON
524 926 842 983 ENREGISTREE&
874 933 1137 974 RECUEILLIES
1165 933 1275 974 DANS
1303 925 1556 974 DIFFERENTS
1584 924 1739 975 DEPOTS
1768 934 2014 976 D’ARCHIVES

135 1485 248 1514 ⁸234ss

101 1548 254 1577 Ecclesiam
270 1547 392 1574 Sanctae
408 1546 557 1572 Suzannac
577 1545 612 1572 de
635 1545 728 1578 Urbe,
746 1545 882 1572 cardinali
906 1549 1067 1577 carentem,

70 1597 114 1631 Β.,
128 1597 224 1624 Sancti
239 1596 348 1622 NIcolai
364 1596 393 1622 in
409 1595 530 1622 Cat-cere
544 1595 674 1621 Tulliano
690 1594 810 1621 diacono
827 1594 973 1625 cardinali,
990 1603 1070 1621 com-

70 1647 160 1675 mittit.
177 1646 306 1679 (Auem.
322 1645 434 1678 Varie„
451 1645 608 1671 Bullarizmz
623 1645 757 1677 yenerale,
775 1648 795 1670 t.
812 1643 835 1677 I⁷
854 1651 884 1670 n⁰
899 1644 937 1676 9.)

662 1482 776 1517 Latran,
794 1483 809 1509 8
825 1491 902 1509 mars
920 1483 996 1510 1288.

107 1750 256 1786 Nicotaus,
274 1749 425 1786 episcopus
438 1756 541 1776 servus
556 1755 714 1776 servorum
731 1747 792 1775 Dei.
811 1747 919 1776 Dilecto
938 1747 1002 1783 filio
1023 1747 1070 1783 Β.,

71 1802 169 1834 Sancti
182 1802 300 1832 Nicolai
315 1802 350 1831 in
367 1801 491 1830 Carcere
509 1800 650 1830 Tulliano
666 1799 790 1830 diacono
805 1800 973 1837 cardinali,
991 1801 1072 1829 salu-

73 1861 126 1887 tem
139 1860 165 1885 et
179 1855 375 1893 apostolicam
392 1854 636 1884 benedictionem.

109 1921 122 1937 α
138 1909 175 1939 In
190 1917 266 1947 agro
281 1908 450 1938 Domini...
467 1925 506 1930 —
522 1907 594 1937 Dat.
612 1907 773 1944 Laterani,
793 1916 848 1936 vm
866 1906 941 1937 idus
952 1907 1070 1944 martii,

70 1962 266 2002 pontificatus
283 1962 385 1992 nostri
400 1969 486 1991 anno
504 1960 617 2000 primo.
639 1972 651 1987 n

96 2102 99 2104 ’
137 2121 249 2149 τειιιτ

102 2181 281 2209 Confirmatio
304 2182 520 2217 privilegiorum
539 2181 643 2208 domus
663 2181 782 2207 militiae
799 2180 910 2216 Templi
930 2180 1072 2207 Jerosoli-

70 2231 173 2258 mitani.
190 2231 291 2265 (Anca.
307 2230 392 2266 Nun,
410 2230 442 2265 L,
459 2230 526 2265 274,
546 2231 581 2263 1.)

561 2118 768 2152 Saum-pierre,
788 2118 819 2145 12
834 2119 904 2145 avril
921 2118 999 2145 1288.

106 2334 224 2364 Dicet-tis
251 2335 326 2372 filiis
358 2356 379 2365 ..
410 2334 559 2372 maqistro
588 2339 614 2363 et
645 2334 796 2370 fratribus
825 2333 933 2362 domus
960 2333 1072 2362 militie

74 2388 182 2425 Templi
203 2388 457 2417 Jerosoltmitani.
477 2399 491 2414 «
509 2386 602 2424 Cum,
620 2387 701 2416 sicut
727 2395 762 2416 ex
789 2390 876 2425 parte
893 2389 998 2415 vestra
1013 2385 1074 2415 fuit

70 2439 261 2478 propositum
278 2448 385 2470 coram
401 2439 510 2478 nobis,
531 2448 586 2469 vos
601 2443 631 2469 et
646 2439 883 2478 predecessores
899 2438 996 2468 vestri
1016 2437 1073 2477 qui

71 2491 197 2523 fuerunt
218 2502 274 2533 pro
297 2498 437 2533 tempore
463 2493 658 2533 quibusdam
677 2492 860 2531 privilegiis
878 2496 908 2522 et
930 2491 1002 2522 aliis
1021 2492 1073 2521 in-

70 2544 240 2584 dulgentiis
259 2556 278 2577 a
301 2546 577 2586 predecessoribus
602 2545 719 2576 nostris
742 2545 885 2575 romanis
911 2544 1073 2584 pontifici-

18 2640 21 2643 γ
70 2597 127 2629 bus
150 2598 257 2629 domui
279 2603 384 2630 vestre
406 2599 564 2629 concessis
586 2608 642 2637 per
667 2597 907 2637 simplicitatem
934 2601 964 2627 et
990 2597 1073 2636 juris

70 2650 280 2690 ignorantiam
299 2653 348 2682 usi
367 2661 432 2683 non
448 2652 574 2682 fueritis
594 2652 788 2691 temporibus
807 2651 986 2689 retroactis,
1003 2659 1072 2688 nos,

71 2704 178 2735 vestris
202 2705 489 2745 supplicationibus
515 2704 682 2741 inclinati,
712 2705 826 2735 domus
853 2704 996 2743 ejusdem
1021 2703 1073 2733 in-

72 2756 256 2798 dempnitati
278 2758 422 2789 volentes
450 2759 659 2798 imposterum
684 2767 869 2797 precavere,
897 2757 1008 2788 utendi
1035 2757 1075 2787 de

71 2811 183 2851 (ποίει-[ο
198 2811 329 2851 eisdem]
349 2812 526 2851 privilegiis
545 2817 575 2842 et
589 2812 816 2850 indulgentiis,
835 2811 1011 2842 dummodo
1029 2811 1074 2841 eis

71 2871 135 2895 non
150 2865 190 2895 sit
200 2874 255 2904 per
265 2866 529 2905 prescriptionem
540 2865 591 2896 vel
601 2866 680 2896 alias
693 2865 835 2904 legitime
849 2865 909 2905 [de]
916 2869 1072 2903 rogatum,

71 2918 252 2949 auctoritate
286 2919 377 2949 vobis
408 2919 608 2958 presentium
640 2919 844 2949 concedimus
879 2918 1072 2948 facultatem.

72 2968 162 3000 Nulli
176 2980 286 3010 ergo...
305 2972 340 3003 Si
355 2973 466 3012 quis...
485 2973 557 3002 Dat.
582 2972 702 3010 Rome,
726 2972 810 3011 apud
832 2972 987 3002 Sanctum
1012 2971 1075 3001 Pe-

73 3025 166 3061 trum,
184 3034 205 3054 11
221 3025 292 3056 idus
311 3025 433 3064 aprilis,
452 3025 655 3064 pontificatus
670 3026 772 3056 nostri
788 3033 874 3055 anno
890 3024 1004 3064 primo.
1027 3035 1042 3050 »

1227 1481 1252 1509 '2
1257 1480 1344 1509 348

1190 1543 1373 1570 Confirmatio
1395 1542 1611 1578 privilegiorum
1632 1543 1799 1570 monasterii
1822 1543 1919 1571 Sancti
1935 1543 2063 1572 Victoris
2084 1544 2167 1571 Pari-

1155 1592 1272 1620 siensis.
1288 1592 1390 1625 (Anca.
1406 1591 1491 1623 Nun,
1509 1590 1540 1626 L,
1558 1591 1619 1623 27⁴,
1636 1592 1674 1624 2.)

1658 1479 1862 1513 Saint-Pierre,
1881 1480 1912 1507 *27
1929 1481 1999 1507 avril
2016 1481 2094 1509 1288.

1195 1696 1315 1724 Dileccis
1341 1695 1417 1732 filiis
1443 1717 1462 1724 ..
1490 1694 1591 1723 abbati
1615 1699 1642 1724 et
1667 1695 1830 1724 conventui
1856 1696 2036 1725 monasterii
2061 1695 2168 1726 Sancti

1161 1748 1286 1778 Victoris
1301 1748 1496 1777 Pam‘stensts.
1519 1758 1532 1773 ιι
1553 1745 1640 1777 Solet
1656 1755 1800 1777 annuere
1817 1747 1906 1777 sedes
1919 1747 2091 1787 apostolica
2106 1749 2167 1788 piis

1156 1802 1238 1831 votis
1254 1805 1284 1831 et
1299 1800 1442 1830 honestis
1459 1800 1638 1838 petentium
1658 1800 1804 1839 precibus
1824 1800 1966 1831 favorem
1980 1801 2169 1833 benivolum

1156 1855 1326 1894 impertiri.
1345 1854 1390 1884 Ea
1404 1857 1542 1893 propter,
1561 1853 1669 1884 dilecti
1682 1854 1715 1883 in
1735 1854 1874 1885 Domino
1890 1854 1961 1892 filii,
1978 1856 2168 1895 vestrisjus—

1158 1908 1196 1938 tis
1221 1907 1489 1946 postulationibus
1514 1910 1604 1945 grato
1629 1912 1855 1938 concurrentes
1880 1917 2031 1946 assensu,
2055 1918 2169 1940 omnes

1156 1961 1317 1992 libertates
1341 1965 1371 1991 et
1396 1960 1618 1991 immunitates
1643 1970 1662 1991 a
1683 1962 1961 2000 predecessoribus
1979 1963 2098 1993 nostris
2114 1972 2169 1995 ro-

1157 2015 1261 2045 manis
1280 2014 1505 2053 pontificibuS,
1528 2014 1594 2044 sive
1616 2023 1672 2053 per
1697 2015 1865 2053 privilegia
1887 2024 1943 2046 seu
1961 2016 2039 2046 alias
2059 2017 2170 2048 indul-

1157 2068 1296 2106 gentias,
1322 2067 1411 2097 vobis
1432 2071 1463 2097 et
1488 2068 1684 2098 monasterio
1709 2072 1812 2099 vestro
1835 2077 2016 2108 concessam,
2041 2079 2169 2102 necnon

1156 2121 1318 2151 libertates
1334 2125 1364 2150 et
1384 2121 1600 2159 exemptiones
1623 2120 1804 2151 secularum
1827 2123 2030 2152 exactionum
2047 2133 2064 2153 a
2082 2125 2167 2162 regi-

1156 2175 1215 2204 bus
1236 2179 1266 2204 et
1289 2174 1489 2213 principibus
1506 2183 1543 2204 ac
1558 2173 1632 2204 aliis
1656 2174 1778 2205 Christi
1795 2175 1945 2206 fidelibus
1962 2177 2169 2207 racionabili-

1158 2232 1203 2257 ter
1221 2227 1311 2258 vobis
1332 2227 1491 2262 indultas,
1515 2227 1597 2257 sicut
1618 2236 1671 2257 eas
1688 2228 1774 2267 juste
1797 2232 1827 2258 et
1848 2229 1980 2267 pacifice
1999 2230 2168 2268 obtinetis,

1156 2281 1246 2311 vobis
1262 2285 1293 2311 et
1308 2290 1363 2319 per
1379 2289 1433 2311 vos
1455 2281 1559 2311 eidem
1581 2282 1776 2312 monasterio
1798 2283 1983 2313 auctoritate
1996 2283 2169 2322 apostolica

1156 2333 1385 2363 confirmamus
1398 2337 1428 2363 et
1440 2333 1595 2372 presentis
1608 2334 1717 2373 scripti
1727 2335 1903 2373 patrocinio
1914 2336 2168 2367 communimus.

1157 2385 1249 2416 Nulli
1267 2394 1380 2424 ergo...
1399 2386 1431 2416 Si
1447 2386 1519 2425 quis
1534 2390 1680 2416 autem...
1698 2387 1769 2416 Dat.
1789 2388 1902 2425 Rome,
1915 2388 2000 2427 apud
2016 2388 2171 2419 Sanctum

1157 2440 1308 2476 Petrum,
1343 2449 1362 2468 v
1390 2439 1545 2469 kalendas
1578 2440 1679 2477 maii,
1711 2440 1914 2480 pontificatus
1945 2443 2047 2472 nostri
2084 2451 2170 2473 anno

1157 2493 1270 2531 primo.
1291 2504 1304 2518 n

1231 2651 1346 2679 '7349
1807 2652 1893 2684 Rieti,
1910 2653 1925 2680 8
1937 2654 2002 2688 juin
2021 2653 2098 2681 1288.

1194 2712 1236 2739 De
1253 2713 1335 2740 bonis
1356 2714 1521 2740 monasterii
1538 2713 1573 2740 de
1588 2713 1770 2747 Farvachiis,
1789 2714 1995 2742 NovIomensis
2012 2716 2168 2751 dioecesis,

1159 2762 1372 2797 recuperandis.
1389 2762 1491 2796 (Aaou.
1509 2762 1593 2797 Nina,
1611 2762 1643 2797 L,
1660 2763 1722 2795 274,
1741 2763 1779 2796 3.)

1200 2864 1307 2893 Dilecto
1322 2864 1386 2900 filio
1405 2887 1424 2893 ..
1444 2866 1545 2901 priori
1560 2865 1665 2894 Sancti
1680 2866 1783 2904 Eqidz't‘
1799 2866 1832 2894 de
1845 2866 1967 2896 Publz‘co
1978 2867 2086 2902 Monte,
2104 2867 2170 2896 Leo-

1159 2918 1272 2947 dt'ensis
1285 2918 1419 2946 diocesis.
1441 2929 1454 2944 α
1472 2917 1670 2948 Dilectarum
1685 2918 1719 2947 in
1736 2918 1862 2948 Christo
1878 2918 2020 2949 filiarum
2038 2942 2059 2948 ..
2076 2919 2170 2949 abba-

1160 2970 1234 3000 tisse
1248 2975 1278 2999 et
1293 2973 1470 3000 conventus
1484 2971 1672 3001 monasterii
1683 2971 1722 3001 de
1735 2971 1933 3008 Farvacbiis,
1949 2971 2171 3002 Cisterciensis

1159 3022 1298 3058 ordinis,
1319 3023 1545 3053 Noviomensis
1560 3023 1715 3061 diocesis,
1740 3024 1886 3063 precibus
1910 3024 2079 3063 inclinati,
2099 3034 2170 3064 pre-
