2393 3496
227 334 302 364 uno
875 328 1012 358 TABLE
1036 314 1370 360 ALPHABssTffQUE
1394 324 1669 356 DESINCIPYR

226 401 278 431 Ad
294 399 450 430 sedandas
469 397 650 436 questiones
666 396 755 433 5791,
776 396 863 425 5792.

225 452 274 484 Ad
290 456 407 482 statum
424 450 562 480 civitatis
579 448 667 485 7140,
685 448 774 477 7141.

225 505 277 536 Ad
294 509 411 534 statum
428 502 597 541 pacificum
614 501 662 537 64,
686 501 771 530 1772.

225 558 275 589 Ad
293 562 407 587 statum
426 563 611 594 prosperum
632 554 716 583 1998.

225 611 275 642 Ad
292 615 408 640 statum
426 608 519 646 regni
533 607 622 638 4398.

225 664 276 694 Ad
295 662 467 693 tollendam
484 669 613 691 omnem
630 659 699 689 910.

224 717 274 748 Ad
294 721 380 746 tuam
397 715 557 744 credimus
576 713 665 750 4323,
683 713 772 743 4324.

225 770 275 800 Ad
295 774 381 799 tuam
396 767 442 797 fili
462 767 644 797 1652-1655.

226 823 276 853 Ad
294 828 381 851 tuam
398 820 547 851 volumus
564 820 652 853 2529,
671 819 759 856 2530,
780 818 868 856 4388,
889 818 978 857 6973,
997 817 1084 848 7173.

223 876 275 906 Ad
292 879 344 905 tue
362 873 607 913 supplicationis
623 873 712 903 5168.

225 929 276 959 Ad
304 926 496 958 universalis
518 926 651 956 ecclesie
674 926 776 962 78-81,
803 925 945 961 125-130,
971 924 1116 959 337-340,
1142 922 1235 953 1528-

828 978 1014 1014 2458-2462,
1045 976 1232 1013 2703-2705,

264 1035 449 1071 3007-3010,
481 1034 576 1071 3265,
610 1032 797 1068 3268-3270,
829 1030 1012 1066 3357-3361,
1045 1029 1233 1066 3397-3401,

265 1088 447 1124 3775-3777,
479 1087 672 1121 4077-4081,
704 1085 894 1120 4963-4968,
927 1084 1112 1119 5082-5087,
1143 1083 1233 1119 5288,

267 981 353 1018 1532,
390 980 581 1017 1744-1750,
612 979 796 1016 2433-2437,

264 1142 352 1179 5289,
371 1141 459 1177 6270,
478 1139 661 1170 6499-6503.

224 1195 274 1226 Ad
291 1195 459 1225 universas
474 1193 560 1224 orbis
576 1192 760 1222 2750-2754.

223 1248 274 1279 Ad
292 1247 537 1278 universitatem
558 1250 695 1275 vestram
712 1243 895 1275 3863—3866.

223 1302 274 1332 Ad
291 1306 427 1331 vestram
448 1299 608 1330 credimus
624 1298 711 1329 4325.

224 1355 337 1394 Adjuti
353 1354 477 1384 meritis
494 1353 620 1392 proprie
635 1352 724 1390 6132,
743 1351 829 1388 6133,
848 1351 937 1388 6504,
956 1351 1044 1382 6505.

223 1409 360 1447 Adjutos
376 1408 530 1437 virtutum
548 1406 672 1436 meritis
689 1406 777 1436 4110.

224 1461 458 1492 Admirationis
476 1469 539 1490 non
556 1459 691 1497 indigne
707 1459 795 1489 7286.

224 1514 403 1545 Affectione
420 1518 552 1553 paterna
568 1513 747 1552 recepimus
765 1511 853 1549 7050,
869 1511 956 1542 7593.

224 1568 403 1598 Affectione
419 1566 529 1606 plenas
547 1571 578 1596 et
592 1566 681 1597 7057.

225 1622 348 1652 Affectu
365 1619 511 1650 benivolo
526 1624 602 1649 suut
617 1619 685 1656 357,
706 1619 790 1649 1812.

226 1675 349 1705 Affectu
368 1678 443 1703 sunt
458 1673 654 1703 admittende
671 1673 739 1709 300,
757 1672 826 1710 301,
844 1672 932 1710 5622,
951 1672 1039 1702 5689.

225 1728 397 1759 Affluentis
415 1726 594 1757 devotionis
609 1727 736 1762 affectu,
755 1727 843 1756 2228.

225 1779 345 1820 Aliqua
362 1784 544 1810 sanctornm
564 1785 687 1818 patrum
705 1779 773 1814 225,
792 1779 860 1809 226.

224 1836 398 1865 Ammonet
416 1842 473 1863 nos
492 1832 642 1871 injuncti,
663 1832 846 1869 1783-1787,
865 1832 953 1862 2451.

224 1889 400 1917 Ammonet
418 1896 474 1916 nos
491 1887 627 1925 suscepti
645 1887 733 1915 2947.

224 1941 326 1979 Angit
342 1950 394 1970 cor
411 1945 554 1970 nostrum
575 1940 662 1969 2087.

224 1994 324 2032 Angit
342 2002 399 2023 nos
418 2002 494 2023 cura
509 1993 597 2030 5177,
618 1993 707 2022 5178.

224 2049 420 2078 Animarum
437 2046 572 2076 salutem
589 2055 625 2076 ex
643 2046 711 2083 511,
733 2046 818 2076 1085.

223 2103 308 2131 Ante
328 2100 480 2130 thronum
495 2099 604 2129 divine
625 2100 693 2135 468,
715 2100 800 2136 1709,
822 2099 908 2135 1742,
931 2099 1017 2136 1743,
1039 2099 1125 2137 1881,
1143 2099 1232 2136 2027,

263 2154 351 2188 2815,
371 2153 459 2189 5142,
478 2153 566 2189 5212,
585 2153 673 2190 5225,
691 2153 780 2187 5415,
799 2152 887 2188 5574,
907 2152 996 2189 6240,
1014 2152 1103 2182 6260.

223 2206 427 2246 Apostolatus
445 2206 585 2236 officium
603 2215 788 2245 quanquam
806 2205 950 2236 724-730.

222 2260 405 2300 Apostolica
421 2259 565 2290 doctrina
582 2259 734 2289 docemur
754 2259 840 2289 1132.

222 2313 403 2353 Apostolice
420 2313 504 2342 sedis
523 2312 629 2352 ampla
649 2312 733 2342 1991.

221 2367 403 2407 Apostolice
422 2366 507 2396 sedis
522 2366 706 2404 benignitas
727 2366 763 2395 26
775 2391 782 2403 ,
800 2366 857 2397 363
871 2389 879 2403 ,
900 2366 973 2405 423,
988 2365 1057 2403 769,
1075 2365 1144 2403 821,
1164 2365 1233 2403 835,

261 2420 331 2457 980,
348 2420 417 2456 981,
435 2420 504 2456 984,
523 2419 590 2456 985,
612 2419 698 2457 1063,
721 2419 1232 2458 1080,1086,1114,1221‚1222,

265 2474 353 2508 1624,
376 2473 463 2509 1866,
486 2473 572 2509 1927,
593 2473 683 2511 1928,
704 2473 797 2511 2401,
816 2473 905 2511 2773,
923 2474 1016 2511 2831,
1033 2473 1125 2511 2979,
1144 2474 1234 2512 3016,

262 2527 352 2563 3315,
370 2526 459 2562 3524,
478 2525 566 2563 3616,
586 2526 676 2564 4021,
694 2527 790 2567 4022,
806 2527 900 2563 4075,
918 2527 1013 2564 4606,
1031 2526 1126 2564 4655,
1144 2526 1232 2563 4656,

263 2581 351 2615 4962,
370 2579 460 2615 5172,
478 2579 566 2616 5229,
587 2578 675 2616 5230,
694 2578 787 2617 5391,
806 2579 897 2617 5392,
915 2579 1012 2615 5482,
1031 2579 1123 2617 5483,
1143 2579 1232 2616 5561,

262 2632 782 2670 5585,5973‚6098,7101,7370.

222 2686 403 2727 Apostolice
419 2686 505 2716 sedis
521 2686 751 2724 circumspecta
767 2687 861 2725 2263,
882 2686 972 2718 3107.

222 2739 402 2780 Apostolice
418 2739 502 2769 sedis
518 2743 669 2769 consueta
686 2739 774 2770 4189.

222 2793 403 2833 Apostolice
420 2792 504 2822 sedis
521 2791 726 2831 providentia
744 2792 832 2829 2031,
850 2792 939 2823 2032.

221 2846 401 2887 Apostolice
417 2845 650 2875 sollicitudinis
667 2845 808 2875 studium
825 2845 975 2882 341-346,
997 2846 1144 2883 471-475,
1163 2845 1232 2883 722,

261 2901 330 2931 723.

222 2953 449 2993 Apostolorum
467 2952 568 2992 gloria
586 2952 672 2982 inter
691 2952 777 2989 1630,
796 2953 884 2991 2991,
901 2952 989 2983 6203.

222 3009 447 3050 Apostolorum
468 3008 614 3047 princeps
632 3008 744 3038 Petrus
764 3007 851 3038 4539.

1317 391 1486 430 Assumpti
1502 399 1604 430 nuper
1619 391 1659 421 ad
1681 392 1726 421 15.

1316 444 1482 482 Assumpti
1499 444 1645 482 quamvis
1662 444 1819 474 immeriti
1834 443 2019 473 2005-2007.

1316 496 1455 527 Attende
1471 496 1517 526 fili
1534 501 1564 527 et
1578 496 1647 534 738,
1668 497 1755 533 1177,
1776 496 1864 526 4296.

1316 551 1495 581 Attendens
1514 559 1578 581 non
1596 551 1759 589 incognite
1774 551 1842 581 649.

1316 605 1528 636 Attendentes
1546 604 1720 642 benignius
1736 612 1851 643 magne
1870 602 1956 637 1938,
1972 602 2061 633 6370.

1315 658 1528 689 Attendentes
1543 657 1716 695 benignius
1732 656 1815 695 quod
1832 655 1900 686 798.

1317 711 1529 742 Attendentes
1544 719 1661 748 magne
1677 709 1854 740 devotionis
1873 708 2052 739 2578-2590.
2374 724 2377 744 1

1317 764 1528 794 Attendentes
1544 763 1682 803 qualiter
1699 762 1832 793 ecclesia
1848 760 1936 792 6099.

1318 818 1529 848 Attendentes
1544 817 1628 856 quod
1643 816 1781 846 civitatis
1799 816 1888 846 7087.

1317 871 1529 902 Attendentes
1546 870 1629 909 quod
1646 870 1758 900 fratres
1776 869 1865 899 4279.

1317 924 1528 955 Attendentes
1545 923 1629 962 quod
1646 932 1701 962 per
1717 922 1805 959 6915,
1826 922 1915 952 6916.

1317 978 1527 1009 Attendentes
1541 977 1626 1016 quod
1645 980 1709 1006 tam
1724 976 1814 1014 7142,
1834 975 1922 1006 7143.

1317 1031 1481 1062 Attendite
1498 1031 1609 1060 fratres
1627 1034 1658 1060 et
1676 1029 1764 1059 2028.

1319 1140 1434 1169 Beatus
1458 1138 1582 1168 Blasius
1597 1138 1665 1176 agri
1682 1137 1770 1166 4988.

1318 1191 1455 1230 Beuigni
1472 1190 1687 1230 promptitudo
1707 1190 1825 1220 favoris
1841 1189 1929 1219 6097.

1319 1245 1506 1284 Benignitas
1524 1244 1608 1274 alme
1625 1244 1737 1273 matris
1754 1243 1843 1273 2245.

1318 1299 1464 1337 Benigno
1479 1302 1554 1328 sunt
1569 1298 1625 1328 illa
1642 1298 1729 1334 2822,
1748 1296 1836 1334 2483,
1856 1295 1944 1327 6375.
2115 1336 2119 1337 .

1319 1353 1465 1391 Benigno
1483 1356 1558 1382 sunt
1574 1352 1631 1382 tibi
1652 1351 1737 1387 1754,
1755 1350 1844 1387 2038,
1862 1350 1951 1387 4207,
1969 1349 2059 1387 4787,
2077 1347 2166 1386 5339,
2183 1347 2270 1379 6318.
2327 1358 2330 1361 ·

1319 1406 1465 1444 Benigno
1483 1405 1540 1435 tibi
1559 1404 1615 1434 illa
1630 1404 1719 1441 2792,
1740 1403 1829 1435 2793.

1318 1460 1465 1498 Benigno
1483 1459 1538 1488 tibi
1550 1458 1705 1494 sunt814,
1723 1457 1807 1494 1249,
1824 1456 2012 1494 1330,1409,
2029 1455 2116 1493 1448,
2134 1453 2318 1494 1729,1892¹

1356 1514 1445 1551 2156,
1463 1512 1552 1549 2376,
1568 1513 1657 1549 2602,
1675 1511 1764 1548 2612,
1781 1511 1874 1548 2669,
1892 1510 1988 1548 2804,
2007 1509 2102 1548 3278,
2118 1507 2214 1546 3290,
2233 1506 2318 1547 4434,

1357 1566 1445 1603 4435,
1464 1567 1552 1603 4722,
1572 1565 1662 1602 5078,
1681 1565 1770 1603 5117,
1788 1564 1877 1601 5211,
1897 1563 1990 1601 5773,
2011 1562 2104 1600 5774,
2123 1560 2217 1599 5823,
2234 1559 2318 1600 5924,

1357 1620 1445 1650 6650.

1318 1675 1407 1705 Bone
1424 1674 1579 1705 memorie
1599 1674 1635 1703 B.
1654 1672 1744 1704 5965.

1317 1781 1471 1821 Captione
1486 1790 1522 1811 ae
1538 1781 1721 1811 detentione
1736 1780 1825 1810 7588.

1318 1835 1492 1866 Carissime
1507 1834 1542 1864 in
1559 1834 1687 1865 Christo
1703 1834 1790 1864 5785.

1318 1888 1485 1919 Carissimi
1504 1888 1537 1918 in
1556 1887 1684 1918 Christo
1705 1886 1792 1916 1095.

1317 1942 1492 1972 Carissimo
1510 1942 1545 1971 in
1559 1941 1687 1971 Christo
1707 1940 1793 1977 1354,
1811 1938 1996 1969 6699-6701.

1317 1995 1530 2027 Carissimum
1547 1995 1579 2024 in
1596 1994 1723 2025 Christo
1741 1994 1831 2023 7015.

1316 2049 1509 2080 Carissimus
1525 2050 1558 2078 iu
1577 2048 1704 2079 Christo
1719 2047 1806 2084 3677,
1825 2046 1914 2077 4426.

1316 2103 1413 2134 Carit.
1427 2103 1466 2132 tis
1481 2111 1576 2141 opera
1591 2102 1708 2141 quibus
1725 2101 1813 2132 2302.

1316 2156 1435 2187 Celesti
1451 2164 1566 2195 sponso
1582 2155 1633 2186 cui
1652 2154 1833 2184 1207-1209.

1317 2209 1449 2240 Celestis
1467 2208 1601 2239 altitudo
1619 2208 1758 2248 potentie
1776 2208 1866 2237 2217.

1317 2262 1550 2294 Celsitudinem
1568 2262 1690 2300 regiam
1707 2270 1743 2292 eo
1761 2261 1830 2291 279.

1317 2316 1553 2347 Celsitudinem
1569 2316 1690 2354 regiam
1711 2315 1836 2354 spetiali
1858 2313 1944 2352 1502,
1964 2312 2050 2343 1503.

1317 2369 1551 2401 celsitudinem
1567 2370 1690 2407 regiam
1709 2378 1804 2408 super
1821 2368 1890 2398 456.

1317 2423 1529 2454 Celsitudinis
1545 2423 1631 2462 regie
1648 2423 1786 2452 libenter
1801 2421 1870 2452 932.

1318 2476 1527 2507 Celsitudinis
1540 2476 1626 2514 regie
1643 2475 1790 2515 precibus
1809 2474 1894 2504 1056.

1317 2529 1530 2560 Celsitudinis
1546 2532 1598 2559 tue
1614 2529 1761 2568 precibus
1780 2528 1848 2565 374,
1868 2527 1936 2558 376.

1317 2583 1420 2614 Certis
1437 2591 1539 2622 nuper
1555 2581 1793 2620 emergentibus
1812 2580 1900 2611 6736.

1316 2636 1408 2666 Circa
1423 2635 1545 2666 cultum
1561 2635 1716 2665 virtutum
1734 2634 1804 2664 862.

1317 2690 1408 2720 Circa
1424 2689 1528 2720 cultus
1546 2689 1700 2719 virtutum
1719 2688 1786 2718 ¹164.

1316 2743 1408 2773 Circa
1426 2751 1535 2773 curam
1554 2741 1762 2772 ecclesiarum
1778 2740 1959 2771 3369-3376.

1316 2795 1408 2826 Circa
1426 2804 1536 2826 curam
1559 2794 1776 2834 quarumlibet
1797 2793 1872 2831 956,
1891 2794 1982 2831 1252,
2003 2791 2098 2830 2053,
2116 2790 2211 2829 2054,
2227 2788 2316 2826 2155,

1356 2849 1444 2886 2477,
1463 2848 1551 2884 2478,
1572 2847 1666 2886 2526,
1685 2848 1773 2885 2527,
1793 2847 1890 2884 5726,
1906 2847 1995 2884 5727,
2017 2845 2106 2884 5840,
2127 2843 2215 2882 5841,
2231 2839 2314 2878 6109,

1356 2901 1444 2931 6110.

1316 2955 1407 2985 Circa
1426 2954 1622 2984 dirimendas
1640 2954 1710 2984 lites
1730 2954 1818 2985 2962.

1315 3008 1407 3038 Circa
1424 3008 1573 3038 ecclesias
1589 3012 1619 3038 et
1634 3008 1722 3038 5763.
