2393 3496
684 346 821 376 TABLE
843 335 1176 381 ALPHABF'JTIQUE
1199 344 1278 374 DES
1301 345 1418 376 NOMS
1441 345 1646 377 PROPRES.
2138 347 2214 378 1197

50 419 55 422 ·
115 410 280 441 Johannes
297 410 335 439 de
352 410 507 448 Lendiga,
526 411 672 448 clericus,
692 413 845 442 Metensis
861 413 891 442 d.
909 413 1014 441 2702.-

115 462 281 493 Johannes
300 463 470 498 Leonardi‚
491 464 570 493 civis
588 465 747 494 Vestanus
766 466 854 495 5111.

116 515 282 545 Johannes
298 515 336 545 de
353 515 461 553 Ligni,
479 517 657 546 monachus
674 527 761 547 mon.
781 518 812 548 S.
832 519 980 548 Andreae
995 519 1029 548 in
1048 517 1126 548 Cas-

158 568 244 604 tello,
264 567 505 598 Cameracensis
521 569 550 598 d.
571 569 660 599 3192.

116 621 283 651 Johannes
307 622 345 651 de
369 622 471 657 Luco,
495 623 669 652 canonicus
699 623 934 653 Londouiensis
959 624 1031 659 212,
1050 622 1125 660 236,

157 674 226 710 242,
245 674 313 711 250,
332 674 400 709 657,
419 674 507 704 4011.

117 727 282 758 Johannes
300 728 490 763 Macearius‚
512 728 708 764 Macharffls,
730 729 901 759 familiaris
918 739 1014 769 papae
1030 729 1126 766 70383

157 798 196 802 —
212 780 353 810 familiae
370 789 467 819 papae
483 780 697 811 marescalcus
713 782 801 818 7340,
819 782 906 812 7342.

118 833 285 864 Johannes
303 834 416 871 Major,
433 833 555 863 archid.
576 834 767 864 Tuamensis
785 835 868 864 1028.

119 886 286 917 Johannes
303 887 473 916 Mancinus
492 886 580 916 3467.

119 940 286 971 Johannes
305 940 436 976 Maron,
455 943 556 970 rector
579 948 626 969 ec.
652 940 683 969 S.
711 940 858 979 Georgii,
884 941 1077 971 Pictavensis
1095 941 1125 971 d.

160 993 248 1023 3795.

118 1047 285 1077 Johannes
303 1046 454 1083 Martini,
476 1046 650 1076 canonicus
666 1046 925 1082 Colimhriensis,
946 1051 1128 1085 procurator

158 1099 241 1137 regis
265 1098 469 1137 Portugaliae
488 1099 558 1136 457,
577 1099 651 1135 716,
677 1100 753 1136 7173
774 1104 925 1129 —rector
946 1108 990 1130 ec.
1014 1100 1045 1129 S.
1066 1101 1127 1130 Mi·

157 1151 276 1182 chaelis
299 1152 337 1182 de
354 1154 460 1189 Auco,
487 1152 734 1182 Colimbriensis
750 1153 781 1182 d.
800 1153 877 1189 772;
895 1169 935 1175 —
955 1154 1128 1183 canonicus

159 1205 389 1236 Ulixbouensis
417 1206 511 1241 17273
530 1223 567 1226 —
592 1205 796 1235 consiliarius
821 1206 904 1243 regis
924 1206 1126 1243 Portugaliae

160 1259 247 1296 1727,
268 1258 357 1288 5768.

117 1312 283 1344 Johannes
298 1313 337 1342 de
360 1312 392 1342 S.
415 1313 570 1347 Martino,
592 1317 695 1342 rector
712 1321 756 1342 66.
777 1313 814 1342 (16
838 1313 1001 1349 Becstede,
1022 1313 1126 1343 (31665-

157 1365 274 1394 1160515
288 1365 319 1394 (1.
338 1365 426 1401 4692,
446 1364 537 1395 6013.

115 1418 282 1448 Johannes
300 1418 453 1455 Mathaei,
471 1423 575 1448 rector
593 1427 637 1448 ec.
657 1418 689 1449 S.
710 1419 856 1448 Manietis
873 1419 910 1448 de
930 1419 1125 1457 Megadorio,

159 1471 389 1501 Bracharensis
405 1471 436 1500 d.
455 1471 544 1501 6283.

118 1525 284 1555 Johannes
303 1524 454 1561 Mathaei,
477 1525 555 1554 civis
570 1524 794 1554 Anconitanus
812 1525 900 1554 7047.

119 1578 285 1609 Johannes
300 1578 338 1608 de
355 1577 557 1614 Mediavalle,
570 1578 744 1607 canonicus
761 1586 805 1608 ec.
823 1578 852 1608 S.
871 1578 960 1607 Pauli
981 1578 1128 1608 Leodien-

110 1658 112 1661 .
161 1633 205 1662 sis
225 1632 309 1661 1641.

121 1684 287 1715 Johannes
303 1684 341 1714 de
361 1684 484 1720 Melim,
501 1685 681 1723 presbyter,
697 1683 934 1714 Cameracensis
950 1685 980 1715 d.
999 1685 1086 1714 4066.

121 1737 287 1768 Johannes
299 1737 424 1774 Melior,
442 1738 617 1767 canonicus
634 1736 666 1766 S.
686 1737 835 1767 Andreae
847 1737 885 1767 de
896 1737 1023 1767 Verulis
1040 1738 1124 1767 4247.

121 1790 287 1821 Johannes
303 1791 406 1821 dictus
423 1791 613 1821 Monachus.
631 1790 678 1820 Cf.
696 1791 852 1820 ci-dessus
873 1791 1053 1828 Johannes,
1075 1792 1128 1821 (16-

161 1854 260 1875 canus
276 1845 470 1883 Bajocensis.
679 1879 683 1881 .

121 1898 288 1929 Johannes
304 1898 344 1928 de
363 1898 617 1935 Montecorvino,
636 1898 674 1927 sr.
694 1898 774 1926 min.
795 1898 882 1934 2218,
903 1898 989 1927 2241.

121 1953 287 1984 Johannes
306 1954 344 1983 de
361 1954 543 1984 Montesorti
561 1954 650 1984 7215.

120 2007 289 2037 Johannes
311 2007 349 2036 de
373 2007 620 2046 Montejustino,
641 2007 815 2037 canonicus
833 2006 1023 2036 Bisuutinus
1040 2006 1127 2036 4159.

101 2049 286 2090 ‘Johannes
303 2060 340 2089 de
366 2060 547 2096 Montibus,
565 2064 667 2090 rector
685 2069 730 2090 ec.
759 2060 790 2090 S.
811 2059 955 2089 Gildardi
975 2059 1013 2088 de
1036 2059 1128 2088 Beri-

160 2123 278 2152 gneyo,
298 2114 485 2153 Bajocensis
502 2114 532 2143 d.
553 2114 642 2143 5065.

119 2167 287 2197 Johannes
304 2167 342 2197 de
360 2168 455 2204 Mota,
476 2167 687 2197 scholasticus
707 2167 935 2198 Nannetensis.
956 2167 1129 2196 canonicus

163 2221 363 2251 Redonensis
380 2221 448 2257 267,
467 2221 536 2251 268.

120 2275 286 2304 Johannes
304 2275 343 2304 de
360 2275 482 2311 Murro,
505 2275 543 2304 fr.
562 2275 643 2304 min.
661 2274 749 2308 7058,
768 2274 856 2310 7195,
873 2273 964 2303 7213.

121 2327 288 2358 Johannes
308 2328 411 2358 dictus
428 2329 584 2365 Muscata,
602 2328 723 2358 archid.
743 2327 1018 2358 Wratislaviensis
1037 2326 1128 2355 7084-

163 2381 252 2412 7086.

121 2434 287 2464 Johannes
303 2434 342 2463 de
358 2433 508 2469 Nalwoe,
524 2435 698 2464 canonicus
710 2433 920 2472 Trajectensis
935 2432 1021 2466 4000,
1041 2431 1128 2462 4987.

122 2487 288 2517 Johannes
307 2487 346 2517 de
362 2487 546 2526 Navilleyo,
564 2487 764 2524 domicellus,
785 2486 973 2516 Bisuntinae
992 2484 1020 2515 d.
1040 2484 1128 2513 5457.

121 2541 288 2571 Johannes
303 2541 342 2570 de
360 2541 518 2579 Neyraco,
538 2541 761 2571 Ruthenensis
775 2540 805 2569 (1.
826 2540 914 2569 6311.

121 2594 287 2624 Johannes
306 2594 433 2624 Nicolai
447 2595 486 2623 de
501 2595 677 2628 Guarciuo,
692 2595 802 2630 laicus,
818 2592 984 2622 Alatrinae
996 2591 1026 2621 (1.
1043 2590 1128 2620 1190.

120 2647 289 2677 Johannes
307 2647 347 2677 de
366 2647 472 2685 Niele‚
494 2648 639 2682 clericus,
658 2646 894 2677 Londoniensis
909 2645 939 2674 d.
961 2644 1049 2674 5228.

122 2699 288 2730 Johannes
307 2700 345 2730 de
361 2701 512 2730 Nuenare
529 2700 619 2730 2140.

122 2752 289 2783 Johannes
309 2753 348 2782 de
365 2752 570 2791 Oculopactio
589 2752 678 2783 3467.

122 2805 289 2835 Johannes
305 2805 469 2843 Origonis,
491 2810 646 2835 mercator
668 2806 732 2835 151.

123 2857 292 2887 Johannes
305 2858 343 2887 de
356 2858 508 2894 OseviHe,
523 2857 645 2887 archid.
660 2857 830 2896 Helyensis
843 2856 931 2891 4178,
943 2854 1031 2891 4697,
1043 2852 1131 2884 4713.

123 2911 289 2941 Johannes
307 2911 347 2941 de
365 2911 504 2942 Osmele.
524 2912 572 2941 Cf.
591 2911 620 2940 le
640 2911 820 2950 precedent.

124 2963 290 2993 Johannes
306 2963 345 2993 de
359 2963 544 3001 Pallaxono,
563 2964 695 3002 scriptor
711 2972 820 3002 papae,
833 2966 936 2992 rector
952 2969 998 2990 ec..
1016 2959 1048 2990 S.
1066 2959 1132 2989 Ste-

166 3017 263 3056 phani
281 3017 320 3047 de
335 3018 512 3056 Aquaviva,
531 3017 752 3047 Narbonensis
769 3016 799 3046 d.
818 3016 904 3046 2355.

1208 411 1374 442 Johannes
1389 413 1475 452 Papa
1491 413 1528 443 de
1549 414 1645 452 Urbe,
1665 414 1772 452 legum
1790 414 1948 453 professor
1964 414 2031 445 477.

1208 465 1374 496 Johannes
1390 466 1428 496 de
1444 467 1628 506 Paparuzis,
1647 467 1819 498 canonicus
1836 467 1990 497 Metensis
2006 467 2095 497 6202.

1208 519 1376 549 Johannes
1391 519 1429 549 de
1445 521 1599 556 Parisius,
1618 521 1761 551 serviens
1778 521 1862 559 regis
1878 521 2031 550 Franciae
2050 521 2124 558 282,
2142 520 2210 557 283,

1249 572 1318 608 669,
1338 572 1405 602 670.

1208 624 1373 654 Johannes
1390 626 1532 656 Parlator
1548 627 1586 656 de
1604 627 1706 663 Setia,
1720 627 1817 666 judex
1841 629 1871 656 et
1889 627 2033 657 notarius
2049 626 2118 664 477,
2137 626 2211 663 479,

1252 677 1339 714 1633,
1359 679 1447 709 3795.

1208 731 1375 761 Johannes
1389 732 1587 762 Paschalutii
1601 733 1639 763 de
1653 734 1775 770 Murro,
1789 733 1900 770 laicus,
1916 733 2086 762 Firmanae
2098 733 2128 762 d.
2142 733 2210 763 418.

1208 784 1374 814 Johannes
1397 786 1629 821 Passevaeunt,
1649 786 1824 816 monachus
1849 794 1935 816 mon.
1955 786 1993 816 de
2017 786 2048 816 S.
2068 785 2209 821 Albano,

1250 838 1486 868 Lincolniensis
1502 839 1532 868 d.
1551 839 1639 870 4638.

1209 890 1374 920 Johannes
1390 891 1530 920 Patanus
1545 891 1633 922 3467.

1208 943 1375 973 Johannes
1396 943 1499 973 (1161115
1525 944 1724 981 Patriarcha,
1744 944 1877 974 clericus
1896 945 2063 974 Trecensis
2081 944 2167 974 4586.

1209 996 1373 1026 Johannes
1390 996 1429 1026 de
1444 997 1605 1034 Penestre,
1621 1006 1764 1027 camerae
1776 997 1963 1036 apostolicae
1975 998 2109 1027 clericus
2125 997 2193 1028 1321
2205 1021 2212 1033 ‚

1253 1048 1337 1085 1993,
1359 1049 1455 1085 34563
1476 1067 1512 1071 -
1528 1050 1648 1080 archid.
1668 1050 1706 1079 de
1731 1050 1866 1088 Disesya
1888 1050 1922 1079 in
1946 1060 1989 1079 ec.
2018 1051 2212 1080 Nivernensi

1251 1102 1346 1139 3456,
1363 1119 1402 1125 —
1419 1102 1635 1132 thesaurarius
1652 1112 1697 1133 ec.
1714 1103 1980 1133 Cathalaunensis
1995 1104 2082 1134 4655.

1209 1155 1374 1185 Johannes
1391 1155 1428 1185 de
1444 1156 1540 1189 Pera.
1559 1156 1691 1186 clericus
1707 1157 1794 1186 7652.

1209 1208 1374 1237 Johannes
1392 1208 1430 1237 de
1447 1209 1566 1239 Percis.
1584 1209 1686 1245 miles,
1706 1208 1901 1239 Senonensis
1919 1209 1949 1238 (1.
1969 1210 2039 1239 886.

1209 1260 1375 1290 Johannes
1385 1261 1422 1290 de
1431 1261 1575 1296 Perusio,
1586 1261 1796 1300 inquisitorin
1806 1262 1939 1291 dioecesi
1947 1262 2116 1300 Spoletana
2123 1263 2194 1292 4571
2204 1286 2211 1293 .

1209 1313 1374 1343 Johannes
1391 1314 1489 1349 Petri,
1507 1314 1642 1344 clericus
1659 1315 1829 1344 Auriensis
1849 1316 1913 1344 122.

1209 1366 1375 1396 Johannes
1397 1367 1499 1403 Petri,
1518 1368 1668 1404 magister
1692 1367 1872 1398 scholarum
1900 1377 1944 1398 ec.
1971 1368 2213 1398 Colimbriensis

1253 1419 1337 1448 1254.

1209 1471 1374 1501 Johannes
1398 1472 1500 1507 Petri,
1528 1473 1675 1511 subprior
1700 1481 1785 1502 mon.
1812 1473 1850 1502 de
1878 1473 2022 1503 1161101115
2043 1473 2081 1503 (16
2102 1473 2210 1510 Basto,

1251 1525 1478 1554 Brachareusis
1492 1525 1521 1554 d.
1538 1525 1627 1555 5329.

1209 1578 1374 1608 Johannes
1392 1578 1489 1614 Petri,
1508 1579 1661 1617 syndicus
1677 1579 1770 1608 castri
1786 1579 1824 1609 de
1840 1578 1945 1618 Spello
1962 1579 2048 1608 4750.

1209 1631 1375 1660 Johannes
1392 1632 1477 1660 Petri
1494 1632 1531 1661 de
1544 1631 1696 1670 Alprauo,
1712 1633 1883 1662 canonicus
1902 1633 2125 1670 Egitaniensis,
2138 1641 2212 1663 can-

1250 1683 1399 1713 cellarius
1415 1684 1500 1721 regis
1519 1685 1718 1722 Portugaliae
1733 1685 1820 1714 6182.

1209 1735 1376 1766 Johannes
1396 1737 1482 1765 Petri
1499 1737 1630 1767 Henrici
1648 1737 1686 1766 de
1702 1737 1790 1768 Urbe
1806 1739 1873 1769 872.

1210 1789 1376 1819 Johannes
1391 1790 1477 1819 Petri
1494 1791 1637 1827 magistri
1650 1791 1772 1826 ι1060111,
1785 1790 1919 1821 61611605
1930 1791 2111 1821 Verulanus
2123 1791 2209 1822 3638.

1209 1842 1375 1873 Johannes
1392 1843 1478 1872 Petri
1497 1843 1632 1879 Nicolai,
1650 1844 1730 1873 civis
1748 1844 1913 1874 Romanus
1931 1845 2019 1874 2576.

1210 1895 1377 1925 Johannes
1398 1896 1482 1925 Petri
1500 1896 1536 1925 de
1554 1896 1656 1926 Rocca
1672 1897 1710 1926 de
1725 1896 1843 1932 Cornu,
1863 1897 2016 1926 Reatinae
2034 1897 2063 1926 d.
2084 1897 2170 1927 5344.

1211 1948 1377 1978 Johannes
1397 1949 1483 1978 Petri
1507 1949 1662 1985 Romeae,
1682 1949 1835 1988 plebanus
1862 1949 1961 1988 plebis
1984 1950 2021 1979 de
2050 1950 2211 1987 Bar-dono,

1253 2001 1473 2031 Urbevetanae
1493 2001 1523 2030 d.
1542 2001 1628 2031 6374.

1210 2054 1376 2084 Johannes
1393 2055 1495 2084 (1161115
1513 2055 1647 2092 Pinguis
1663 2055 1701 2084 de
1717 2055 1893 2085 Stabularis
1911 2056 1997 2085 5058.

1210 2107 1375 2137 Johannes
1391 2107 1576 2145 dePoleyo,
1598 2108 1701 2143 miles,
1719 2108 1916 2138 Turonensis
1931 2109 1963 2137 d.
1984 2108 2066 2146 1372,
2084 2109 2170 2138 2822.

1210 2160 1376 2189 Johannes
1394 2160 1431 2188 (16
1450 2160 1661 2198 Pyvelesdon,
1679 2161 1850 2190 canonicus
1866 2170 1910 2191 ec.
1930 2161 1962 2191 S.
1982 2161 2073 2190 Pauli
2093 2162 2213 2192 Londo-

1252 2214 1374 2242 niensis
1391 2213 1479 2248 4642,
1497 2212 1585 2243 4643.

1211 2266 1376 2296 Johannes
1394 2267 1431 2295 de.
1450 2267 1624 2301 Hadenore,
1642 2267 1813 2297 canonicus
1828 2275 1872 2297 66.
1892 2267 2108 2298 Landavensis
2123 2268 2210 2300 3397.

1210 2320 1376 2349 Johannes
1399 2320 1437 2348 de
1462 2319 1682 2353 Hafflswellis,
1703 2324 1803 2350 rector
1823 2329 1866 2349 66.
1886 2321 1924 2349 (16
1947 2323 2065 2359 Austy‚
2087 2321 2214 2352 Londo-

1253 2372 1374 2401 niensis
1391 2372 1433 2405 d..
1453 2376 1481 2401 et
1497 2372 1534 2401 de
1551 2372 1755 2408 Gotherston,
1774 2373 1991 2403 Norwicensis
2007 2374 2042 2402 d.'
2056 2374 2144 2404 4454.

1210 2425 1375 2455 Johannes
1391 2425 1429 2454 de
1446 2425 1678 2463 Ravenshergh
1695 2425 1783 2456 5606.

1210 2479 1375 2509 Johannes
1392 2478 1567 2516 Raynaldi,
1587 2480 1760 2509 canonicus
1777 2479 1997 2510 Mothonensis
2016 2480 2105 2510 5945.

1211 2532 1376 2562 Johannes
1393 2532 1538 2560 chaudi
1556 2532 1593 2561 de
1610 2532 1700 2568 Dola,
1721 2533 1895 2562 canonicus
1913 2533 2106 2563 Bisuntinus
2125 2534 2213 2564 4159.

1211 2585 1376 2615 Johannes
1392 2585 1429 2613 de
1448 2585 1600 2621 Revorea,
1618 2589 1721 2615 custos
1738 2586 1832 2616 castri
1849 2586 1977 2616 Insulae
1990 2586 2214 2616 Gebennensis

1252 2638 1342 2667 7565.

1212 2691 1377 2721 Johannes
1394 2690 1532 2726 Rialoni,
1550 2691 1723 2721 canonicus
1742 2691 1978 2721 Ebredunensis
1997 2692 2082 2722 1550.

1212 2744 1378 2780 Johannes
1395 2743 1525 2772 Roberti
1542 2743 1580 2772 de
1598 2743 1801 2782 Wygeuhale
1817 2744 1905 2773 6508.

1213 2797 1377 2827 Johannes
1393 2796 1430 2824 de
1450 2796 1563 2831 Rocca,
1581 2795 1764 2834 capellanus
1781 2797 1901 2832 Jacobi,
1921 2796 1951 2826 S.
1972 2797 2091 2826 Mariae
2106 2797 2140 2826 10
2156 2797 2216 2827 Via

1253 2850 1316 2879 lata
1333 2849 1459 2878 diaconi
1479 2849 1652 2879 cardinalis
1667 2850 1735 2886 477,
1758 2849 1851 2886 1633,
1868 2866 1905 2871 —-
1918 2849 2089 2879 canonicus
2101 2849 2133 2880 S.
2151 2850 2213 2880 Ma-

1255 2903 1319 2932 riae
1337 2901 1466 2940 Major-is
1482 2901 1520 2930 de
1537 2901 1624 2931 Urbe
1644 2901 1729 2932 1633.

1214 2956 1380 2987 Johannes
1395 2955 1434 2984 de
1452 2954 1607 2992 Roclosis‚
1627 2956 1802 2986 canonicus
1821 2964 1866 2986 ec.
1888 2955 1919 2985 S.
1940 2955 2085 2994 Sepulcri
2100 2956 2139 2986 de
2156 2956 2213 2986 Ca-

1255 3009 1362 3043 domo,
1384 3008 1566 3046 Bajocensis
1581 3008 1611 3037 d.
1634 3008 1720 3038 1800.
