2393 3496
889 333 1100 364 REGISTRE
1121 322 1336 365 CAMnRAL.
2105 338 2162 368 957

73 401 128 439 bus,
144 399 349 431 emunitatibus
372 403 398 429 et
419 399 641 430 universitatibus
659 401 804 440 ceterisque
825 401 947 440 personis
967 400 1072 430 secula-

70 454 142 486 vibus
176 453 317 483 civitatum
350 456 377 482 et
413 456 562 482 castrorum
590 463 641 493 per
675 454 892 484 Anchonitanam
923 453 1074 484 Marcbiam

71 506 228 538 mutatis.

111 572 125 588 a
139 560 224 590 Dum
238 558 459 589 incumbentia
471 559 602 591 nobis..
615 577 653 582 —
669 560 740 589 Dat.
759 560 868 597 Reate,
886 570 906 589 v
921 559 1074 589 kalendas

65 613 152 655 julii.
169 624 184 640 ι)

139 784 249 813 ’ἔθθὶ
666 784 753 819 Rieu,
768 785 802 812 ‘20
814 785 908 820 juillet
928 785 1002 812 1288.

105 845 235 873 Mathaeo
251 846 402 872 rectoriam
424 847 453 873 in
469 846 668 881 spiritualibus
685 846 829 873 Marehiae
853 847 1075 874 Anchonitanae

69 895 230 924 committit.
247 894 319 928 (Fol.
337 896 369 923 <19
385 896 432 930 r0.)

108 995 212 1027 Dilecto
236 996 294 1035 filio
317 997 448 1035 magistro
472 996 591 1033 Matheo,
616 998 740 1027 canonico
766 997 912 1034 Asisiuati,
938 998 1077 1036 capellano

68 1049 159 1081 dilecti
172 1049 226 1089 filii
238 1049 324 1079 nostri
337 1049 378 1087 J.‚
395 1049 493 1080 Sancte
507 1050 598 1080 Marie
615 1052 642 1079 in
662 1050 712 1079 Via
727 1050 783 1080 lota
796 1051 900 1080 diaconi
916 1051 1074 1088 cardinalis,

66 1103 98 1133 in
111 1102 297 1142 spiritualibus
311 1102 432 1132 Marchie
447 1104 617 1133 Anconitane
631 1104 742 1134 rectori.

109 1166 122 1182 u
137 1154 217 1185 Cum
228 1155 376 1185 habearis
388 1155 617 1186 discretione...
632 1173 671 1178 —
682 1156 752 1186 Dat.
772 1157 880 1193 Beate,
896 1166 951 1185 3111
967 1156 1076 1186 kalen-

68 1207 124 1240 das
138 1208 278 1247 augusti.
297 1220 311 1236 n

100 1386 106 1393 ·
138 1380 257 1409 ’2⁰92

102 1442 146 1470 De
158 1443 259 1470 eodem
273 1444 400 1478 negotio.
418 1443 490 1477 (Fol.
511 1444 541 1471 19
557 1446 607 1476 ro.)

658 1382 747 1413 Rieti,
765 1382 797 1409 20
809 1383 908 1417 juillet
927 1383 1004 1410 1288.

112 1545 315 1576 venerabilibus
331 1545 463 1584 fratribus
487 1570 505 1575 ..
525 1546 656 1585 episcopis
671 1551 697 1575 et
713 1546 819 1576 dilectis
837 1547 906 1585 filiis
922 1547 1076 1585 abbatibus,

68 1594 204 1638 prioribus
216 1604 242 1628 et
257 1599 427 1629 conventibus
443 1599 630 1630 cisterciensis
644 1604 669 1629 et
683 1601 801 1630 aliorum
814 1601 940 1630 ordinum
955 1611 986 1630 ac
1001 1602 1079 1630 deca—

70 1652 124 1689 ssis,
137 1653 293 1692 prepositis,
310 1653 517 1690 archidiaconis,
533 1654 666 1692 plebanis,
678 1655 805 1692 capitulis
820 1659 845 1684 et
859 1655 979 1684 aliarum
993 1655 1077 1684 ecele-

70 1705 173 1736 siarum
194 1706 309 1745 prelatis
331 1716 378 1736 seu
400 1707 548 1736 rectoribus
569 1708 715 1747 ceterisque
731 1709 853 1746 personis
878 1709 1077 1744 ecclesiasticis,

69 1760 206 1798 exemptis
227 1764 252 1789 et
272 1769 325 1789 nou
347 1761 488 1799 exemptis,
513 1771 544 1789 ac
561 1761 735 1800 hospitalium
753 1762 1035 1792 Jerosolimitonorum
1053 1767 1078 1791 et

70 1812 169 1843 militie
184 1812 288 1852 Templi
299 1813 439 1852 magistris
451 1817 477 1843 et
490 1814 700 1853 preceptoribus,
717 1814 817 1844 necnon
829 1815 977 1854 prioribus,
996 1824 1078 1853 puar-

69 1865 158 1896 dianis
174 1870 200 1895 et
219 1866 350 1905 frutribus
369 1868 570 1906 predicatorum
591 1872 615 1897 et
638 1868 775 1897 minorum
790 1869 925 1906 ordinum,
945 1869 1079 1898 universis

69 1929 168 1959 quoque
181 1920 331 1956 nobilibus,
345 1921 521 1960 potestatibus
542 1931 588 1950 seu
613 1921 775 1957 rectoribus,
798 1923 1036 1952 communitatibus
1053 1927 1078 1952 et

67 1973 287 2003 universitatibus
301 1974 449 2014 ceterisque
461 1975 586 2013 personis
603 1975 790 2005 ecclesiasticis
808 1980 833 2005 et
847 1976 1012 2006 secularibus
1028 1986 1078 2015 per

66 2025 263 2056 Ammaitanam
278 2026 432 2057 Marchiam
446 2028 610 2059 constitutis.

95 2090 123 2107 ·«
138 2079 220 2110 Cum
238 2079 372 2110 dilectus
389 2080 515 2111 filius...
533 2098 571 2103 —-
590 2081 662 2111 Dat.
682 2086 715 2111 ut
731 2091 836 2121 supra.
857 2095 869 2109 n

141 2259 256 2288 ’2093
694 2262 781 2293 Rieti,
800 2263 832 2290 30
844 2264 910 2298 juin
928 2263 1004 2290 1288.

104 2320 281 2358 Compositio
296 2331 385 2358 super
400 2325 502 2359 poenis
523 2328 552 2351 et
575 2325 729 2352 sententiis
748 2326 776 2352 in
798 2326 979 2353 Aneonitana
999 2326 1078 2353 Mar—

69 2371 143 2398 chia.
163 2371 234 2405 (Fol.
253 2372 285 2399 19
301 2373 350 2405 ro.)

108 2473 214 2503 Dilecto
244 2473 302 2513 filio
332 2475 417 2505 nobili
449 2476 507 2505 viro
540 2475 656 2506 Johanui
685 2477 717 2506 de
748 2476 899 2515 Columpna
927 2478 958 2507 de
995 2477 1075 2515 Urbe,

69 2526 190 2557 Marchie
204 2528 371 2558 Anconitane
385 2530 495 2560 rectori.
518 2530 553 2559 Ei
571 2531 703 2561 mandat
718 2534 752 2560 ut
771 2532 1078 2570 condempnationes

69 2584 100 2610 et
119 2589 237 2619 poenas
256 2590 275 2611 a
296 2581 434 2612 diversis
458 2582 623 2613 Marchiae
652 2584 875 2614 Anconitanae
903 2585 1078 2615 rectoribus

12 2631 18 2635 ’
69 2631 148 2663 latas
163 2634 357 2672 moderetur,
371 2640 464 2674 prout
475 2636 598 2675 justum
613 2641 644 2666 et
657 2637 737 2667 utile
752 2638 886 2675 viderit;
906 2650 920 2665 «
939 2638 1078 2677 exceptis

67 2687 218 2717 omnihus
234 2691 264 2718 et
279 2688 417 2727 singulis
432 2689 789 2729 condempnationibus,
803 2691 896 2730 penis
915 2696 944 2722 et
960 2691 1077 2721 bannis

70 2747 126 2770 seu
140 2740 397 2780 quibuscumque
413 2741 485 2772 aliis
499 2744 700 2781 processibus
717 2744 805 2774 factis
821 2749 851 2774 et
866 2744 984 2774 habitis
1000 2753 1076 2775 con·
1093 2756 1098 2759 ·

70 2795 118 2822 tra
131 2801 243 2823 omnes
260 2793 332 2824 illos
348 2799 379 2824 et
396 2803 507 2825 eorum
525 2796 608 2826 bona
623 2797 679 2836 qui
693 2797 834 2834 dudum,
852 2797 994 2836 nequitie
1010 2797 1076 2836 spi—

68 2845 132 2875 ritu
141 2845 241 2883 ducti,
248 2847 409 2877 civitatem
420 2848 601 2887 Senogallie
609 2850 865 2888 proditionaliter
874 2851 1074 2886 invaserunt,

69 2897 178 2937 ibique
191 2898 264 2930 illos
280 2901 335 2938 qui
348 2901 551 2940 appellantur
561 2902 600 2932 de
614 2902 709 2933 domo
725 2903 1035 2942 Raymundinorum
1047 2906 1077 2933 et

67 2949 150 2982 alios
168 2961 265 2991 quam
289 2952 396 2992 plures
419 2954 589 2993 indigenas
614 2956 695 2986 dicte
716 2960 797 2987 terre
814 2956 924 2987 fideles
943 2965 1076 2987 romane

69 3004 202 3036 ecclesie
217 3009 282 3036 tam
294 3015 407 3046 parvos
423 3016 519 3046 quam
537 3017 670 3047 magnos
685 3009 856 3039 crudeliter
876 3010 1077 3040 trucidarunt

1156 409 1211 430 seu
1232 400 1271 430 ad
1290 401 1323 430 id
1345 401 1501 432 dederunt
1516 402 1692 441 auxilium,
1713 403 1886 434 consilium
1903 403 1953 434 vel
1968 404 2120 434 favorem.
2147 416 2161 431 »

1198 466 1212 480 (ι
1230 453 1318 484 Sicut
1337 455 1519 494 accepimus
1541 456 1656 487 olim...
1676 474 1713 479 —
1734 457 1806 489 Dat.
1829 458 1940 494 Reate,
1964 466 1987 486 11
2009 456 2165 487 kalendas

1152 505 1238 545 julii.
1259 519 1272 534 n

1231 679 1347 708 '2094
1755 682 1842 714 Rieu,
1863 682 1892 709 18
1905 682 2000 717 juillet
2015 682 2094 710 1288.

1194 740 1350 776 Symonem
1367 741 1528 769 Bonacursi
1543 743 1753 770 thesaurarium
1773 752 1859 771 suum
1879 745 1907 771 in
1928 745 2055 771 Mai-chia
2071 745 2167 771 Anco-

1159 790 1254 816 nitana
1270 791 1431 818 constituit.
1449 790 1521 824 (Fol.
1541 791 1570 818 19
1588 793 1640 825 v⁰.)

1198 891 1303 921 Dilecto
1333 892 1391 930 filio
1419 892 1503 922 nobili
1535 893 1593 922 viro
1627 893 1742 924 Johauni
1775 895 1806 924 de
1842 894 2008 934 Columpna,
2046 896 2168 925 Morchie

1157 945 1326 974 Anconitane
1341 946 1450 974 rectori.
1470 958 1482 972 α
1500 946 1582 976 Cum
1601 946 1737 976 velimus
1756 947 1909 978 dilectum
1926 949 2029 978 filium
2047 950 2166 988 Symo-

1159 1007 1234 1028 nem
1253 998 1440 1036 Bonacursi,
1454 999 1493 1028 de
1503 999 1651 1029 societate
1660 999 1802 1030 Clarenti
1815 1001 1853 1030 de
1870 1001 2017 1038 pistorio,
2035 1002 2167 1032 latorem

1159 1051 1374 1090 presentium,
1394 1051 1433 1082 de
1450 1052 1542 1090 cujus
1560 1053 1714 1092 probitate
1735 1062 1770 1083 ac
1789 1053 1943 1083 fidelitate
1961 1055 2168 1092 confidimus,

1159 1104 1195 1133 in
1208 1105 1413 1134 Anconitana
1426 1105 1570 1135 Marchia
1582 1110 1689 1136 nostro
1702 1110 1732 1135 et
1746 1106 1878 1136 ecclesie
1889 1116 2022 1137 romane
2039 1108 2170 1138 nomine

1161 1157 1358 1188 thesaurarie
1373 1158 1516 1188 officium
1532 1168 1677 1189 exercere
1701 1169 1802 1198 usque
1817 1160 1856 1190 ad
1876 1165 1983 1190 nostre
2001 1170 2058 1190 seu
2077 1169 2170 1200 apos-

1160 1211 1254 1242 tolice
1273 1213 1356 1242 sedis
1375 1212 1612 1252 beneplacitum
1632 1213 1815 1251 voluntatis,
1834 1219 1864 1244 et
1878 1219 2043 1253 propterea
2065 1215 2172 1253 ipsum

1159 1265 1199 1294 ad
1218 1269 1323 1303 partes
1339 1265 1410 1295 illas
1433 1265 1614 1305 specialiter
1635 1266 1851 1303 destinemus,
1871 1267 2031 1297 nobilitati
2048 1271 2099 1297 tue
2116 1276 2172 1306 per

1160 1318 1332 1356 apostolica
1344 1319 1460 1357 scripta
1470 1319 1660 1349 mandamus
1669 1321 1832 1358 quatinus,
1846 1320 1984 1350 eundem
1995 1320 2172 1359 Symonem

1161 1372 1301 1410 benigne
1319 1372 1477 1411 recipiens
1501 1377 1530 1402 et
1549 1373 1682 1403 honeste
1700 1378 1911 1411 pertractans,
1934 1374 1995 1403 sibi
2016 1374 2170 1411 redditus,

1162 1430 1335 1464 proventus
1363 1430 1393 1455 et
1414 1426 1488 1464 jura
1513 1427 1622 1456 omnia
1646 1427 1752 1456 eidem
1777 1427 1908 1457 ecclesie
1933 1427 2058 1463 debita,
2081 1429 2171 1466 Juxta

1162 1478 1284 1517 prestiti
1297 1488 1315 1508 a
1328 1479 1543 1517 tejuramenti
1558 1483 1699 1509 tenorem
1714 1480 1841 1509 studeas
1853 1480 1978 1518 integre
1993 1481 2169 1518 assignare.

1161 1531 1264 1569 Super
1284 1532 1418 1570 receptis
1447 1536 1553 1562 autem
1580 1537 1610 1562 et
1634 1533 1781 1571 expensis
1809 1538 1840 1562 tu
1867 1538 1898 1563 et
1922 1534 1989 1572 ipse
2013 1533 2172 1564 conscribi

1161 1583 1261 1614 libros
1277 1594 1334 1614 seu
1348 1584 1533 1615 cartularios
1546 1586 1682 1623 faciatis,
1701 1590 1792 1624 prout
1806 1586 1877 1616 fieri
1890 1588 2065 1626 consuevit,
2082 1592 2118 1617 ut
2133 1587 2172 1616 de

1161 1637 1206 1667 eis
1227 1642 1334 1668 nostre
1358 1647 1483 1668 camere
1499 1648 1554 1678 per
1580 1643 1609 1669 te
1626 1648 1662 1669 ac
1684 1639 1789 1678 ipsum
1813 1639 2071 1670 tbeusaurarium
2097 1649 2170 1670 cum

1161 1691 1307 1729 exigetur
1317 1691 1411 1730 plena
1425 1692 1504 1722 ratio
1518 1692 1607 1722 reddi
1619 1693 1726 1731 possit.
1746 1693 1818 1722 Dat.
1836 1694 1945 1730 Reate,
1962 1703 2002 1724 xv
2017 1693 2171 1724 kalendas

1160 1749 1298 1782 augusti.
1316 1757 1329 1771 ιι

1233 1918 1350 1946 '7095

1196 1980 1301 2007 Contra
1311 1981 1451 2015 quosdam
1461 1982 1582 2008 elericos
1594 1981 1764 2016 Campaniae
1776 1986 1804 2009 et
1816 1982 1985 2010 Maritimae.
1995 1983 2065 2016 (Fol.
2078 1983 2108 2010 19
2117 1984 2170 2016 vo.)

1757 1919 1844 1951 Rieti,
1865 1920 1894 1946 17
1907 1920 2003 1954 juillet
2022 1921 2098 1947 1288.

1200 2082 1306 2112 Dilecto
1326 2083 1385 2122 filio
1413 2106 1431 2113 ..
1458 2084 1559 2113 rectori
1587 2083 1736 2123 Campanie
1767 2088 1792 2112 et
1816 2084 1957 2114 Maritime
1981 2084 2011 2114 in
2039 2085 2170 2123 spiritua-

1161 2136 1242 2166 libus.
1270 2137 1308 2166 Ei
1330 2137 1461 2166 mandat
1480 2141 1517 2167 ut
1538 2142 1648 2168 contra
1669 2137 1842 2167 nonnullos
1859 2137 1989 2168 clericos
2006 2147 2082 2168 suae
2097 2147 2170 2177 pro-

1162 2191 1288 2220 vinciae
1304 2191 1358 2229 qui
1375 2199 1612 2230 nonnunquam
1633 2200 1780 2221 enormes
1799 2200 1945 2222 excessus
1966 2193 2171 2222 committunt

1162 2250 1192 2274 et
1214 2253 1314 2283 poena
1336 2244 1440 2274 debita
1465 2253 1482 2273 a
1505 2244 1742 2282 negligentibus
1763 2245 1917 2283 episcopis
1943 2249 1972 2274 et
1995 2245 2168 2275 ordinariis

1163 2306 1226 2327 non
1245 2298 1442 2335 castigantur
1457 2297 1616 2336 intrepide
1632 2302 1661 2327 et
1676 2297 1850 2336 vigilanter
1864 2298 2022 2336 procedat.

1203 2363 1217 2377 «
1235 2351 1286 2380 Ad
1301 2351 1501 2380 audientiam
1518 2355 1698 2381 nostram...
1717 2366 1754 2372 —
1771 2351 1842 2382 Dat.
1863 2351 1972 2389 Reate,
1990 2361 2042 2382 xw
2059 2351 2169 2382 kalen-

1160 2404 1216 2433 das
1231 2404 1367 2442 augusti.
1391 2415 1405 2430 n

1235 2576 1352 2604 203ss

1196 2637 1340 2673 Episcopo
1352 2659 1369 2664 ..
1382 2638 1418 2670 (1)
1430 2637 1544 2664 mandat
1559 2646 1593 2664 ne
1609 2638 1671 2672 ipse
1687 2641 1736 2664 aut
1752 2637 1952 2664 Bonuscomes
1967 2638 2002 2664 de
2018 2638 2168 2665 Montefel-

1161 2691 1204 2713 tro
1216 2686 1259 2712 vel
1271 2693 1424 2712 commune
1438 2686 1568 2720 ..aliquid
1581 2690 1681 2713 contra
1692 2687 1867 2721 provinciam
1880 2687 2066 2713 Romaniolae
2078 2691 2168 2722 temp-

1160 2739 1230 2762 tent.
1246 2735 1318 2768 (Fol.
1334 2735 1368 2761 20
1385 2736 1430 2767 ro.)

1751 2576 1843 2610 Rieu,
1861 2577 1894 2603 ‘25
1907 2577 2001 2611 juillet
2019 2577 2096 2605 1288.

1202 2836 1380 2877 [Venerabili
1413 2837 1556 2876 fratri...]
1584 2846 1620 2867 ac
1655 2838 1771 2868 nobilis
1803 2839 1851 2868 vir
1882 2839 2098 2869 Bonuscomes
2128 2839 2167 2869 de

1190 2971 1226 3000 ll)
1246 2970 1439 3001 L'expression
1461 2972 1632 2999 fraternitati
1657 2973 1716 3001 tue,
1735 2970 1803 2994 dans
1822 2971 1847 2994 la
1872 2971 1958 3000 bulle,
1983 2978 2088 3002 prouve
2114 2978 2166 3002 que

1161 3016 1263 3038 celle-ci
1280 3018 1319 3038 est
1336 3014 1463 3038 adressee
1479 3014 1493 3037 ἐι
1509 3021 1547 3038 un
1563 3015 1666 3045 aveque
1682 3022 1718 3038 ou
1734 3014 1749 3038 ἐι
1764 3022 1800 3038 un
1818 3015 1995 3045 archeveque.
