2393 3496
931 291 1185 338 QUATRIF'JME
1207 290 1364 330 ANK-nn.
2137 301 2193 330 747

103 381 194 406 tue...
219 374 303 404 Sane
321 373 430 412 petitio
451 376 505 402 tua
522 372 616 402 nobis
637 371 780 401 exhibita
802 369 985 400 continebat
1004 367 1106 406 quod,

103 437 176 459 cum
198 426 277 457 olim
300 435 385 456 esses
409 433 466 464 pro
490 425 627 463 negotiis
652 424 812 455 carissimi
834 424 868 453 in
893 423 1021 453 Christo
1047 421 1110 451 filii

102 480 204 511 nostri
218 479 334 517 Caroli,
349 478 434 517 regis
446 477 554 508 Sicilie
567 477 714 513 illustris,
729 478 820 516 cujus
836 476 944 507 existis
959 475 1107 512 clericus,

102 537 272 572 occupatus
285 557 292 569 ,
314 533 358 562 ita
379 531 463 571 quod
486 536 561 561 tunc
582 536 634 561 tue
653 530 901 561 consecrationis
919 538 1039 559 munus
1057 538 1108 560 00-

102 586 196 617 mode
220 586 360 624 recipere
382 593 447 615 non
472 583 618 620 valebas,
641 592 698 613 nos
722 588 845 622 tempus
861 582 1109 612 consecrationis

102 637 290 677 hujusmodi
309 646 411 676 usque
431 637 471 666 ad
490 636 645 666 kalendas
666 636 789 666 mensis
810 636 946 666 octobris
965 636 1110 674 proximo

102 692 203 722 futuri
218 691 406 721 auctoritate
425 690 596 729 apostolica
614 691 854 729 prorogavimus
870 689 909 719 de
924 689 1025 728 gratia
1039 698 1110 728 spe-

103 745 189 782 ciali,
204 745 262 775 tibi
273 744 499 774 canonicatum
513 747 543 773 et
553 743 747 782 prebendam
761 743 893 773 ecclesie
903 742 1111 773 Carnotensis

103 802 134 828 et
154 797 218 828 alia
239 797 396 828 beneficia
414 797 625 827 ecclesiastica
642 806 704 835 que
727 801 802 826 tunc
821 797 969 835 temporis
984 796 1109 826 obtine-

101 852 158 882 bas
193 850 426 881 nichilominus
455 854 672 886 reservantes;
699 859 810 880 verum
843 850 919 888 quia
949 854 977 879 te
1006 849 1111 879 adhuc

102 907 239 943 oportet,
266 907 302 933 nt
325 902 458 938 asseris,
482 902 617 941 predicti
640 902 726 940 regis
748 903 915 932 intendere
939 911 975 932 ac
1000 911 1111 932 vacare

101 957 250 995 negotiis,
263 956 355 986 nobis
370 955 539 985 humiliter
555 955 738 994 supplicasti
750 960 784 985 ut
795 955 985 994 ampliorem
1001 956 1035 984 in
1052 956 1112 985 hac

101 1014 190 1050 parte
206 1010 344 1048 gratiam
359 1009 417 1039 tibi
429 1009 533 1039 facere
548 1009 587 1039 de
602 1009 802 1047 benignitate
817 1008 988 1047 apostolica
1000 1008 1112 1046 digna-

101 1074 223 1095 remur.
242 1064 308 1094 Nos
325 1064 453 1102 itaque,
474 1063 537 1093 tuis
555 1063 843 1102 supplicationibus
859 1062 1022 1098 inclinati,
1038 1071 1110 1100 pre-

102 1118 223 1148 dictum
240 1121 365 1156 tempus
380 1117 419 1147 ab
438 1117 558 1147 eisdem
577 1116 724 1146 kalendis
742 1125 843 1154 usque
858 1115 898 1145 ad
913 1115 1030 1144 festum
1045 1115 1111 1145 Re-

103 1170 310 1201 surrectionis
322 1170 454 1200 Domini
462 1171 607 1209 proximo
618 1174 789 1199 venturum
800 1173 906 1198 tenore
913 1169 1110 1207 presentium

101 1232 325 1263 prorogamus,
336 1223 546 1253 concedentes
560 1223 615 1253 tibi
625 1222 903 1258 utcanonicatum,
916 1221 1110 1260 prebendam

103 1280 135 1306 et
148 1276 304 1306 beneficia
320 1277 477 1315 predicta,
495 1285 557 1314 que
575 1276 681 1306 adhuc
697 1275 837 1311 obtines,
859 1284 960 1313 usque
980 1274 1019 1304 ad
1038 1284 1110 1313 pre—

104 1330 226 1360 dictum
237 1330 353 1360 festum
369 1329 455 1359 licite
467 1329 571 1359 valeas
586 1329 764 1359 retinere...
784 1328 855 1358 Dat.
872 1327 957 1366 apud
974 1328 1110 1358 Urbem-

104 1388 254 1419 veterem,
273 1393 308 1413 111
324 1383 477 1413 kalendas
491 1383 577 1422 julii,
598 1391 684 1412 anno
701 1386 824 1421 quarto.
845 1394 857 1408 n

174 1568 429 1597 5482-5483

141 1630 325 1666 Dispensatio
341 1630 522 1657 residentiae.
541 1630 626 1665 (Rae.
644 1630 688 1663 46,
705 1639 731 1657 c,
748 1630 809 1664 313,
825 1631 844 1658 f.
861 1631 893 1658 62
910 1632 957 1663 r0.)

708 1568 834 1599 Orvieto,
852 1569 867 1595 9
881 1570 944 1602 juin
965 1569 1039 1597 1391.

143 1735 240 1764 Nobili
259 1735 327 1763 viro
342 1733 491 1769 Johanni,
511 1734 581 1762 claci
601 1733 762 1762 Brielanie.
785 1734 939 1772 Prorogat
956 1743 1057 1772 usque
1074 1734 1114 1764 ad

104 1787 382 1826 quinquennium,
400 1795 418 1815 a
436 1786 584 1816 kalendis
610 1787 731 1816 mensis
755 1788 943 1825 septembris
970 1788 1113 1826 proximo

103 1840 206 1871 futuri
221 1840 488 1878 computandum,
506 1839 779 1878 dispensationem
803 1841 993 1870 residentiae
1016 1850 1114 1879 quam

105 1903 158 1924 sex
170 1893 295 1923 clericis
309 1893 454 1932 ejusdem
466 1893 556 1923 ducis
569 1902 625 1932 per
638 1894 718 1923 trien
725 1894 815 1923 nium
830 1894 950 1924 eisdem
967 1894 1114 1924 kalendis

104 1947 317 1986 expirandum
333 1951 544 1977 concesserat.

147 2012 160 2027 α
181 2000 362 2039 Apostolice
382 2000 466 2030 sedis
487 2000 709 2037 benignitas...
730 2017 773 2034 ·-.
785 2000 857 2031 Dat.
875 2001 959 2039 apud
976 2001 1113 2031 Urbem-

91 2059 256 2090 ‚veterem‚
273 2063 292 2082 v
309 2053 382 2083 idus
396 2053 495 2091 junii⁷
513 2062 598 2083 anno
616 2058 738 2091 quarto.
759 2066 772 2080 ³>

145 2107 184 2136 In
202 2116 230 2136 e.
245 2115 288 2135 m.
304 2106 471 2136 abbatibus
488 2107 755 2135 monasteriorum
769 2106 807 2135 de
823 2106 940 2136 Buzeio
953 2112 983 2136 et
997 2107 1113 2137 Beatae

107 2160 226 2190 Mariae
243 2160 281 2189 de
299 2160 451 2189 Precibus
466 2183 471 2195 ,
494 2160 713 2189 Nannetensis
733 2165 764 2189 et
784 2160 973 2190 Venetensis
991 2161 1114 2190 dioece-

106 2213 191 2243 sium
203 2236 210 2247 ‚
229 2217 259 2241 et
274 2213 427 2249 magistro
445 2212 593 2241 Andreae
610 2212 648 2241 de
664 2212 774 2250 Haya,
794 2213 948 2242 canonico
963 2214 1114 2251 Andega-

106 2267 210 2303 vensi,
228 2265 358 2295 mandat
373 2271 408 2294 ut
423 2265 543 2294 eisdem
563 2273 614 2294 sex
632 2265 756 2295 clericis
774 2266 907 2302 fructus,
926 2266 1068 2296 redditus
1085 2252 1115 2296 et

105 2324 279 2358 proventus
290 2319 520 2348 beneficiorum
532 2327 643 2348 eorum
652 2318 777 2357 integre
788 2329 843 2358 per
853 2320 1112 2358 quinquennium

105 2372 284 2402 ministrari
301 2372 431 2401 faciant.

178 2551 296 2580 5484

143 2614 344 2640 immunitates
364 2613 538 2639 monasterio
554 2612 676 2640 Sanctae
695 2614 799 2640 Mariae
815 2614 849 2640 de
868 2614 1003 2646 Ferraria,
1020 2615 1116 2641 Thea—

109 2664 208 2690 nensis
223 2663 375 2694 dioecesis,
393 2662 536 2689 concedit.
553 2658 636 2695 (Rae.
654 2663 697 2695 46,
714 2671 739 2690 0.
757 2662 816 2695 314,
833 2664 853 2690 f.
870 2663 903 2690 62
920 2663 966 2697 1¹⁰.)

681 2550 808 2582 orvieto,
827 2552 949 2585 5juiltet
968 2552 1042 2579 1291.

150 2787 170 2794 ..
187 2764 290 2794 abbati
305 2769 332 2793 ec
350 2765 510 2793 conventui
528 2766 709 2793 monasterii
722 2765 830 2794 Sancte
844 2766 939 2794 ilar-ie
953 2766 987 2794 cle
1003 2766 1114 2794 Ferra-

108 2819 175 2854 ria,
203 2819 323 2846 ordinis
350 2816 572 2853 Cium-elensis,
603 2817 784 2846 Theanensis
811 2818 945 2848 diocesis.
974 2829 987 2844 α
1014 2817 1116 2847 Justis

108 2862 284 2909 petentium
317 2869 524 2899 desideriis...
556 2869 606 2898 Ad
631 2870 733 2899 instar
757 2869 860 2899 felicis
886 2870 1117 2900 recordationis

107 2922 283 2953 Clementis
306 2932 384 2962 pape
407 2923 478 2958 1111,
500 2923 731 2961 predecessoris
756 2924 871 2959 nostri,
897 2923 984 2953 vobis
1007 2928 1115 2953 aucto-

109 2975 202 3006 ritate
220 2974 393 3015 apostolica
408 2986 463 3015 per
481 2976 597 3015 scripta
612 2976 773 3014 presentia
789 2976 995 3015 indulgemus
1011 2975 1113 3015 quod,

1192 374 1264 396 cum
1281 367 1315 396 in
1330 371 1471 397 extrema
1485 366 1693 396 morientium
1708 365 1870 395 voluntate
1886 367 2078 396 monasterio
2092 369 2195 398 vestro

1192 419 1289 449 fuerit
1308 419 1432 458 aliquid
1453 419 1631 458 specialiter
1655 418 1857 455 derelictum,
1885 427 1920 447 ex
1947 427 1982 448 eo
2003 427 2065 448 nou
2087 423 2195 449 tenea-

1192 473 1276 502 mini
1292 473 1391 503 alicui
1412 472 1603 511 respondere
1621 471 1671 502 vel
1691 471 1833 509 aliquam
1852 471 1983 501 reddere
2005 471 2194 510 portionem.

1192 525 1371 555 Statuimus
1393 526 1490 556 etiam
1513 529 1548 555 ut
1566 525 1762 563 quicumque
1787 524 1820 552 iu
1850 524 2023 553 monachos
2047 523 2098 553 vel
2121 533 2197 554 0011-

1193 587 1299 608 versos
1322 582 1441 608 vestros
1459 587 1574 607 manus
1592 577 1763 616 injecerint
1786 576 1957 614 violentas,
1974 577 2196 606 excommuni-

1192 633 1324 662 cationis
1336 631 1465 661 vinculo
1480 631 1643 670 subjacere
1654 630 1777 669 publice
1790 631 2016 660 nuntientur...
2031 631 2102 659 Dat.
2113 630 2194 668 apud

1194 686 1468 722 Urbemveterem‚
1487 694 1520 714 111
1537 693 1637 714 nouas
1650 684 1737 723 julii,
1757 692 1843 714 anno
1859 688 1982 722 quarto.
2003 696 2016 711 r>

1263 864 1381 892 5485
1778 863 1904 893 Orvieto,
1920 863 1953 889 ‘20
1967 863 2030 896 Juin
2051 863 2125 890 1291.

1228 925 1348 952 Collatio
1362 925 1504 951 beneficii.
1522 924 1606 957 (Rae.
1623 924 1666 958 46,
1683 932 1708 951 c.
1726 924 1786 954 315,
1804 925 1822 950 f.
1840 924 1872 951 62
1889 927 1936 957 ro.)

1233 1028 1356 1065 Huyont
1377 1027 1410 1055 de
1434 1027 1634 1064 Romenyoso,
1654 1027 1765 1055 rectori
1791 1026 1906 1054 ecclesie
1924 1026 2030 1055 Sancte
2052 1027 2146 1054 illarie
2167 1028 2200 1055 cle

1193 1081 1380 1118 Buyarayio,
1410 1080 1613 1108 Narbonensis
1638 1080 1772 1108 diocesis.
1799 1077 1880 1108 Cum
1906 1086 1942 1107 eo
1971 1078 2133 1116 dispensat
2165 1081 2199 1108 ut

1194 1134 1364 1164 ecclesiam
1387 1133 1426 1162 de
1451 1132 1648 1170 Bugaragio,
1674 1140 1783 1161 curam
1806 1131 1991 1160 animarum
2015 1131 2198 1167 habentem.

1195 1197 1276 1226 quae
1291 1187 1363 1225 ipsi,
1381 1186 1535 1215 canonico
1546 1185 1697 1215 ecclesiae
1711 1184 1972 1218 Convennarum,
1985 1193 2003 1213 3
2016 1184 2117 1213 bonae
2130 1193 2200 1214 me-

1195 1241 1314 1271 moriae
1334 1240 1439 1275 Petro,
1467 1238 1703 1277 archiepiscopo
1723 1238 1945 1274 Narbonensi,
1965 1238 2025 1267 fuit
2041 1237 2152 1267 collata
2172 1242 2201 1268 et

1194 1303 1250 1334 pro
1265 1303 1328 1332 qua
1339 1293 1425 1322 infra
1437 1302 1562 1322 annum
1579 1301 1612 1322 se
1628 1292 1704 1321 fecit
1717 1291 1751 1320 in
1770 1291 1990 1330 presbyterum
2009 1292 2200 1329 promoveri,

1196 1352 1303 1377 tenere
1324 1345 1441 1381 valeat,
1469 1353 1655 1384 quanquam
1677 1344 1779 1382 aliqui
1802 1344 2057 1382 praedecessores
2079 1345 2147 1383 ejus
2170 1353 2202 1374 se

1194 1402 1279 1431 infra
1294 1409 1417 1430 annum
1440 1399 1480 1428 ad
1496 1398 1709 1428 sacerdotium
1727 1398 1909 1436 promoveri
1926 1406 1991 1427 non
2013 1398 2158 1427 fecerunt
2173 1402 2203 1428 et

1196 1458 1282 1484 tanto
1306 1459 1446 1492 tempore
1467 1452 1633 1482 ecclesiam
1658 1451 1804 1481 eamdem
1828 1455 2000 1481 tenuerunt
2023 1451 2107 1490 quod
2132 1452 2202 1490 ejus

1195 1507 1322 1538 collatio
1337 1506 1376 1536 ad
1391 1506 1498 1535 sedem
1515 1504 1719 1544 apostolicam
1735 1504 1879 1542 legitime
1896 1504 2043 1534 devoluta
2058 1504 2130 1533 fnit.

1239 1572 1251 1586 «
1268 1560 1382 1589 Merita
1396 1564 1447 1589 tue
1464 1559 1665 1597 probitatis...
1681 1576 1718 1579 —
1734 1558 1806 1587 Dat.
1823 1557 1905 1596 apud
1922 1558 2201 1593 Urbemveterem‚

1196 1624 1237 1644 x11
1255 1613 1408 1644 kalendas
1421 1613 1506 1651 julii,
1525 1621 1610 1642 anuo
1629 1616 1752 1651 quarto.
1775 1625 1787 1637 υ

1268 1787 1385 1816 5486

1233 1850 1367 1877 Facultas
1382 1848 1546 1876 conferendi
1565 1847 1711 1874 beneficia.
1727 1846 1811 1879 (Rae.
1827 1846 1870 1877 46,
1887 1854 1913 1872 c.
1931 1846 1996 1876 3103,
2014 1846 2031 1871 f.
2050 1845 2082 1872 6?
2099 1847 2149 1877 vo.)

1767 1784 1898 1814 Orvicto,
1914 1783 1928 1809 4
1943 1783 2036 1817 juillet
2056 1783 2131 1810 1291.

1237 1954 1310 1989 Ade,
1329 1953 1461 1989 episcopo
1479 1951 1499 1979 A
1508 1958 1647 1984 versane,
1667 1948 1850 1978 facultatem
1868 1947 2011 1977 concedit
2029 1946 2203 1985 recipiendi

1197 2012 1227 2037 et
1246 2005 1385 2036 faciendi
1408 2004 1506 2042 recipi
1528 2003 1606 2032 duos
1622 2002 1752 2031 clericos
1768 2002 1802 2030 in
1818 2002 1982 2030 Aversana
1998 2000 2149 2035 ecclesia,
2167 2000 2203 2028 in

1197 2069 1260 2098 qua
1279 2057 1532 2097 praebendarum
1554 2064 1609 2085 seu
1634 2054 1865 2084 beneficiorum
1891 2053 2015 2083 collatio
2035 2053 2074 2082 ad
2096 2053 2203 2091 ipsum

1197 2112 1299 2142 solum
1323 2110 1480 2149 pertinet,
1503 2109 1536 2137 in
1560 2107 1730 2138 canonicos
1757 2112 1787 2135 et
1808 2106 1937 2142 fratres,
1961 2111 1991 2135 et
2013 2104 2201 2144 providendi

1198 2165 1326 2202 utrique
1344 2171 1454 2193 eorum
1471 2162 1508 2191 de
1524 2160 1705 2200 praebenda
1721 2168 1776 2188 5611
1794 2159 1961 2188 beneficio.

1239 2230 1253 2243 «
1272 2218 1338 2246 Tne
1361 2215 1566 2245 fraternitatis
1588 2213 1748 2243 devotio...
1771 2228 1810 2234 —
1829 2212 1900 2241 Dat.
1923 2211 2006 2250 apud
2026 2211 2204 2241 Urbemve-

1197 2275 1308 2307 terem,
1327 2279 1373 2299 1111
1389 2277 1489 2299 nonas
1501 2267 1587 2307 Julii‚
1603 2275 1689 2296 anno
1705 2269 1828 2304 quarto.
1849 2276 1862 2291 n

1268 2443 1382 2472 548³?
1776 2437 1907 2469 orvieto,
1924 2437 1958 2463 28
1971 2437 2035 2470 juin
2056 2436 2132 2463 1291.

1233 2506 1440 2533 Monasterium
1456 2503 1578 2530 Sanctae
1595 2501 1692 2528 Clarae
1713 2509 1802 2535 prope
1823 2499 1952 2526 Parisius
1972 2500 2000 2525 in
2020 2499 2072 2532 jus
2093 2504 2121 2524 et
2138 2507 2205 2532 pro-

1198 2557 1346 2592 prietatem
1362 2554 1535 2588 apostolieae
1551 2552 1629 2578 sedis
1643 2551 1776 2584 suscipit.
1789 2549 1872 2581 (Rae.
1892 2549 1935 2579 46,
1953 2556 1978 2574 c.
1997 2548 2058 2581 317,
2074 2548 2092 2573 s.
2111 2547 2143 2573 62
2161 2555 2203 2577 v⁰3

1198 2605 1320 2637 Pone„
1337 2602 1445 2636 23722.)

1241 2729 1260 2736 ..
1286 2706 1430 2736 abbatisse
1451 2709 1476 2734 et
1500 2703 1662 2733 conventui
1684 2700 1861 2730 monasterii
1882 2699 1988 2728 Sancte
2012 2696 2096 2727 Clare
2114 2706 2204 2734 prope

1198 2762 1351 2795 Par-isias,
1371 2759 1491 2788 ordinis
1507 2761 1608 2786 sancte
1627 2756 1730 2790 Clare,
1748 2755 1801 2783 snb
1818 2753 2009 2782 observantia
2027 2751 2130 2787 reyule
2148 2759 2203 2787 que

1197 2819 1337 2844 servatur
1352 2814 1383 2841 in
1396 2811 1578 2840 monasterio
1591 2808 1786 2838 Ηιιιηιίιίαιίς
1802 2807 1886 2835 Beate
1899 2805 1992 2833 Marte
2006 2812 2096 2840 prope
2111 2803 2203 2831 Sanc-

1198 2874 1263 2897 lum
1274 2867 1481 2900 modoaldum,
1495 2863 1675 2893 parisiensis
1687 2861 1820 2897 diocesis,
1835 2859 2014 2889 viventibus.
2028 2868 2042 2882 «
2056 2856 2201 2886 Romana

1199 2920 1330 2950 ecclesia
1345 2917 1599 2957 quarumlibet...
1618 2914 1762 2944 Procedit
1776 2913 1874 2950 igitur
1890 2910 1974 2949 quod
1990 2917 2065 2944 1105,
2083 2908 2122 2937 311
2138 2916 2200 2937 1110-

1198 2973 1373 3003 nasterium
1399 2974 1539 3000 vestrum
1565 2969 1698 3007 ejusque
1725 2973 1888 3004 personas,
1917 2963 1956 2993 de
1982 2961 2099 3000 quibus
2126 2960 2202 2990 odor
