2393 3496
782 335 968 368 LETTRns
991 333 1078 363 NON
1103 320 1437 361 ENREGISTREES.
2083 321 2152 351 1011

75 413 305 458 possessionum
321 413 499 438 vestrarum
520 406 604 437 nulli
624 406 773 443 religioso
795 404 890 434 liceat
909 401 1073 441 quodlibet

76 467 233 501 edificium
261 467 445 493 construere
470 460 520 490 vel
546 459 760 499 possessiones
781 457 966 496 acquirere,
991 454 1074 484 sicut

76 520 177 555 ordini
195 522 298 547 vestro
315 516 431 545 dicitur
448 515 487 544 ab
502 513 672 553 apostolica
688 512 761 542 sede
777 518 974 541 concessum.
992 508 1074 538 Con-

77 572 262 606 secrationes
281 577 354 598 vero
369 567 519 597 altarium
537 576 592 596 seu
612 565 834 600 basilicarum,
856 563 1073 594 ordinationes

77 625 259 658 clericorum
287 621 342 659 qni
368 620 406 649 ad
433 620 565 649 ordines
588 619 708 648 fuerint
730 615 939 656 promovendi
964 624 982 644 a
1006 614 1072 644 dio-

77 686 186 710 cesano
201 674 378 712 suscipietis
393 673 551 712 episcopo,
566 672 591 701 si
604 671 734 710 quidem
747 669 922 700 catholicus
935 668 1030 697 fuerit
1045 671 1075 696 et

77 729 332 763 communionem
345 730 374 756 et
386 726 521 764 gratiam
537 724 706 763 apostolice
722 723 804 753 sedis
817 722 975 757 habuerit,
993 726 1022 750 et
1039 729 1074 749 ea

77 784 164 816 vobis
175 781 272 820 gratis
288 784 318 810 et
333 780 452 818 absque
468 779 621 817 pravitate
637 777 743 816 aliqua
760 775 896 806 voluerit
911 775 1072 804 exhibere.

78 835 227 874 Alioquin
238 833 331 862 lii-eat
342 832 429 862 vobis
442 839 679 870 quemcumque
691 828 869 858 malueritis
881 827 1073 857 catholicum

77 889 162 922 adire
185 886 374 920 antistitem,
401 884 663 914 communionem
689 888 720 912 et
745 883 878 920 gratiam
906 880 1074 919 apostolice

77 942 158 974 sedis
176 940 360 975 habentem,
384 939 439 976 qui
464 937 620 966 nimirum
645 939 751 966 nostra
771 935 869 964 fultus
891 934 1075 963 anctoritate

77 995 162 1026 vobis
191 992 275 1032 quod
304 990 481 1030 postulatur
511 989 686 1028 impendat.
723 989 859 1027 Insuper
890 987 1074 1017 auctoritate

77 1045 243 1088 apostolica
258 1044 445 1074 inhibemus
462 1052 502 1073 ne
518 1042 603 1072 nllus
617 1044 781 1081 episcopus
792 1041 842 1071 vel
858 1040 920 1070 alia
936 1039 1077 1079 quelibet

75 1107 206 1142 persona
227 1098 266 1128 ad
291 1097 430 1136 synodos
455 1097 504 1126 vel
522 1100 697 1126 conventus
716 1095 856 1125 forenses
875 1103 930 1124 vos
948 1094 1005 1129 ire,
1026 1092 1076 1122 vel

73 1152 193 1194 judicio
207 1151 343 1182 seculari
361 1150 399 1180 de
416 1150 544 1188 propria
559 1149 736 1179 substantia
751 1147 801 1177 vel
823 1146 1076 1186 possessionibus

77 1206 184 1237 vestris
199 1205 363 1244 subjacere
379 1203 564 1242 compellat,
582 1211 640 1232 nec
655 1202 693 1231 ad
709 1202 840 1232 domum
858 1206 994 1230 vestram
1013 1208 1075 1229 non

75 1264 199 1291 vocatus
225 1266 320 1287 causa
342 1256 471 1286 ordines
492 1255 690 1290 celebrandi,
715 1263 825 1284 causas
850 1252 1002 1283 tractandi
1026 1252 1077 1282 vel

78 1316 247 1344 conventus
261 1310 386 1349 aliquos
402 1309 543 1348 publicos
559 1308 757 1339 convocandi
775 1308 885 1337 venire
900 1310 1074 1345 presumat;

77 1374 136 1396 nec
150 1363 327 1403 regularem
342 1363 531 1393 electionem
548 1362 663 1401 prioris
677 1361 774 1391 vestri
790 1360 952 1400 impediat,
967 1364 1023 1389 aut
1038 1359 1077 1388 de

77 1417 270 1449 instituendo
293 1416 346 1446 vel
372 1416 564 1446 removendo
590 1423 626 1445 eo
650 1416 704 1454 qui
732 1423 788 1453 pro
818 1419 957 1452 tempore
983 1412 1080 1442 fuerit

79 1475 183 1502 oontra
206 1472 322 1499 statuta
347 1468 563 1499 Cartusiensis
587 1468 710 1498 ordinis
737 1477 770 1497 se
793 1467 996 1506 aliquatenus
1025 1466 1078 1495 in·

80 1523 240 1555 tromittat.
265 1523 364 1552 Porro
377 1546 384 1559 ,
408 1522 435 1551 si
452 1521 591 1560 episcopi
606 1520 656 1551 vel
671 1520 729 1550 alii
751 1520 956 1550 ecclesiarum
976 1524 1078 1549 recto-

79 1587 134 1612 res¹
150 1577 184 1606 in
207 1576 339 1606 domum
365 1580 504 1604 vestram
529 1573 579 1604 vel
607 1582 757 1613 personas
784 1573 867 1603 inibi
892 1573 1079 1602 constitutas

78 1629 305 1669 suspensionis,
316 1627 654 1658 excommunicationis
662 1625 1079 1656 velinterdictisententiam

78 1682 364 1724 promulgaverint,
382 1682 449 1711 sive
467 1681 562 1711 etiam
584 1681 619 1710 in
639 1680 852 1710 mercenarios
870 1683 1005 1715 vestros,
1023 1687 1079 1717 pro

79 1745 115 1767 eo
128 1735 221 1775 quod,
233 1735 313 1765 sicut
323 1734 445 1764 dictum
459 1738 515 1771 est,
533 1734 672 1764 decimas
682 1742 744 1763 non
761 1732 948 1772 persolvitis,
960 1731 1008 1762 vel
1018 1731 1079 1761 ali-

80 1797 140 1829 qua
155 1789 319 1819 occasione
335 1796 447 1818 eorum
465 1796 526 1826 qne
541 1788 580 1817 ab
593 1786 764 1826 apostolica
780 1787 977 1824 benignitate
992 1785 1080 1815 vobis

79 1841 202 1874 indulta
212 1846 298 1878 sunt,
314 1850 369 1872 seu
384 1841 599 1871 benefactores
613 1846 744 1877 vestros,
759 1849 814 1880 pro
825 1849 861 1870 eo
873 1839 956 1879 quod
972 1839 1081 1878 aliqua

80 1895 166 1927 vobis
190 1895 344 1925 beneficia
362 1904 417 1924 seu
437 1895 588 1934 obsequia
604 1903 641 1924 ex
656 1895 783 1924 caritate
804 1893 1009 1932 prestiterim,
1031 1892 1081 1922 vel

81 1949 119 1980 ad
135 1948 344 1979 laborandum
363 1948 547 1987 adjuverint
567 1948 600 1977 in
621 1947 686 1977 illis
704 1947 816 1977 diebus
837 1947 869 1976 in
891 1946 1008 1985 quibus
1026 1954 1081 1975 vos

80 2002 224 2033 laboratis
255 2007 285 2032 et
312 2001 369 2031 alii
395 2002 563 2037 feriantur,
593 2001 728 2031 eandem
753 1999 943 2030 sententiam
974 2004 1080 2038 protu-

80 2055 183 2092 lerint,
202 2055 305 2094 ipsam
317 2060 468 2094 tanquam
482 2058 591 2084 contra
603 2054 686 2083 sedis
697 2053 867 2092 apostolice
879 2052 1003 2082 indulta
1014 2061 1083 2091 pro-

79 2106 172 2139 latam
190 2108 394 2139 decernimus
410 2108 613 2138 irritandam.
634 2108 701 2137 Nec
718 2107 821 2137 littere
832 2106 886 2136 ille
897 2106 1082 2135 firmitatem

80 2161 214 2192 habeant
229 2171 309 2201 quas
329 2163 420 2191 tacito
440 2161 571 2191 nomine
587 2160 801 2191 Cartnsieusis
823 2159 946 2190 ordinis
962 2164 991 2188 et
1006 2167 1081 2189 con-

81 2218 127 2246 tra
142 2220 282 2245 tenorem
300 2215 544 2254 apostolicorum
567 2214 810 2252 privilegiorum
826 2212 1005 2243 constiterit
1020 2214 1082 2241 im-

81 2268 205 2307 petrari.
223 2268 400 2298 Statuimus
416 2268 513 2298 etiam
526 2272 559 2296 ut
576 2271 702 2306 propter
718 2266 903 2296 communia
914 2265 1082 2295 interdicta

81 2324 234 2351 terrarum
261 2321 373 2351 domus
395 2325 517 2358 vestra,
538 2320 821 2350 excommnnicatis
849 2324 878 2349 et
903 2319 1082 2348 interdictis

81 2373 225 2410 exclusis,
235 2383 254 2404 a
268 2374 389 2404 divinis
406 2382 469 2403 non
482 2377 613 2411 cogatur
626 2373 741 2403 officiis
752 2373 922 2403 abstinere.
937 2372 1083 2402 Obeunte

83 2435 154 2457 vero
171 2431 210 2464 te,
237 2436 323 2457 nunc
346 2427 490 2466 ejusdem
513 2427 574 2457 loci
594 2427 709 2465 priore,
726 2426 777 2456 vel
794 2431 919 2456 tuorum
942 2425 1085 2464 quolibet

83 2488 307 2517 successorum,
326 2480 435 2510 nullus
452 2480 572 2510 ibidem
589 2479 731 2519 qualibet
743 2479 954 2517 surreptionis
969 2479 1084 2508 astutia

83 2542 137 2565 seu
161 2535 311 2565 violentia
337 2538 539 2574 preponatur,
569 2535 633 2564 nisi
657 2544 754 2573 quem
779 2535 893 2564 [ratres
920 2534 1084 2564 communi

84 2595 236 2618 consensu
255 2587 305 2618 vel
321 2597 431 2618 eorum
451 2589 552 2626 major
571 2597 642 2627 pars
661 2587 789 2617 consilii
813 2587 948 2617 sanioris
970 2595 1083 2616 secun-

85 2639 159 2670 dum
178 2641 279 2670 Deum
295 2646 326 2670 et
339 2641 510 2680 approbata
528 2641 625 2670 vestri
640 2641 762 2670 ordinis
777 2641 924 2670 instituta
942 2640 1086 2679 provide-

84 2693 356 2731 rinteligendum.
375 2694 586 2724 Decernimus
600 2702 674 2732 ergo
689 2699 723 2723 nt
736 2693 820 2723 nulli
834 2693 968 2723 omnino
984 2693 1085 2722 homi-

84 2754 161 2777 num
176 2747 269 2777 liceat
283 2748 436 2786 prefatam
454 2748 585 2777 domum
608 2752 724 2777 temere
748 2748 933 2786 perturbare
948 2751 1003 2776 ant
1018 2747 1086 2785 ejus

83 2801 293 2838 possessiones
314 2800 440 2830 auferre
464 2800 513 2830 vel
533 2800 653 2830 ablatas
678 2801 836 2836 retinere,
858 2800 1006 2829 minuere
1030 2808 1086 2828 seu

84 2852 278 2891 quibuslibet
306 2854 526 2883 vexationibus
555 2853 708 2891 fatigare,
739 2853 793 2882 sed
823 2852 934 2883 omnia
962 2853 1087 2889 integra

84 2910 310 2936 conserventur
321 2915 431 2936 eorum
444 2914 500 2944 pro
516 2914 654 2944 qnorum
668 2906 902 2943 gubernatione
913 2914 949 2935 ac
964 2910 1088 2934 susten-

86 2959 200 2988 tatione
210 2967 359 2988 concessa
375 2965 450 2988 suut
467 2959 578 2988 usibus
590 2959 786 2988 omnimodis
804 2959 977 2998 profutura.
993 2957 1088 2987 Salva

86 3010 168 3041 sedis
185 3011 351 3050 apostolice
366 3012 562 3041 auctoritate.
583 3011 616 3041 Si
633 3020 695 3050 qua
712 3012 812 3049 igitur
827 3012 862 3041 iu
878 3012 1022 3041 futurum
1040 3019 1089 3040 ec-

1155 397 1330 427 clesiastica
1346 394 1537 426 secularisve
1554 401 1687 432 persona
1698 391 1783 421 hanc
1797 394 1903 420 nostre
1918 388 2157 419 constitutionis

1154 451 1303 489 paginam
1320 449 1425 479 sciens
1443 451 1552 478 contra
1574 455 1644 476 eam
1665 450 1784 475 temere
1802 442 1913 473 venire
1935 441 2154 480 temptaverit,

1155 503 1295 533 secundo
1313 504 1443 532 tertiove
1459 500 1664 536 commonita,
1683 498 1748 528 nisi
1765 501 1889 527 reatum
1907 504 2001 525 suum
2019 503 2158 532 congrua

1156 556 1371 586 satisfactione
1389 553 1572 590 correxerit,
1593 551 1754 592 potestatis
1770 550 1970 588 honorisque
1988 549 2037 578 sni
2055 552 2159 578 careat

1157 612 1310 649 dignitate
1326 619 1477 648 reamque
1499 618 1530 638 se
1553 608 1664 637 divino
1685 606 1808 646 judicio
1831 605 1966 635 existere
1991 604 2029 633 de
2052 612 2159 642 perpe-

1158 670 1235 695 trata
1260 663 1428 703 iniquitate
1455 665 1623 700 cognoscat
1643 665 1672 690 et
1695 669 1713 689 a
1734 658 1949 689 sacratissimo
1971 665 2102 695 corpore
2125 664 2160 685 ac

1157 719 1313 756 sangnine
1332 716 1393 746 Dei
1408 721 1438 745 et
1454 714 1580 745 domini
1599 713 1806 751 redemptoris
1822 712 1923 741 nostri
1945 711 2022 740 Jesu
2040 709 2159 740 Christi

1156 771 1261 801 aliena
1277 771 1341 806 fiat,
1359 774 1454 808 atque
1472 769 1506 798 in
1521 772 1662 797 extremo
1678 766 1827 796 examine
1845 765 1985 794 districte
2000 763 2162 801 subjaceat

1156 824 1284 855 ultioni.
1302 822 1434 853 Cunctis
1452 826 1559 851 autem
1579 820 1681 850 eidem
1704 819 1771 848 loco
1789 827 1846 847 sua
1864 818 1938 856 jura
1961 816 2162 846 servantibus

1157 878 1198 907 sit
1213 886 1270 916 pax
1287 875 1419 906 Domini
1436 873 1537 904 nostri
1551 874 1627 903 Jesu
1647 872 1765 902 Christi
1786 870 1936 909 quatinus
1955 874 1985 899 et
2004 869 2057 898 hic
2076 868 2161 897 fruc-

1157 935 1225 960 tum
1247 930 1330 959 bone
1353 927 1487 958 actionis
1512 925 1688 964 percipiant
1712 929 1742 953 et
1767 923 1851 962 apud
1872 923 2049 952 districtum
2071 920 2161 959 Judi-

1157 993 1225 1014 cem
1258 981 1381 1021 premia
1409 986 1517 1010 eterne
1549 979 1635 1018 pacis
1660 977 1840 1007 inveniant.
1871 977 1975 1005 Amen
1993 999 1999 1011 ‚
2034 975 2140 1003 Amen
2156 997 2162 1009 ,

1157 1039 1275 1067 Amen.

1199 1089 1263 1127 Ego
1286 1086 1449 1123 Nicolans,
1474 1084 1629 1115 catholice
1650 1082 1783 1113 ecclesie
1801 1081 1979 1120 episcopus,
1999 1078 2160 1117 suscripsi.

1160 1143 1246 1172 Bene
1263 1141 1375 1171 valete.
1394 1140 1459 1177 Ego
1474 1139 1570 1167 frater
1587 1136 1738 1171 Latinus,
1762 1134 1920 1165 Ostiensis
1938 1138 1968 1162 et
1984 1131 2162 1161 Velletren-

1159 1196 1201 1226 sis
1219 1195 1396 1233 episcopus,
1417 1202 1441 1222 s.
1464 1192 1529 1229 Ego
1545 1189 1718 1224 Gerardns,
1736 1187 1924 1218 Sabinensis
1938 1185 2117 1224 episcopus,
2137 1193 2163 1213 s.

1161 1249 1224 1286 Ego
1245 1246 1444 1280 Bernartius,
1463 1242 1648 1274 Portuensis
1665 1246 1694 1270 et
1710 1241 1826 1271 Sancte
1845 1239 1963 1269 Rufine
1978 1238 2162 1277 episcopuS,

1159 1312 1184 1332 s.
1201 1302 1264 1339 Ego
1272 1300 1450 1335 Johannes,
1465 1296 1665 1327 Tusculanus
1679 1295 1854 1333 episcopus,
1869 1302 1893 1322 s.
1910 1292 1974 1330 Ego
1985 1291 2080 1320 frater
2096 1290 2163 1319 Ma-

1161 1355 1270 1391 mens,
1289 1352 1375 1383 tituli
1391 1351 1499 1382 Sancti
1516 1348 1681 1379 Laurentii
1700 1348 1735 1377 in
1757 1347 1896 1375 Damaso
1914 1344 2080 1383 presbyter
2098 1351 2166 1372 car-

1161 1408 1297 1444 dinalis,
1317 1416 1342 1436 s.
1363 1406 1426 1443 Ego
1448 1405 1543 1433 frater
1562 1403 1656 1440 Hugo
1669 1426 1676 1438 ,
1704 1399 1789 1430 tituli
1809 1399 1923 1429 Sancte
1943 1397 2062 1427 Sabine
2078 1405 2165 1434 pres-

1161 1462 1254 1500 byter
1282 1458 1469 1493 cardinalis,
1503 1466 1528 1486 s.
1559 1456 1625 1493 Ego
1657 1455 1787 1489 Petrus,
1815 1452 1899 1482 tituli
1929 1450 2038 1481 Sancti
2066 1449 2167 1479 Marci

1162 1515 1327 1553 presbyter
1342 1510 1514 1542 cardinalis
1529 1534 1536 1546 ‚
1555 1519 1580 1538 s.
1604 1509 1669 1546 Ego
1693 1506 1856 1541 Matheus,
1881 1505 1996 1535 Sancte
2016 1503 2115 1533 Marie
2131 1501 2167 1531 in

1162 1567 1291 1597 Porticu
1301 1566 1453 1595 diaconus
1466 1561 1649 1596 cardinalis,
1665 1570 1689 1590 s.
1704 1560 1768 1597 Ego
1779 1558 1928 1594 Jacobus,
1942 1557 2056 1586 Sancte
2068 1554 2168 1584 Marie

1162 1622 1195 1651 iu
1226 1620 1288 1649 Via
1314 1619 1376 1648 lata
1405 1617 1558 1647 diaconus
1588 1613 1776 1647 cardinem,
1803 1620 1828 1641 s.
1858 1611 1923 1648 Ego
1952 1609 2143 1639 Benedictus
2160 1631 2167 1643 ,

1163 1674 1272 1705 Sancti
1288 1671 1415 1703 Nicolai
1430 1671 1464 1700 in
1485 1669 1619 1699 Carcere
1634 1666 1784 1696 Tulliano
1800 1664 1955 1694 diaconus
1976 1661 2146 1692 cardinalis
2160 1684 2166 1697 ,

1163 1738 1188 1760 s.
1206 1728 1271 1766 Ego
1283 1725 1455 1765 Neapoleo‚
1476 1722 1583 1753 Sancti
1600 1719 1735 1750 Adriani
1756 1718 1908 1748 diaconus
1927 1714 2120 1751 cardinalis,
2141 1722 2166 1742 s.

1164 1782 1229 1820 Ego
1247 1781 1377 1814 Petrus,
1395 1777 1505 1808 Sancti
1523 1774 1687 1805 Eustachii
1702 1773 1856 1802 diaconus
1873 1769 2056 1805 cardinalis,
2074 1777 2100 1797 s.

1204 1834 1273 1864 Dat.
1292 1833 1400 1867 Reate,
1414 1840 1468 1870 per
1485 1837 1616 1859 manum
1633 1826 1778 1865 magistri
1791 1824 1963 1859 Joliannis‚
1981 1821 2093 1852 decani
2110 1820 2171 1850 Ba-

1161 1887 1319 1927 jocensis,
1341 1889 1449 1915 sancte
1470 1891 1602 1913 romane
1624 1879 1756 1911 ecclesie
1781 1876 2050 1909 vicecancellarii,
2074 1883 2095 1904 11
2113 1873 2170 1903 ka-

1163 1940 1275 1971 lendas
1291 1939 1441 1974 octobris,
1456 1935 1633 1966 indictione
1647 1933 1747 1968 tertia,
1760 1928 1995 1961 incarnationis
2008 1926 2171 1957 dominice

1164 2002 1250 2023 anno
1280 1993 1545 2023 u⁰cc⁰txxxvnn⁰,
1578 1986 1783 2026 pontificatus
1809 1991 1883 2013 vero
1913 1980 2015 2012 donni
2044 1978 2168 2010 Nicolai

1164 2056 1244 2087 pape
1258 2046 1326 2076 IIII
1343 2052 1429 2075 anno
1446 2041 1597 2073 secundo.
1616 2052 1630 2067 τι

1238 2204 1353 2234 '2368
1421 2196 1785 2231 Sainte-Marie-Majeure‚
1804 2194 1835 2221 16
1851 2191 2006 2220 novembre
2023 2190 2100 2217 1289.

1201 2266 1387 2303 Dispensatio
1403 2261 1587 2290 matrimonii.
1604 2259 1707 2294 (Aaou.
1724 2257 1808 2288 Va'r„
1825 2257 1898 2283 Bull.
1913 2263 1985 2288 qen„
2002 2257 2023 2280 t.
2038 2252 2062 2286 Ι,
2080 2258 2111 2278 n⁰
2125 2252 2170 2282 15;

1166 2317 1285 2350 Porrn„
1301 2314 1410 2345 ς23119.)

1206 2419 1314 2448 Dilecto
1341 2417 1405 2454 filio
1430 2414 1525 2444 nobili
1550 2413 1617 2441 viro
1649 2410 1810 2445 Gileberto,
1838 2406 1943 2436 comiti
1968 2403 2124 2434 Glovernz'e
2146 2406 2175 2431 et

1168 2471 1350 2509 Heresordie.
1371 2469 1452 2499 Cum
1468 2475 1504 2497 eo
1520 2465 1685 2504 dispensat
1702 2466 1736 2492 ut
1750 2470 1824 2491 cnm
1841 2460 2003 2495 Johanna,
2026 2456 2094 2486 filia
2112 2455 2176 2485 Ed-

1167 2525 1269 2556 wardi
1288 2523 1371 2561 regis
1389 2520 1546 2559 Angliae,
1569 2526 1632 2547 non
1648 2515 1847 2547 obstantibus
1867 2512 2008 2542 secundo
2031 2514 2061 2540 et
2085 2508 2176 2538 tertio

1167 2577 1333 2610 affinitatis
1359 2574 1509 2614 gradibus
1531 2571 1648 2611 quibus
1672 2578 1704 2599 se
1729 2567 1910 2605 attingunt,
1931 2562 2175 2594 matrimonium

1167 2630 1357 2663 contrahere
1373 2627 1478 2667 possit.

1210 2697 1224 2711 ιι
1253 2682 1368 2713 Petitio
1391 2686 1444 2710 tua
1467 2678 1597 2708 nohis...
1620 2693 1659 2697 -—
1683 2675 1756 2704 Dat.
1780 2674 1893 2707 Rome,
1919 2669 2003 2709 apud
2027 2668 2175 2698 Sanctam

1171 2738 1307 2768 Mariam
1324 2734 1496 2773 Majorem,
1516 2740 1567 2760 xvi
1590 2727 1744 2759 kalendas
1761 2724 1938 2756 decembris
1949 2747 1956 2759 ,
1973 2721 2175 2762 pontificatus

1170 2790 1272 2821 nostri
1287 2796 1372 2819 anno
1388 2785 1540 2816 secundo.
1557 2795 1572 2810 n

1242 2947 1355 2976 *2:3ss⁷
1476 2938 1836 2973 Sainte-Marie-Majeure,
1853 2935 1885 2962 16
1898 2933 2010 2968 janvier
2028 2930 2104 2957 1290.

1207 3010 1323 3037 Deeano
1340 3005 1508 3033 carnotensi
1524 3002 1639 3030 mandat
1655 3005 1686 3028 ut
1700 3000 1863 3027 detentores
1880 2997 2018 3022 bonorum
2038 2990 2178 3018 ecclesiae
