2393 3496
687 362 824 392 TABLE
845 350 1180 396 ALPHABETIQUE
1202 361 1281 391 Dus
1304 361 1478 392 INCIPIT.
2068 362 2141 393 1093

43 428 241 464 Presentium
258 427 345 458 vobis
361 428 548 457 auctoritate
566 428 651 457 1006.

44 483 169 515 Pridem
185 481 223 511 ad
239 480 408 519 apostolice
424 480 512 517 6706,
530 480 618 517 6726,
637 480 725 511 7384.

44 536 171 568 Pridem
187 533 226 563 ad
242 538 383 563 nostram
402 534 493 571 2172,
515 534 704 571 2324-2346,
723 535 818 572 4564,
836 534 927 571 4635,
949 533 1043 570 5659,

82 587 168 618 6894.

44 641 171 673 Pridem
187 639 226 668 ad
241 639 386 669 notitiam
406 639 490 669 1758.

43 694 170 725 Pridem
190 692 324 722 Alfonso
342 692 504 730 quondam
521 693 610 722 2171.

43 747 168 778 Pridem
187 749 305 775 attente
324 745 591 776 considerationis
609 746 698 775 7213.

43 800 170 831 Pridem
186 798 409 828 celsitudinem
427 799 547 835 regiam
565 799 653 828 4411.

0 881 1 890 ,
44 853 170 884 Pridem
187 861 259 881 cum
279 861 422 881 essemus
439 851 526 881 4384.

44 907 170 938 Pridem
186 914 258 935 cum
275 910 510 935 sacramentum
527 906 615 936 4306.

44 962 171 992 Pridem
188 959 311 989 dilectis
330 958 407 987 filiis
424 959 511 994 2650,
530 959 617 994 4286,
636 959 724 996 6447,
744 959 832 989 6448.

43 1013 170 1045 Pridem
187 1012 319 1043 dilectus
335 1012 422 1041 filius
438 1012 525 1049 6731,
547 1013 635 1048 7085,
657 1013 746 1043 7086.

43 1067 169 1099 Pridem
188 1066 375 1104 diligentius
393 1066 592 1096 attendentes
612 1067 697 1103 1656,
720 1067 805 1096 1657.

42 1120 168 1152 Pridem
184 1119 261 1149 dum
277 1120 439 1157 regionem
457 1119 545 1149 2248.

31 1173 168 1206 ‚Pridem
187 1181 223 1202 ex
240 1176 326 1211 parte
340 1172 410 1208 830,
427 1172 516 1210 5936,
537 1173 625 1203 7149.

40 1226 167 1258 Pridem
184 1226 319 1256 fratrum
335 1231 516 1256 nostrornm
534 1226 622 1256 6966.

41 1280 168 1312 Pridem
184 1280 217 1309 in
235 1279 287 1310 die
303 1280 390 1309 2262.

40 1333 167 1365 Pridem
184 1333 268 1363 inter
285 1333 425 1364 nobilem
443 1334 532 1364 7097.

40 1387 166 1418 Pridem
182 1387 266 1416 inter
281 1387 455 1417 nonnullos
471 1388 559 1425 7082,
577 1387 666 1418 7083.

22 1470 24 1474 ,
41 1440 167 1471 Pridem
185 1439 447 1470 Jerosolimitana
463 1441 596 1470 ecclesia
613 1440 700 1471 1358.

41 1493 168 1524 Pridem
182 1493 334 1522 Junctam
351 1493 427 1523 olim
448 1493 536 1524 4405.

41 1545 169 1576 Pridem
185 1546 308 1576 labores
323 1547 511 1577 innumeros
529 1546 629 1588 3026„

42 1599 169 1630 Pridem
190 1600 382 1629 monasterio
401 1600 432 1629 S.
454 1600 614 1629 Eustachii
636 1599 721 1630 1329.

42 1652 168 1683 Pridem
189 1652 391 1682 necessitates
406 1653 594 1682 innumeras
611 1653 700 1690 4375,
718 1652 806 1683 4376.

39 1705 171 1735 vPridem
188 1706 278 1735 nobis
294 1705 352 1734 filii
371 1705 460 1736 3676.

43 1759 170 1790 Pridem
189 1759 282 1789 nob-is
299 1764 350 1788 tua
366 1758 454 1788 6729.

45 1812 171 1842 Pridem
188 1812 279 1842 nobis
295 1812 470 1842 venerabili
489 1812 578 1843 7203.

38 1865 169 1896 >Pridem
185 1866 272 1904 pacis
290 1865 398 1896 emulo
415 1866 501 1896 4218.

43 1918 171 1949 Pridem
187 1928 242 1957 per
258 1923 328 1949 tuas
344 1919 432 1948 7084.

41 1972 168 2003 Pridem
186 1973 417 2003 Perusinorum
434 1982 561 2011 gressus
581 1973 668 2003 2168.

41 2025 168 2056 Pridem
183 2031 252 2065 post
271 2030 376 2056 nostre
393 2025 539 2063 584-591,
555 2025 702 2056 638-642.

41 2079 170 2109 Pridem
187 2083 280 2118 prout
295 2080 329 2109 in
346 2079 434 2109 6724.

41 2132 170 2162 Pridem
186 2136 279 2171 prout
295 2136 323 2162 te
342 2132 411 2162 643.

42 2185 169 2216 Pridem
186 2186 361 2216 venerabili
378 2186 466 2216 fratri
484 2186 668 2217 3394-3396.

42 2238 168 2269 Pridem
184 2239 419 2269 venerabilibus
438 2240 589 2270 fratribus
607 2240 694 2275 4284,
714 2239 804 2277 4285,
822 2237 1007 2269 4287-4289.

41 2292 193 2331 Princeps
204 2292 419 2331 apostolorum
431 2293 544 2323 Petrus
558 2293 645 2329 2542,
658 2293 746 2329 2969,
758 2292 847 2329 4730,
858 2291 948 2329 5143,
960 2290 1048 2322 5836.

43 2345 250 2384 Privilegium
266 2345 349 2384 quod
366 2346 468 2377 felicis
486 2347 553 2382 452,
576 2346 661 2382 1349,
680 2345 770 2383 3486,
791 2345 880 2375 4248.

42 2398 251 2438 Privilegium
267 2399 426 2438 quoddam
443 2399 543 2430 felicis
560 2400 647 2435 4771,
669 2399 760 2430 4901.

43 2450 104 2482 Pro
120 2452 256 2490 puritate
272 2457 374 2482 vestre
390 2453 458 2483 869.

43 2503 177 2535 Probata
195 2506 360 2535 sinceritas
377 2510 428 2536 tue
444 2506 533 2536 5201.

43 2556 211 2588 Probitatis
228 2563 258 2588 et
274 2559 448 2589 nobilitatis
465 2560 554 2589 6172.

24 2644 27 2648 ¹
43 2609 208 2640 Probitatis
225 2612 339 2641 merita
355 2612 463 2642 dilecti
482 2613 571 2642 4714.

42 2662 210 2693 Probitatis
227 2664 414 2704 multiplicis
431 2666 543 2695 merita
562 2665 648 2702 4960,
670 2665 853 2695 7115-7118.

43 2714 210 2746 Probitatis
228 2722 278 2747 tue
297 2719 410 2748 merita
427 2718 515 2756 3110,
536 2718 624 2756 4713,
642 2719 731 2749 5612.

43 2766 188 2799 Procedit
202 2780 238 2800 ex
255 2771 433 2801 devotionis
451 2771 520 2802 269.

45 2819 190 2852 Procedit
206 2832 241 2852 ex
261 2828 312 2854 tue
328 2824 416 2854 5059.

45 2871 199 2904 Processit
213 2885 249 2905 ex
266 2876 381 2907 intime
395 2878 484 2908 7553.

17 2913 19 2926 Ι
45 2924 249 2958 Promerente
267 2933 330 2959 tam
348 2935 398 2960 tue
414 2931 502 2960 5481.

11 3023 13 3025 Ι
45 2977 249 3011 Promerente
267 2987 319 3012 tue
336 2984 515 3014 devotionis
532 2984 621 3015 2079.

14 3064 15 3070 ,
46 3030 246 3072 Propositum
265 3035 360 3066 habet
376 3037 545 3075 apostolice
564 3037 652 3068 4836.

1128 427 1261 465 Propter
1275 427 1383 466 culpas
1399 428 1594 466 multiplices
1613 428 1702 458 6704.

1129 480 1260 519 Propter
1274 481 1437 510 miseriam
1454 484 1535 511 terre
1552 482 1736 512 6673-6679.

1128 534 1260 571 Propter
1277 534 1441 563 veritatem
1459 539 1488 563 et
1504 534 1571 571 633,
1590 535 1657 572 650,
1677 536 1745 565 651.

1129 587 1318 624 prosperum
1334 591 1450 616 statum
1467 587 1625 617 carissimi
1642 587 1730 618 2209.

1129 640 1280 668 Provenit
1295 648 1331 669 ex
1349 640 1472 669 meritis
1491 640 1579 677 4489,
1599 641 1687 671 6467.

1130 693 1282 722 I'rovcnit
1297 702 1334 723 ex
1352 697 1401 723 tue
1421 694 1508 723 2715.

1131 746 1369 775 Providentiam
1388 745 1559 775 nobilitatis
1577 751 1628 776 tue
1645 746 1732 783 4032,
1752 747 1840 778 4035.

1131 799 1265 828 Provido
1281 804 1311 828 et
1326 799 1444 828 salubri
1462 799 1530 835 371,
1549 800 1617 829 377.

1129 852 1326 881 provisionis
1342 857 1447 882 nostre
1462 852 1555 881 debet
1568 852 1712 889 526-530,
1731 852 1917 883 6177-6180.

1132 904 1239 933 Ρ111531
1255 905 1411 934 instanter
1427 905 1465 933 ad
1482 904 1570 935 6835.

1131 958 1305 987 Puritatem
1324 962 1374 987 tue
1389 958 1583 987 conscientie
1601 958 1689 987 5319.

1129 1064 1274 1100 Qualiter
1289 1064 1441 1094 hactenus
1458 1069 1487 1094 et
1503 1064 1570 1100 560,
1589 1065 1659 1094 561.

1129 1117 1273 1153 Qualiter
1291 1118 1445 1147 hactenus
1461 1118 1561 1148 felicis
1578 1118 1666 1148 6839.

1129 1171 1232 1207 Quam
1250 1170 1382 1201 devotus
1398 1171 1583 1201 celsitudini
1600 1172 1688 1201 7561.

1129 1225 1232 1260 Quam
1248 1225 1386 1261 graviter
1403 1229 1432 1254 et
1451 1225 1540 1262 6197,
1557 1225 1645 1254 6198.

1129 1278 1233 1314 Quam
1249 1279 1288 1308 sit
1303 1284 1417 1308 onusta
1433 1278 1608 1309 3709-3723

1129 1331 1283 1367 Quamvis
1299 1332 1331 1360 in
1349 1332 1554 1362 concessione
1571 1332 1639 1369 293,
1658 1332 1745 1362 2055.

1130 1385 1321 1423 Quanquam
1341 1390 1451 1414 contra
1469 1390 1560 1415 natos
1580 1386 1666 1422 1407,
1685 1385 1775 1416 4943.

1129 1438 1265 1474 Quantis
1285 1439 1325 1468 ab
1340 1438 1417 1468 olim
1436 1439 1598 1477 991-1003,
1619 1439 1705 1469 4128.

1131 1491 1256 1527 Quanto
1271 1492 1410 1530 amplius
1428 1502 1495 1522 esse
1512 1493 1601 1523 3160.

1131 1545 1257 1580 Quanto
1273 1545 1446 1575 cenobium
1462 1545 1494 1576 S.
1514 1546 1663 1585 Dyonisii
1680 1546 1768 1577 3151.

1131 1599 1257 1634 Quanto
1273 1598 1507 1629 desiderantius
1525 1601 1563 1629 ad
1582 1600 1670 1631 5843.

1132 1652 1257 1687 Quanto
1273 1651 1428 1682 devotiori
1445 1653 1551 1683 studio
1567 1654 1655 1690 6707,
1675 1653 1763 1689 6708,

1132 1705 1258 1740 Quanto
1274 1704 1418 1735 devotius
1434 1706 1544 1736 divino
1561 1706 1648 1736 6559.

1132 1758 1259 1794 Quanto
1275 1758 1380 1788 dilecti
1398 1759 1458 1788 filii
1473 1760 1541 1789 756.

1133 1811 1259 1847 Quanto
1274 1811 1307 1841 in
1325 1811 1458 1841 ecclesia
1481 1812 1569 1842 7072.

1133 1865 1258 1901 9031110
1276 1867 1430 1904 majorem
1446 1867 1528 1904 apud
1549 1866 1638 1896 4298.

1133 1919 1258 1955 Quanto
1274 1919 1404 1957 majoris
1423 1919 1599 1949 devotionis
1623 1920 1695 1955 187,
1721 1920 1796 1956 188,
1819 1920 1911 1960 1134,
1931 1920 2023 1959 1135,
2046 1919 2142 1960 7391,

1173 1971 1262 2001 7639.

1133 2025 1259 2061 Quanto
1276 2025 1440 2063 negotium
1456 2026 1617 2064 Aragonie
1638 2026 1723 2056 1004.

1133 2079 1259 2114 9031110
1276 2087 1444 2117 personam
1463 2083 1548 2108 tuam
1565 2079 1638 2114 990,
1660 2079 1749 2110 6709.

1133 2132 1259 2168 91131110
1277 2131 1418 2170 preclara
1433 2132 1556 2161 ordinis
1575 2132 1643 2161 808.

1133 2186 1259 2221 Quanto
1274 2194 1442 2215 romanam
1463 2186 1575 2215 urbem
1592 2186 1680 2215 7259.

1133 2239 1259 2274 Quanto
1274 2238 1438 2276 spetialius
1452 2238 1564 2268 civitas
1587 2239 1677 2277 6977,
1695 2239 1785 2278 6978,
1803 2239 1893 2277 7247,
1914 2239 2002 2270 7248.

1133 2292 1258 2328 Quanto
1274 2291 1448 2320 studiosius
1467 2291 1577 2321 devota
1599 2292 1684 2329 1265,
1703 2292 1793 2330 3328,
1807 2292 1896 2329 4038,
1918 2292 2008 2323 5347.

1133 2346 1258 2381 Quanto
1274 2344 1447 2374 studiosius
1466 2345 1627 2375 minorum
1645 2345 1734 2376 3679.

1132 2398 1258 2434 Quanto
1274 2406 1327 2426 vos
1346 2402 1375 2426 et
1391 2397 1482 2427 7337.

1133 2451 1292 2487 Quasdam
1311 2450 1431 2479 litteras
1447 2450 1549 2480 felicis
1568 2451 1658 2488 2167,
1680 2451 1770 2482 6031.

1133 2504 1201 2540 Que
1217 2504 1255 2533 de
1271 2504 1354 2532 sedis
1372 2503 1440 2532 479.

1133 2558 1200 2593 Que
1218 2557 1423 2586 fraternitatis
1439 2557 1642 2594 exigentibus
1663 2558 1733 2588 215.

1133 2611 1201 2646 Que
1218 2609 1474 2647 reverentiaque
1491 2609 1561 2647 632,

1134 2662 1270 2699 Querela
1285 2662 1391 2699 gravis
1406 2662 1597 2692 dilectorum
1615 2664 1683 2700 281,
1699 2664 1768 2696 766.

1134 2715 1270 2752 Querela
1286 2715 1390 2752 gravis
1408 2715 1602 2745 venerabilis
1621 2717 1709 2747 2139.

1135 2767 1305 2804 Querelam
1322 2767 1429 2797 dilecti
1449 2767 1510 2796 filii
1528 2768 1619 2798 7098.

1135 2821 1306 2857 Querelam
1322 2821 1511 2850 dilectorum
1531 2821 1672 2851 filiorum
1688 2821 1778 2860 3888,
1797 2823 1886 2854 5526.

1136 2874 1307 2911 Querelam
1327 2883 1456 2911 gravem
1474 2874 1580 2905 dilecti
1596 2876 1686 2906 6038.

1136 2927 1306 2963 Querelam
1321 2935 1451 2964 gravem
1468 2928 1647 2966 recepimus
1663 2929 1734 2959 844.

1136 2980 1307 3017 Querelam
1322 2988 1451 3017 gravem
1469 2980 1661 3011 venerabilis
1677 2981 1747 3020 736,
1762 2981 1831 3020 737,
1847 2982 1935 3020 1175,
1951 2982 2037 3022 1176,
2056 2981 2148 3016 6371.

1137 3033 1305 3070 Querelam
1324 3032 1516 3062 venerabilis
1533 3033 1637 3064 fratris
1655 3034 1743 3070 2266,
1762 3035 1854 3072 5200,
1874 3035 1964 3074 6289,
1981 3035 2069 3068 6902.
