2393 3496
253 295 310 325 946
1005 282 1240 315 REGISTRES
1263 282 1316 312 DE
1339 281 1523 311 NICOLAS
1547 282 1602 312 IV.

327 358 580 389 &mv-'2008
751 352 958 381 Saint-Piorre,
979 351 1008 377 15
1024 350 1093 376 avril
1112 349 1190 376 1988.

291 422 404 449 Inhibet
421 430 455 447 ne
472 418 635 447 monasterii
657 417 690 443 de
711 414 889 447 Nouamula,
910 412 1084 438 Mutinensis
1104 410 1260 443 dioecesis,

250 473 319 507 ,iura
335 475 362 497 et
375 469 539 505 jurisdictio
556 469 582 493 in
600 466 730 492 homines
747 467 774 490 et
785 466 912 489 castrum
926 460 1014 487 Vallis
1025 459 1161 486 Fabi-icae
1173 462 1201 485 et
1209 458 1263 484 alia

255 520 316 547 loca
332 519 482 545 districtus
498 515 587 543 Asisii
605 514 774 540 vendantur.
794 510 864 543 (Ful.
882 511 895 536 7
914 511 964 542 νῦ.)

296 622 415 651 Dileclis
432 620 507 656 filiis
536 639 555 646 ..
582 615 776 653 procuratori
801 618 826 643 et
849 612 1010 642 conventui
1032 610 1212 640 monasterii
1230 610 1265 639 de

254 674 443 706 ΝοηαηΙιιΙα,
460 671 579 701 ordinis
595 669 624 698 S.
643 668 808 701 Benedicti,
830 666 1009 695 Mutinensis
1027 665 1163 694 diocesis.

296 739 310 754 ι
342 724 494 755 Pervenit
518 723 557 752 ad
585 721 823 751 audientiam...
853 736 893 742 —
919 719 990 748 Dat.
1018 727 1081 747 xvn
1111 716 1265 746 kalendas

254 780 344 810 maii.
364 791 378 805 ι)

295 833 334 862 In
363 841 390 861 e.
416 840 459 860 m.
490 853 509 859 ..
538 828 634 868 priori
660 831 689 858 et
717 825 890 857 conventui
916 824 1102 855 monasterii
1131 823 1265 853 Sanctae

256 886 377 917 Mariae
399 883 503 913 Vallis
528 883 691 917 Fabricae,
718 890 772 920 per
798 880 938 919 priorem
963 877 1046 908 soliti
1077 875 1264 916 gubernari.

254 940 327 970 Dat.
345 942 499 976 utsupra.

327 1123 584 1155 2009-3013
756 1119 963 1152 Saint-Pierre,
979 1117 1012 1144 ‘27
1029 1117 1098 1143 avril
1118 1116 1194 1143 1288.

291 1189 398 1215 Statuit
412 1189 471 1214 sore
489 1193 518 1213 ut
534 1185 667 1212 victualia
683 1184 715 1210 ad
732 1184 841 1210 curiam
857 1181 1044 1216 apostolicam
1061 1179 1150 1205 Reate
1167 1178 1267 1204 seden-

255 1242 312 1266 tem
336 1237 452 1264 ferenda
475 1237 563 1262 libero
584 1237 704 1261 transstu
731 1232 874 1268 gaudeant
897 1239 947 1266 pei·
971 1234 1061 1256 terras
1084 1227 1267 1255 circumvici-

255 1296 317 1315 nas.
336 1286 405 1320 (Fol.
425 1286 439 1313 S
456 1287 504 1318 ro.)

297 1388 414 1419 Dilectis
427 1388 502 1425 filiis
517 1409 538 1416 ..
550 1386 703 1424 potestati,
717 1407 736 1414 ..
751 1384 919 1421 capitaneo,
934 1381 1058 1412 consilio
1074 1385 1100 1410 et
1112 1380 1268 1409 communi

257 1443 441 1473 Camerinis.
463 1452 476 1467 α
499 1439 581 1469 Cum
599 1438 809 1477 disponamus
827 1436 861 1465 in
882 1435 1025 1475 proximo
1043 1434 1083 1463 ad
1105 1433 1268 1463 civitatem

257 1495 431 1527 Reatinam
459 1502 534 1524 cnm
561 1492 650 1522 curia
679 1495 803 1527 nostra,
833 1492 998 1519 annuente
1025 1487 1181 1524 Domino,
1211 1494 1269 1516 nos

258 1549 443 1585 transferre,
464 1547 524 1577 hac
541 1549 638 1576 estate
654 1545 734 1574 inibi
751 1547 947 1579 moraturos,
966 1550 1034 1578 nos,
1054 1540 1219 1579 cupientes
1236 1543 1270 1569 ut

256 1604 291 1633 in
312 1602 442 1633 civitate
465 1601 532 1639 ipsa
552 1598 699 1629 fertilitas
719 1596 906 1627 victualium
929 1595 1097 1631 habeatur,
1120 1593 1269 1623 volumus

258 1661 288 1687 et
305 1660 414 1686 tenore
436 1654 525 1684 vobis
541 1652 739 1692 presentium
763 1651 898 1680 firmiter
914 1648 1118 1688 precipiendo
1134 1647 1269 1677 manda-

257 1719 331 1741 mus
353 1709 524 1748 quatinus,
543 1706 686 1746 quandin
713 1714 770 1735 nos
787 1709 817 1734 et
837 1704 972 1734 eandem
998 1703 1120 1732 curiam
1144 1702 1178 1731 in
1202 1702 1270 1740 ipsa

259 1764 386 1795 civitate
413 1761 532 1791 morari
555 1758 737 1797 contigerit,
762 1766 873 1796 passus
893 1756 1029 1786 civitatis
1054 1760 1084 1785 et
1108 1755 1270 1785 districtus

257 1816 356 1847 vestri
371 1814 521 1854 aperiatis
537 1818 567 1843 et
580 1812 729 1842 omnibus
746 1811 802 1849 qui
816 1819 933 1846 emere,
949 1809 1087 1839 vendere
1102 1817 1139 1838 ac
1156 1808 1271 1838 exinde

259 1875 289 1900 et
307 1870 346 1899 de
363 1868 506 1898 Marchia
524 1867 726 1897 Anconitana
747 1874 801 1894 seu
822 1864 1080 1902 quibuscumque
1098 1861 1170 1891 aliis
1194 1861 1271 1891 locis

259 1924 383 1954 deferre
399 1923 437 1951 ad
454 1921 628 1960 predictam
645 1919 769 1949 curiam
790 1920 930 1947 nostram
950 1915 1094 1952 bladum,
1112 1915 1225 1944 vinum
1242 1919 1273 1944 et

258 1977 322 2007 alia
347 1975 500 2005 victualia
525 1973 686 2004 voluerint
707 1970 893 2010 generalem
919 1969 1085 1999 licentiam
1111 1967 1270 2004 tribuatis,

258 2032 303 2061 ita
323 2030 407 2069 quod
429 2028 500 2058 sine
522 2027 660 2065 alicujus
680 2025 853 2055 exactionis
877 2032 974 2054 onere
994 2020 1180 2061 hujusmodi
1203 2021 1271 2051 vic-

259 2083 357 2114 tualia
376 2082 476 2112 libere
493 2080 609 2110 deferri
626 2078 753 2108 valeant
768 2077 807 2107 ad
823 2077 948 2107 curiam
965 2079 1187 2113 memoratam,
1206 2083 1271 2104 non

257 2136 459 2169 obstantibus
486 2134 743 2173 quibuscumque
773 2139 854 2170 pena
880 2129 929 2160 vel
959 2132 1076 2159 statuto
1103 2128 1271 2158 contrariis

259 2200 354 2229 super
370 2189 430 2219 hoc
446 2198 464 2218 a
480 2187 569 2218 vobis
587 2186 692 2222 editis,
710 2193 846 2224 quorum
863 2183 1030 2214 occasione
1047 2182 1112 2211 sive
1129 2185 1272 2220 pretextu

259 2248 363 2284 posset
372 2243 501 2273 effectus
512 2240 710 2280 presentium
721 2237 872 2277 impediri
884 2237 917 2266 in
928 2236 1035 2275 aliquo
1044 2235 1095 2265 vel
1107 2235 1270 2265 differri...

260 2298 332 2328 Dat.
350 2297 464 2332 Rome,
478 2294 560 2333 apud
577 2295 731 2324 Sanctum
748 2293 891 2329 Petrum,
906 2301 926 2320 v
938 2290 1093 2320 kalendas
1109 2289 1197 2320 maii.
1218 2301 1231 2316 s

300 2351 339 2390 In
356 2359 383 2380 e.
465 2347 580 2378 rectori
596 2345 789 2376 Patrimonii
808 2344 896 2374 Beati
914 2344 1000 2373 Petri
1015 2344 1050 2373 in
1066 2343 1190 2373 Tuscia.

300 2404 339 2433 In
356 2412 384 2433 e.
440 2425 445 2431 .
467 2401 581 2431 rectori
598 2400 760 2430 Marchiae
776 2397 1036 2428 Anchonitanae.

302 2457 341 2486 In
358 2466 384 2486 e.
440 2478 447 2485 .
465 2455 580 2485 rectori
600 2453 763 2484 Sabiniae.

302 2512 339 2541 In
357 2519 384 2540 e.
438 2533 444 2538 .
465 2508 578 2539 rectori
594 2508 727 2538 ducatus
745 2505 919 2545 Spoletani.

401 2358 446 2539 esee

335 2695 453 2724 '2014

299 2757 342 2785 De
357 2764 448 2783 censu
464 2763 559 2782 annuo
576 2764 591 2781 a
612 2762 678 2789 rege
700 2754 822 2788 Angliae
843 2752 983 2779 ecclesiae
1006 2759 1140 2778 romanae
1163 2750 1273 2785 persol—

262 2806 365 2834 vendo.
384 2805 456 2839 (Fol.
473 2805 488 2832 8
504 2811 547 2835 r⁰·,
566 2803 683 2836 Porrn„
695 2803 806 2835 QQGSS.)

758 2691 969 2725 Saint-Piorre,
987 2690 1020 2717 ‘28
1036 2690 1106 2716 avril
1123 2689 1200 2717 1288.

305 2909 471 2939 Carissimo
488 2909 522 2937 in
539 2906 657 2936 Christo
670 2906 734 2943 filio
752 2927 772 2934 ..
790 2905 855 2943 reyi
871 2905 976 2944 Anytie
987 2903 1116 2933 illustri.
1135 2914 1149 2929 «
1164 2903 1273 2932 Hono-

263 2970 331 2991 rem
363 2967 453 2991 tuum
480 2960 564 2990 fili...
595 2958 676 2989 Cum
707 2958 805 2996 igitur
830 2966 945 2987 census
973 2955 1063 2986 mille
1091 2963 1273 2985 marcarum

1344 347 1570 385 sterlingorum
1585 356 1603 377 a
1619 352 1658 384 te,
1676 347 1760 377 sicut
1775 346 1868 382 nosti,
1887 345 1992 375 eidem
2009 353 2140 375 romane
2154 344 2285 375 ecclesie
2299 344 2348 376 de·

1344 400 1455 430 beatur
1470 409 1505 430 ac
1526 400 1627 430 [elicis
1648 399 1874 430 recordationis
1898 398 2059 429 Honorius
2081 407 2158 437 papa
2176 398 2258 436 1111,
2281 407 2350 437 pre-

1345 454 1490 484 decessor
1511 458 1632 487 noster,
1652 462 1747 492 super
1770 451 1928 482 solutione
1945 451 2046 490 ipsius
2067 459 2181 481 census
2197 450 2235 480 de
2252 450 2351 482 tribus

1345 507 1440 536 annis
1455 506 1554 536 debiti
1579 506 1723 536 facienda
1739 514 1757 535 a
1775 510 1802 535 te
1818 504 1878 534 sub
1899 509 1983 534 certa
2003 504 2106 534 forma
2126 503 2185 533 tibi
2204 503 2353 534 direxerit

1346 560 1462 598 scripta
1482 569 1538 589 sua
1557 564 1587 588 et
1604 558 1746 589 nondum
1772 566 1897 587 camere
1922 556 2007 586 sedis
2029 555 2198 595 apostolice
2215 556 2253 586 de
2271 556 2352 588 dicto

1346 622 1443 643 censu
1461 621 1515 651 pro
1531 612 1650 642 eisdem
1669 612 1771 641 tribus
1789 611 1883 641 annis
1899 611 2095 640 satisfactum
2119 609 2250 645 existat,
2269 617 2352 640 sero-

1347 666 1480 695 nitatem
1511 665 1633 703 regiam
1664 664 1864 703 requirimus
1896 668 1926 693 et
1960 671 2110 701 rogamus
2145 666 2263 692 attente
2301 651 2362 702 per¹

1347 718 1516 758 apostolica
1530 718 1646 757 scripta
1659 717 1848 748 mandantes
1864 717 2018 755 quatinus
2033 725 2166 746 censum
2183 716 2288 754 ipsum
2300 723 2361 754 pro
2392 732 2393 738 κ

1349 772 1469 802 eisdem
1494 771 1594 801 tribus
1613 772 1707 801 annis
1720 772 1787 810 jam
1812 770 1970 809 preteritis
1991 774 2022 800 et
2043 770 2138 799 etiam
2161 777 2214 808 pro
2233 768 2362 800 duobus

1349 825 1557 865 sequentibus
1582 824 1794 855 terminandis
1815 824 1849 853 in
1874 823 2018 863 proximo
2044 823 2149 853 tuturo
2175 822 2252 852 festo
2273 821 2366 861 beati}

1350 878 1519 909 Michaelis
1535 878 1650 908 dilecto
1666 878 1732 907 filio
1753 877 1904 915 magistro
1921 876 2078 911 Giffredo.
2104 885 2229 906 camere
2252 875 2365 910 nostrai,

1348 932 1475 968 clerieo,
1495 932 1529 961 in
1547 932 1665 969 Anglia
1687 930 1918 967 commoranti,
1942 930 1999 960 has
2016 930 2073 960 tibi
2090 929 2211 960 litteras
2229 920 2371 968 presenti

1349 986 1446 1023 tanti,
1462 989 1569 1015 nostro
1581 990 1609 1015 et
1625 984 1756 1015 ecclesie
1772 984 1910 1023 predicte
1927 984 2060 1014 nomine
2076 983 2172 1013 facias
2188 983 2314 1020 integre
2329 969 2376 1022 effi*

1349 1039 1524 1069 liberaliter
1545 1038 1742 1077 assignari...
1768 1038 1839 1067 Dat.
1866 1038 1985 1074 Rome,
2009 1037 2093 1076 apud
2118 1036 2272 1067 Sanctum
2297 1035 2381 1089 Pe-÷⁴

1350 1097 1447 1128 trum,
1465 1102 1509 1122 1111
1529 1092 1684 1122 kalendas
1700 1091 1788 1121 maii.
1809 1102 1822 1117 n
2345 1128 2347 1132 ,
2363 1099 2379 1136 ς

2366 1168 2380 1204 'f'

1423 1291 1542 1319 *20¹5
1847 1290 2053 1321 saint-Pierre,
2070 1290 2103 1317 ‘28
2121 1289 2191 1317 avril
2208 1289 2276 1317 1288
2366 1270 2375 1285 ⁸

1386 1353 1429 1389 De
1445 1353 1545 1380 eodem
1562 1354 1688 1389 negotio.
1706 1353 1777 1386 (Fol.
1794 1353 1809 1380 8
1824 1355 1875 1386 vo.)
2371 1325 2379 1354 ‘⁴

1392 1465 1501 1494 Dilecto
1517 1465 1581 1501 filio
1597 1465 1746 1501 mayt'stro
1763 1464 1904 1501 Gi‘ffrecw,
1922 1472 2040 1492 camere
2053 1468 2155 1493 nostre
2171 1462 2288 1501 cle[rico
2299 1486 2307 1500 ‚
2325 1447 2388 1518 in}

1352 1575 1382 1601 et
1410 1570 1607 1609 presentium
1636 1570 1692 1599 tibi
1719 1574 1827 1600 tenore
1852 1569 2044 1599 mandamus
2069 1569 2233 1608 quatinus,
2261 1568 2366 1598 dictas

1352 1630 1476 1655 nostras
1501 1624 1622 1654 litteras
1649 1624 1718 1662 regi
1746 1628 1933 1663 presentans
1958 1624 2096 1660 eidem,-
2113 1627 2147 1653 ut
2175 1623 2214 1653 de
2243 1622 2362 1662 prefato

1352 1688 1450 1709 censu
1466 1678 1505 1707 ab
1523 1687 1559 1708 eo
1583 1687 1639 1716 pro
1657 1678 1802 1717 quinque
1819 1678 1914 1707 annis
1936 1676 2088 1707 solvendo
2106 1677 2197 1715 juxta
2219 1676 2375 1715 ipsarum,

1353 1731 1534 1761 litterarum
1562 1735 1744 1761 nostrarum
1774 1736 1914 1760 tenorem
1935 1730 2108 1760 satisfaciat
2127 1729 2257 1760 insistas
2278 1713 2388 1773 apud}

1353 1794 1427 1815 eum
1446 1785 1550 1814 studio
1564 1789 1594 1814 et
1609 1784 1828 1814 sollicitudine
1846 1783 2029 1822 oportunis;
2049 1783 2270 1822 assignaturus
2287 1774 2390 1962 cen-l

1351 1518 1461 1555 Anytia
1474 1518 1689 1547 commoranti.
1709 1529 1722 1543 α
1740 1516 1961 1554 Caris]simum
1977 1517 2008 1545 in
2023 1516 2186 1546 Christo...
2202 1514 2384 1701 Volumus}

1354 1848 1425 1868 sum
1451 1838 1557 1877 ipsum
1583 1837 1623 1867 ad
1645 1846 1724 1876 opus
1750 1846 1875 1867 camere
1901 1840 2007 1867 nostre
2033 1837 2126 1867 sociis
2149 1838 2367 1869 mercatorum?

1353 1892 1453 1931 ipsius
1470 1900 1594 1922 camere
1616 1891 1651 1921 in
1673 1891 1793 1929 Anglia
1810 1890 2084 1921 commorantibus
2099 1890 2138 1921 de
2159 1889 2367 1920 societatibus:

1354 1946 1498 1984 ipsorum
1524 1950 1755 1981 mercatorum,
1780 1944 1926 1974 videlicet
1948 1944 2070 1974 'rhome
2090 1943 2217 1982 Spiliati
2240 1948 2270 1973 et
2285 1942 2366 1982 Lapi
2386 1957 2389 1964 ·

1354 1999 1513 2036 Hugonis,
1533 1997 1683 2028 Pulicum
1699 2003 1730 2028 et
1745 1998 2024 2028 Rimbertinorum
2037 1997 2075 2027 de
2087 1997 2261 2034 Florentia,
2278 1995 2362 2028 filio-

1354 2061 1426 2081 rum
1446 2051 1656 2089 Bonsignoris
1679 2055 1707 2080 et
1730 2051 1954 2081 Bonaventure
1977 2049 2172 2080 Bernardini
2191 2049 2230 2080 de
2249 2049 2366 2089 Senis,

1355 2104 1584 2135 Riczardorum
1605 2104 1644 2134 de
1660 2104 1746 2134 Luca
1763 2109 1793 2133 et
1808 2103 1956 2133 Anselmi
1975 2103 2135 2134 Clarentis
2152 2103 2191 2133 de
2207 2092 2362 2140 Pistorioss

1353 2159 1438 2188 inter
1454 2167 1507 2188 eos
1523 2159 1615 2197 equis
1630 2158 1828 2197 portionibus
1843 2157 2071 2194 dividendum3
2089 2162 2120 2187 et
2130 2161 2316 2197 recepturus
2325 2156 2365 2188 ab

1355 2212 1401 2241 eis
1417 2211 1455 2241 de
1470 2211 1689 2249 assignatione
1711 2211 1898 2251 hujusmodi
1921 2214 2063 2250 patentes
2084 2211 2226 2250 ipsorum
2243 2203 2364 2241 litteras
2389 2204 2393 2207 ³

1355 2266 1421 2294 sive
1441 2265 1603 2304 publicum
1622 2265 1887 2301 instrumentum,
1906 2273 1986 2303 quas
2003 2264 2052 2294 vel
2068 2264 2154 2303 quod
2168 2258 2223 2304 per
2236 2263 2367 2294 fidelem

1356 2318 1509 2348 nuntium
1534 2319 1572 2348 ad
1597 2318 1732 2348 eandem
1756 2327 1915 2348 cameram
1944 2317 2072 2348 studeas
2095 2317 2266 2348 destinare.
2293 2316 2363 2347 Dat.

1356 2373 1469 2409 Rome,
1486 2372 1568 2411 apud
1586 2372 1740 2402 Sanctum
1758 2372 1904 2408 Petrum,
1924 2380 1969 2401 1111
1991 2370 2143 2401 kalendas
2161 2370 2250 2400 maii.
2269 2381 2283 2397 s>

1430 2571 1546 2600 ¹⁷01ss

1393 2633 1436 2660 De
1452 2633 1552 2660 eodem
1568 2633 1692 2668 negotio.
1709 2633 1780 2666 (Fot.
1797 2633 1811 2660 8
1829 2634 1882 2665 v0.)

1858 2569 2064 2604 Saint-Pierre‚
2080 2569 2114 2597 28
2129 2570 2200 2597 avril
2217 2569 2295 2597 1288.

1399 2744 1506 2773 Dilecto
1522 2743 1586 2780 filio
1603 2745 1750 2781 magiistro
1772 2742 1920 2781 Cim-edo,
1940 2750 2056 2772 camere
2077 2746 2177 2772 nostre
2191 2742 2310 2779 clerico,
2332 2731 2358 2771 i'

1355 2797 1468 2834 Anytia
1483 2797 1697 2825 commoranti.
1717 2796 1754 2825 Ei
1771 2795 1953 2825 facultatem
1974 2794 2120 2825 concedit
2141 2793 2281 2825 faciendi
2300 2781 2364 2834 reg*

1357 2848 1494 2886 Angliae
1514 2848 1740 2879 refutationem
1758 2849 1797 2878 de
1819 2857 1917 2879 censu
1940 2848 2085 2887 quinque
2106 2855 2266 2877 annorum
2283 2850 2371 2887 post-¹

1356 2911 1452 2940 quam
1469 2901 1522 2931 ille
1539 2901 1577 2932 de
1595 2902 1653 2932 hoc
1672 2911 1768 2932 censu
1790 2902 1851 2940 ipsi
1867 2901 2008 2931 Giffredo
2027 2901 2150 2938 integre
2165 2900 2366 2931 satisfecerit.

1400 2966 1413 2980 ι
1431 2953 1514 2984 Cum
1532 2954 1633 2984 felicis
1649 2954 1913 2985 recordationis...
1931 2971 1969 2977 -
1987 2954 2055 2983 Dat.
2076 2958 2110 2982 ut
2125 2961 2231 2992 supra.
2252 2966 2263 2978 ιι
