2393 3496
897 307 1150 354 QUATRIEME
1172 305 1330 345 Amne.
2101 313 2159 343 833

71 392 270 431 angelorum,
289 390 397 419 beatae
414 389 535 418 Mariae
552 387 763 425 Magdalenae
779 390 810 415 et
824 389 951 414 sanctae
969 382 1074 413 crucis

72 443 292 477 festivitatibus
319 447 350 471 et
373 451 428 480 per
450 446 518 471 octo
537 440 604 470 dies
623 444 802 479 sequentes.
824 438 895 467 Dat.
916 441 949 466 ut
967 444 1072 474 supra.

74 500 221 539 (ΡοΤΤΗ.,
240 495 359 532 23919.)

378 572 743 607 Sainte-Marie-Majeure,
763 571 793 598 13
807 571 910 598 fevi-iet·
928 569 1004 596 1292.

112 640 150 669 In
167 648 194 668 e.
212 647 270 673 m.,
287 645 342 676 pro
353 636 486 666 ecclesia
502 635 611 665 Sancti
626 634 794 664 Michaelis
808 633 969 668 Stellensi.
984 633 1075 661 Pam-

73 691 246 733 pilonensis
263 689 429 726 dioecesis,
447 689 480 718 in
499 693 634 727 quatuor
649 688 758 717 beatae
775 687 896 716 Mariae
912 691 942 715 et
957 685 989 716 S.
1010 685 1074 714 Mi-

73 744 191 776 chaelis
214 742 439 772 festivitatibus
467 746 497 770 et
526 750 580 779 per
603 745 672 769 octo
698 740 765 769 dies
793 743 972 777 sequentes.
1001 738 1072 767 Dat.

73 798 202 832 Romae,
212 795 295 834 apud
307 794 457 824 Sanctam
470 793 605 823 Mariam
616 793 780 831 MaJ‘orem,
792 792 898 821 idibus
911 790 1073 826 februarii,

73 858 156 881 anno
170 852 292 888 quarto.

112 904 149 933 In
164 911 192 932 e.
210 911 267 938 m.,
292 909 348 939 pro
368 900 500 930 ecclesia
520 899 629 930 Sancti
647 899 734 928 Petri
759 897 925 934 Stellensi,
948 897 1076 935 Pampi-

72 955 214 987 lonensis
228 954 395 990 dioecesis,
408 954 441 983 in
454 957 588 992 quatuor
599 953 708 982 beatae
720 952 840 981 Mariae
853 956 881 980 et
893 955 1075 980 sanctornm

71 1008 281 1048 apostolorum
298 1008 384 1037 Petri
403 1012 432 1037 et
447 1006 540 1036 Pauli
556 1005 783 1036 festivitatibus
801 1009 831 1034 et.
849 1013 903 1043 per
921 1008 988 1033 octo
1009 1003 1076 1032 dies

72 1065 252 1101 sequentes.
270 1061 342 1091 Dat.
362 1064 397 1090 ut
414 1069 519 1098 supra.

369 1138 734 1172 Sainte-Marie-tttajeure,
753 1138 790 1164 ι1ΘΓ
807 1137 910 1163 fevi-ier
928 1136 1004 1163 1292.

111 1203 149 1234 In
172 1212 200 1232 e.
227 1211 284 1239 m.,
313 1211 369 1241 pro
396 1201 528 1231 ecclesia
557 1225 576 1230 ..
607 1201 722 1240 prioris
747 1205 776 1230 et
800 1200 935 1229 fratrum
962 1199 1076 1229 domus

74 1256 205 1287 Sanctae
223 1255 344 1285 Mariae
362 1255 401 1285 de
417 1254 513 1284 Curia
528 1254 752 1283 advocatorum
770 1254 934 1288 Lucanae,
954 1252 1076 1282 ordinis

75 1309 108 1340 S.
123 1308 314 1346 Augustini,
332 1309 365 1337 in
382 1313 517 1347 quatuor
533 1307 641 1336 beatae
655 1307 790 1342 Mariae,
809 1306 891 1336 beati
909 1305 1076 1335 Michaelis

75 1361 258 1400 archangeli
276 1366 306 1391 et
322 1361 353 1391 S.
370 1361 546 1399 Augustini
564 1360 787 1390 festivitatibus
803 1365 833 1389 et
850 1369 905 1398 per
922 1364 991 1390 octo
1008 1359 1077 1389 dies

0 1442 1 1450 ,
23 1456 26 1458 v
73 1421 249 1455 sequentes.
265 1416 336 1445 Dat.
351 1415 480 1452 Romae,
499 1415 582 1453 apud
598 1414 746 1444 Sanctam
761 1414 895 1443 Mariam
908 1414 1075 1453 Maj0rem,

74 1468 220 1499 kalendis
235 1468 398 1504 februarii,
417 1476 503 1497 anno
518 1472 642 1506 quarto.

403 1546 759 1581 Sainte-Marie-MaJeure,
779 1547 793 1573 5
810 1547 913 1573 fe'vrier
928 1547 1007 1574 1292.

113 1611 151 1641 In
166 1620 194 1642 e.
212 1619 269 1645 m.,
286 1619 342 1649 pro
357 1610 489 1639 ecclesia
505 1609 615 1639 Sancti
630 1609 759 1638 Martini
773 1609 811 1638 de
823 1609 1076 1646 Montehnchon,

73 1663 324 1695 Constantiensis
359 1663 514 1693 dioecesis
530 1687 536 1699 ‚
576 1662 610 1691 in
642 1662 674 1693 S.
709 1662 841 1691 Martini
877 1667 907 1692 et
941 1668 1078 1701 quatuor

73 1717 181 1747 beatae
197 1717 318 1751 Mariae
335 1716 560 1745 festivitatibus
579 1720 609 1745 et
621 1725 676 1754 per
693 1719 763 1745 octo
781 1715 850 1745 dies
865 1721 1045 1754 sequentes.

100 1782 129 1807 ,α
158 1770 240 1800 Loca
263 1774 446 1799 sanctorum
471 1770 656 1799 omnium...
683 1785 723 1791 —
750 1769 821 1799 Dat.
848 1769 970 1807 Rome,
995 1770 1078 1809 apud

76 1823 224 1854 Sanctam
235 1823 370 1852 Mariam
384 1823 550 1861 Maiorem,
565 1823 660 1853 nonis
669 1814 821 1852 februarii
832 1832 918 1852 auno
927 1828 1049 1862 quarto.
1063 1835 1076 1849 n

77 1877 131 1915 (En
146 1876 271 1914 marye.)

410 1941 764 1976 Sainte-Marie-Majeure‚
780 1942 796 1969 9
811 1942 915 1968 fevrier
932 1942 1008 1970 1292.

114 2006 151 2036 In
169 2015 198 2036 e.
217 2014 275 2042 m.,
295 2013 351 2044 pro
374 2004 507 2034 ecclesia
527 2026 548 2034 ..
569 2004 738 2042 guardiam
763 2009 794 2037 et
816 2010 992 2034 conventus
1013 2005 1079 2034 fra-

76 2064 159 2094 trum
182 2059 347 2089 minorum
367 2059 579 2095 Urbinatum‚
604 2059 638 2087 in
663 2063 846 2088 sanctornm
871 2058 1077 2096 angelorum,

74 2113 108 2143 in
124 2121 259 2152 quorum
277 2112 434 2142 honorem
451 2112 561 2142 eadem
579 2111 710 2141 ecclesia
730 2116 776 2142 est
790 2117 986 2148 constructa,
1004 2113 1078 2142 bea-

78 2170 124 2196 tae
140 2166 259 2195 Mariae
276 2165 486 2204 Magdalenae
501 2169 532 2194 et
546 2169 673 2195 sanctae
688 2165 791 2195 crucis
809 2165 1033 2195 festivitatibus
1050 2170 1081 2195 et

75 2228 130 2258 per
144 2223 213 2249 octo
230 2219 297 2249 dies
313 2223 494 2257 sequentes.

115 2283 130 2299 α
148 2272 218 2302 Vite
233 2272 383 2311 perennis
400 2271 538 2310 gloria...
556 2288 594 2292 —
610 2272 680 2302 Dat.
699 2272 812 2309 Rome,
829 2272 912 2310 apud
929 2271 1078 2302 Sanctam

77 2325 212 2354 Mariam
225 2325 392 2364 Maj0rem,
410 2325 513 2354 vidus
528 2325 692 2362 februarii,
707 2334 792 2355 anno
804 2330 926 2365 quarto.
943 2338 956 2352 r>
969 2325 1078 2365 (Ibid.;

76 2378 211 2415 Pessa,
229 2378 354 2417 23920.)

388 2458 746 2493 Sainte-Marie-MaJeure,
766 2459 796 2486 13
811 2460 914 2486 sevrier
932 2460 1008 2487 1292.

116 2521 154 2551 In
170 2530 197 2551 e.
215 2530 273 2558 m.,
290 2530 346 2560 pro
363 2514 497 2551 ecclesia
518 2521 633 2551 Beatae
648 2521 795 2551 Justinae
813 2521 851 2551 de
869 2522 1078 2558 Montesilice,

77 2574 246 2604 Paduauae
261 2574 431 2610 dioecesis,
450 2575 483 2603 in
502 2574 742 2612 Assumptionis
761 2575 870 2604 beatae
887 2576 1026 2612 Mariae,
1046 2576 1079 2605 S.

76 2627 234 2658 «Iohannis
258 2627 416 2666 Baptistae
445 2631 635 2666 sanctaeque
659 2628 805 2657 Justiuae
832 2628 1080 2666 festivitatibus,

77 2689 133 2719 per
146 2685 214 2711 octo
229 2680 297 2710 dies
315 2686 485 2719 sequentes
502 2685 533 2710 et
552 2681 585 2710 in
605 2681 826 2710 anniversario
843 2681 893 2710 die
909 2681 1081 2711 dedicatio-

77 2733 129 2764 nis
144 2733 287 2773 ejusdem
305 2733 467 2764 ecclesiae.
486 2734 556 2762 Dat.
582 2734 719 2770 Romae,
741 2734 824 2773 apud
846 2734 994 2764 Sanctam
1013 2735 1080 2764 Ma-

77 2786 158 2816 riam
174 2787 340 2826 Majorem,
358 2786 466 2816 idibus
483 2787 644 2823 februarii,
661 2795 746 2817 anno
762 2792 885 2825 quarto.
904 2787 1008 2827 (Ibid.)

383 2865 738 2900 Satnte-Marie-Majeure‚
755 2866 788 2893 ‘23
801 2868 914 2901 janvier
933 2868 1010 2895 1292.

117 2927 156 2957 In
181 2937 208 2957 e.
230 2937 286 2963 m.,
316 2936 370 2966 pro
392 2927 524 2957 ecelesia
550 2951 568 2956 ..
597 2928 739 2965 magistri
761 2933 790 2958 et
811 2929 946 2958 fratrum
969 2930 1081 2959 domus

80 2980 135 3011 Dei
153 2980 260 3011 Sancti
276 2980 401 3010 Juliani
417 2981 610 3010 Ardeatium
627 2980 896 3019 Cenomanensis,
917 2982 950 3011 in
969 2982 1001 3012 S.
1021 2983 1080 3012 Ju-

1155 381 1235 410 liani
1251 385 1280 410 et
1299 380 1331 410 S.
1350 381 1490 411 Cervasii
1507 379 1729 410 festivitatibus
1745 383 1775 408 et
1791 387 1845 417 per
1859 382 1927 408 octo
1943 378 2010 408 dies
2027 388 2158 417 sequen-

1159 438 1213 464 tes.
1230 433 1301 462 Dat.
1319 434 1451 469 Romae,
1467 432 1550 472 apud
1567 432 1718 462 Sanctam
1734 431 1870 460 Mariam
1888 431 2053 470 Maj0rem‚
2070 441 2088 460 x
2104 431 2159 460 ka-

1157 484 1268 514 lendas
1284 485 1447 521 februarii,
1464 493 1549 514 anno
1564 488 1688 523 quarto.
1705 483 1811 522 (Ibid.)

1228 663 1346 691 8623

1193 724 1324 751 Facultas
1346 723 1519 750 concedendi
1544 725 1592 750 uni
1612 732 1751 758 personae
1770 724 1996 750 tabellionatum.
2013 722 2096 756 (Rae.
2113 723 2160 754 46,

1157 781 1182 799 c.
1201 774 1267 805 750,
1284 773 1303 799 f.
1324 773 1371 799 149
1387 775 1439 805 vo.)

1467 662 1824 696 Sainte-Marie-Majeure,
1846 661 1875 688 ts
1892 661 1996 687 fevi-ier
2014 659 2088 687 1292.

1200 875 1329 909 GaHero,
1344 875 1476 911 episcopo
1492 874 1672 903 Pictavensi.

1200 938 1213 953 <x
1232 927 1276 956 Ex
1287 931 1374 964 parte
1388 931 1478 955 tua...
1492 942 1532 948 —
1544 926 1614 955 Dat.
1633 926 1744 961 Rome,
1762 925 1844 964 apud
1861 925 2010 955 Sanctam
2027 926 2162 955 Mai-ian]

1159 980 1326 1018 Majoretn,
1342 988 1385 1008 ΧΠ
1403 979 1555 1009 kalendas
1571 979 1689 1014 martii,
1709 987 1795 1008 anno
1808 983 1932 1016 quarto.
1950 990 1963 1004 »

1231 1158 1351 1186 (3824

1195 1220 1379 1256 Dispensatio
1396 1220 1578 1246 matrimonii.
1597 1219 1680 1252 (Rae.
1699 1219 1742 1249 46,
1756 1227 1782 1246 c.
1797 1219 1857 1249 751,
1874 1219 1894 1245 f.
1912 1218 1961 1245 1149
1977 1221 2026 1249 vo.)

1475 1157 1831 1191 Sainte-Marie-Majeure,
1852 1157 1879 1183 14
1896 1157 1999 1183 fevi-ier
2018 1156 2094 1183 1292.

1205 1323 1373 1353 Venerabili
1392 1323 1488 1358 fratri
1513 1345 1533 1352 ..
1553 1322 1685 1360 episcopo
1708 1323 1916 1359 Ratisponenst’
1940 1321 2110 1350 committit
2133 1325 2167 1350 ut

1161 1385 1233 1406 eum
1254 1375 1444 1413 Marquardo
1465 1376 1504 1405 de
1525 1374 1736 1405 Lucbsenekk
1760 1379 1790 1403 et
1812 1374 1979 1411 lringarde
2003 1374 2042 1403 de
2062 1374 2164 1403 Ratis-

1160 1438 1243 1469 pona
1259 1430 1419 1467 dispenset
1435 1429 1516 1458 utin
1536 1428 1743 1458 matrimonio
1758 1428 1843 1466 quod
1859 1427 1956 1464 olim,
1978 1428 2167 1465 ignorantes

1160 1482 1426 1520 impedimentum
1461 1491 1547 1517 esse,
1573 1485 1800 1510 contraxerunt
1827 1489 1994 1509 remanere
2021 1479 2165 1515 valeant,

1161 1544 1347 1574 quanquam
1374 1546 1387 1560 (ι
1416 1534 1553 1573 quedam
1582 1533 1699 1563 mulier
1723 1542 1820 1571 quam
1846 1533 1932 1562 idem
1956 1533 2167 1571 Marquardus

1161 1593 1235 1618 ante
1271 1593 1468 1618 contractum
1503 1587 1689 1625 hujusmodi
1720 1586 1961 1616 matrimonium
1998 1585 2168 1616 carnaliter

1161 1646 1353 1681 cognoverat
1376 1640 1480 1670 eidem
1507 1639 1668 1678 Iringardi
1685 1644 1797 1678 quarto
1816 1644 1883 1669 erat
1903 1639 2167 1676 consanguinita-

1163 1696 1202 1725 tis
1218 1694 1317 1733 gradu
1333 1695 1516 1732 conjuncta.
1537 1706 1549 1718 ι»

1203 1760 1217 1774 α
1237 1747 1351 1777 Petitio
1369 1746 1476 1776 dilecti
1498 1746 1594 1776 filii...
1613 1762 1652 1767 —-
1670 1745 1741 1774 Dat.
1764 1745 1883 1781 Rome,
1907 1745 1991 1783 apud
2014 1744 2163 1774 Sanctam

1162 1802 1297 1831 Mariam
1317 1801 1483 1839 Maiorem,
1502 1809 1554 1829 xw
1570 1798 1722 1828 kalendas
1741 1798 1867 1834 martii,
1883 1806 1968 1827 anno
1985 1802 2109 1836 quarto.
2129 1809 2141 1823 n

1207 1978 1463 2010 6625-6840
1501 1977 1861 2011 Sainte-Marie-Majeure‚
1880 1976 1911 2002 18
1927 1976 2030 2002 fevrier
2048 1974 2123 2001 1292.

1196 2043 1405 2077 Indulgentiae.
1422 2041 1503 2074 (Rae.
1522 2040 1564 2074 46,
1581 2048 1606 2066 e.
1624 2039 1685 2069 75⁵2.
1702 2039 1721 2066 f.
1742 2039 1789 2065 149
1807 2039 1859 2071 vo.)

1205 2146 1359 2175 Universis
1380 2143 1494 2172 Christi
1513 2142 1652 2179 fidelibus
1670 2144 1821 2177 presentes
1841 2139 1956 2168 litteras
1974 2139 2166 2176 inspecturis.

1162 2197 1402 2236 Iudulgentiam
1417 2195 1514 2225 unius
1530 2193 1609 2223 anni
1625 2197 1655 2223 et
1669 2202 1707 2222 xc
1723 2192 1848 2222 dierum
1871 2191 2014 2221 concedit
2033 2191 2167 2220 visitan-

1164 2252 1246 2281 tibus
1258 2249 1411 2288 capellam
1424 2246 1590 2286 hospitalis
1602 2246 1640 2276 de
1656 2246 1770 2275 Sancto
1784 2244 1948 2281 Casciano,
1964 2244 2168 2274 Florentinae

1162 2304 1326 2339 dioecesiS,
1339 2303 1374 2332 iu
1390 2305 1518 2331 sanctae
1529 2300 1722 2335 Christinae‚
1734 2299 1768 2328 in
1783 2298 1873 2337 cujus
1886 2297 2042 2327 honorem
2055 2297 2167 2327 eadem

1162 2357 1282 2397 capella
1301 2362 1348 2386 est
1369 2358 1560 2390 constructa,
1579 2358 1609 2384 et
1624 2352 1657 2382 S.
1678 2351 1840 2382 Francisci
1858 2351 2092 2385 festivitatibus,
2114 2359 2170 2388 per

1162 2416 1231 2443 octo
1253 2411 1322 2440 dies
1341 2412 1510 2448 sequentes
1534 2412 1565 2437 et
1586 2407 1620 2436 in
1640 2405 1862 2436 anniversario
1884 2404 1935 2434 die
1958 2403 2168 2434 dedicationis

1163 2464 1305 2504 ejusdem
1322 2461 1482 2492 ecclesiae.

1205 2530 1219 2545 «
1240 2517 1327 2547 Licet
1342 2516 1369 2545 is
1385 2514 1462 2544 de...
1479 2530 1517 2536 —
1532 2513 1604 2542 Dat.
1622 2513 1739 2548 Rome,
1757 2511 1840 2550 apud
1861 2511 2009 2541 Sanctam
2031 2511 2166 2540 Mariam

1164 2571 1330 2609 Majorem,
1344 2578 1385 2598 ΧΠ
1401 2567 1554 2597 kalendas
1569 2565 1687 2601 martii,
1704 2573 1790 2594 anno
1808 2569 1931 2603 quarto.
1952 2576 1966 2590 »

1204 2625 1241 2654 In
1263 2633 1290 2653 e.
1313 2631 1370 2658 m.,
1398 2630 1452 2660 pro
1475 2620 1606 2650 ecclesia
1632 2619 1742 2648 Sancti
1766 2618 1912 2660 Silvestri
1939 2617 2108 2652 Januensi,
2133 2616 2167 2645 in

1164 2677 1300 2715 singulis
1315 2675 1457 2714 ejusdem
1474 2673 1586 2709 sancti,
1601 2672 1633 2702 S.
1650 2671 1885 2701 Bartholomaei
1895 2670 2040 2709 apostoli,
2057 2670 2088 2699 S.
2105 2670 2166 2699 Do-

1165 2731 1277 2761 minici
1291 2734 1321 2759 et
1335 2729 1443 2758 beatae
1459 2727 1579 2756 Mariae
1596 2725 1803 2763 Magdalenae
1819 2724 2045 2754 festivitatibus
2065 2728 2095 2752 et
2113 2732 2166 2761 per

1164 2789 1231 2815 octo
1250 2783 1317 2812 dies
1333 2785 1513 2819 sequentes.
1532 2779 1603 2808 Dat.
1622 2783 1655 2808 ut
1674 2787 1778 2817 supra.

1475 2858 1832 2892 Saintefflariefflajeure,
1849 2857 1883 2884 20
1899 2858 2002 2883 few-iet·
2021 2856 2094 2882 1292.

1203 2927 1241 2956 In
1260 2935 1286 2955 e.
1305 2934 1362 2960 m.,
1380 2931 1434 2961 pro
1452 2921 1583 2952 ecclesia
1599 2919 1789 2960 parrochiali
1810 2919 1847 2948 de
1867 2918 2064 2953 Lancastrie,
2086 2917 2163 2946 Ebo-

1164 2979 1304 3010 racensis
1335 2976 1502 3012 dioecesis,
1532 2974 1567 3004 in
1599 2978 1734 3013 quatuor
1765 2973 1872 3002 beatae
1906 2971 2023 3000 Mariae
2036 2994 2044 3008 ,
2076 2970 2166 3008 cujus
