2393 3496
233 285 291 314 §140
983 281 1219 312 REGISTRES
1241 281 1296 310 DE
1319 281 1503 311 NICOLAS
1524 283 1580 312 Iv.

230 352 390 388 prioribus
410 356 435 379 e!
452 351 645 380 cont-entibus
662 349 865 378 Cisterciensis
883 354 908 377 et
925 349 1059 378 aliorum
1079 349 1237 383 ordinum,

232 414 260 433 at
283 404 414 440 decanis,
433 404 602 441 prepositis,
620 402 857 437 archidiaconis,
874 402 1159 439 archipresbyteris,
1174 401 1240 438 ple-

233 458 329 490 [unns.
349 458 492 494 capitulis
508 462 533 485 e!
549 456 651 484 aliurn
659 464 683 483 ηι
700 455 892 483 ecclesiarum
907 456 1034 493 prelatis
1049 464 1099 484 seu
1114 455 1241 484 rectori-

232 511 285 539 tuus
296 511 458 546 ceterisque
472 509 606 546 personis
619 508 835 543 ecclesiasticis,
849 508 994 544 exemptis
1008 512 1033 536 et
1047 516 1105 536 non
1120 516 1239 544 exemp-

232 564 269 591 lis
281 587 287 597 ,
305 572 339 592 ac
355 562 492 599 ospitalis
506 561 749 590 lerosolimitani
771 565 796 588 c!
818 561 930 589 militie
951 561 1068 598 Templi
1083 562 1241 600 mayistris

230 622 256 645 el
270 615 509 653 premium-ibus,
528 622 642 642 necnon
656 614 824 650 prioribus,
842 614 1027 651 quardianis
1044 619 1070 643 et
1090 615 1242 650 fratribus

226 669 452 706 medicatorum
469 672 493 695 et
506 668 662 695 minorum
677 665 817 695 ordinum
827 675 881 704 per
891 667 1033 696 ducatum
1044 667 1239 705 spoletanum

227 722 410 749 constitutis.

271 785 282 798 κ
305 772 383 802 Cum
403 772 434 801 in
454 771 609 801 ducatu...
627 789 665 793 -—
682 772 752 801 Dat.
774 772 932 809 Laterani,
952 776 984 802 ut
1000 781 1105 811 snpra.
1129 785 1142 799 ι)

298 971 410 999 6961

261 1031 392 1059 Civitatis
409 1032 568 1059 Esculnnae
585 1033 713 1067 regimen
729 1033 785 1060 sibi
802 1038 939 1060 reservat.
960 1033 1031 1066 (Fol.
1053 1035 1063 1060 1
1083 1035 1135 1065 νῦ.)

830 971 941 1002 Lan-an,
960 972 975 998 9
994 979 1070 999 mars
1088 971 1165 998 1238.

267 1143 385 1172 Dilectis
399 1142 473 1180 filiis
496 1143 621 1172 consitio
647 1149 671 1171 et
693 1144 848 1172 communi
867 1144 1037 1172 Esculanis.
1070 1154 1082 1171 ι
1106 1144 1174 1173 Etsi
1199 1144 1238 1175 de

225 1198 343 1224 statu...
364 1194 459 1230 Sane,
477 1195 559 1224 sicut
575 1203 633 1224 nos
648 1194 767 1224 abolim
783 1195 857 1225 facti
876 1195 1039 1225 evidentia
1056 1196 1184 1235 docuit,
1202 1197 1236 1227 in

225 1247 383 1277 Esculana
413 1248 556 1284 civitate,
586 1248 637 1277 sui
668 1248 832 1287 potissime
857 1249 1024 1279 occasione
1052 1249 1234 1288 regiminis,

223 1301 309 1339 pacis
326 1300 449 1338 emulo,
475 1301 640 1331 incentore
664 1301 823 1332 malorum
847 1303 1128 1341 superseminante
1154 1303 1234 1333 ziza-

224 1353 329 1390 niam,
348 1362 460 1391 graves
478 1353 652 1390 discordie,
671 1354 849 1393 periculosa
868 1355 1017 1391 dissidia,
1037 1356 1236 1390 turbationes

223 1407 417 1446 multiplices
440 1412 471 1438 et
494 1408 645 1438 scandala
662 1409 797 1446 grandia
815 1409 938 1439 suerint
957 1411 1111 1441 hactenus
1132 1412 1234 1441 susci-

226 1465 325 1490 tata...
340 1461 406 1490 Nos
415 1461 522 1500 itaque
535 1466 665 1499 paterne
676 1461 903 1492 sollicitudinis
913 1463 1018 1494 studio
1030 1464 1235 1496 intendentes

222 1514 333 1543 morbo
351 1513 538 1553 hujusmodi
554 1524 730 1553 congruam
742 1515 894 1546 adhibere
905 1517 1066 1548 medelam
1082 1522 1113 1548 et
1131 1522 1235 1548 vestro

222 1566 370 1605 dicteque
386 1567 523 1597 civitatis
542 1569 651 1606 statui,
671 1569 826 1600 submotis
842 1570 1082 1609 impedimentis
1097 1572 1232 1611 quibus-

221 1618 311 1655 libet,
329 1619 501 1651 salubriter
517 1622 694 1660 providere,
711 1623 811 1662 ipsius
827 1623 964 1654 civitatis
978 1624 1137 1656 Esculane
1153 1627 1234 1665 regi-

222 1681 315 1707 men,
348 1673 422 1703 licet
448 1673 530 1704 illud
556 1675 648 1705 nobis
677 1684 714 1705 ex
742 1679 830 1714 parte
859 1681 964 1707 vestra
990 1677 1133 1708 oblatum
1167 1687 1232 1710 non

224 1726 331 1763 suerit,
363 1728 547 1758 auctoritate
574 1728 746 1767 apostolica
775 1730 926 1761 duximus
959 1733 1232 1763 assumendum...

223 1789 324 1819 usqne
359 1781 399 1810 ad
429 1786 535 1811 nostre
571 1783 808 1821 beneplacitum
837 1784 1051 1815 voluntatis...
1082 1785 1145 1816 Per
1174 1786 1234 1817 hoc

221 1842 259 1863 an
267 1838 329 1863 tem
346 1834 498 1864 nolumus
515 1835 603 1866 vobis
620 1836 831 1874 imposterum
846 1837 977 1876 aliquod
992 1839 1140 1876 generari
1159 1849 1233 1879 pre-

217 1887 379 1925 judicium
413 1888 462 1918 vel
492 1889 764 1928 impedimentum
792 1891 943 1929 prestari,
975 1892 1056 1931 quin
1084 1893 1175 1923 vobis
1204 1897 1235 1924 et

221 1941 343 1970 civitati
363 1946 481 1979 vestre,
499 1951 571 1972 cum
589 1943 629 1972 ad
645 1947 763 1974 statum
783 1944 878 1974 fuerit
897 1945 1027 1975 reducta
1044 1946 1211 1985 pacificum
1225 1971 1232 1984 ,

221 1995 350 2032 possitis
364 1995 475 2032 libere,
490 1997 571 2026 sicut
587 1997 686 2035 prius,
700 1997 739 2027 de
756 2001 908 2035 potestate
923 2007 978 2028 seu
994 2004 1127 2037 rectore,
1141 2004 1234 2039 prout

222 2048 368 2086 expedire
399 2048 556 2086 videritis,
586 2051 764 2088 providere.
799 2052 868 2080 Dat.
900 2052 1059 2089 Laterani,
1088 2062 1132 2082 vn
1159 2053 1233 2083 idus

221 2106 339 2131 martii.
363 2115 376 2127 ν»

292 2300 407 2328 6982

257 2361 299 2387 De
315 2363 466 2390 concordia
489 2363 562 2389 inter
583 2363 760 2390 Malatestam
783 2364 816 2391 de
834 2364 980 2393 Veruculo
996 2366 1031 2394 de
1051 2367 1184 2395 Arimino
1206 2372 1234 2395 et

221 2414 360 2437 rectorem
378 2411 564 2438 Romaniolae
581 2413 720 2440 facienda.
738 2413 807 2444 (1⁹01.
825 2415 840 2440 ‘3
859 2421 899 2449 r⁰;
919 2415 1035 2451 Pom-n„
1052 2417 1162 2451 22613.)

709 2303 920 2334 Saint-Pierrc.
939 2305 970 2330 15
988 2313 1063 2331 mars
1082 2305 1159 2333 1288.

267 2521 435 2549 Venerabili
454 2524 551 2557 fratri
570 2524 703 2561 episcopo
728 2525 936 2562 Tripolitano,
958 2526 1013 2564 qui
1031 2526 1229 2558 Malatestam

220 2572 258 2601 de
277 2572 434 2603 Vernculo
451 2574 489 2603 de
505 2574 656 2604 Arimino
670 2580 699 2605 et
713 2585 864 2615 sequaces
878 2578 945 2616 ejus
962 2579 1001 2608 ad
1016 2579 1230 2610 obediendum

220 2627 314 2657 Petro
332 2627 487 2665 Stephani
510 2628 548 2657 de
568 2629 676 2666 Urbe,
699 2631 810 2660 rectori
829 2631 1056 2671 Ronianiolae,
1078 2634 1232 2666 inducere

221 2689 284 2709 non
304 2681 415 2719 potuit,
438 2682 569 2711 mandat
588 2687 621 2711 nt
645 2683 705 2712 sibi
725 2684 852 2714 intimet
874 2694 969 2724 super
988 2687 1104 2726 quibus
1127 2697 1231 2718 exces-

221 2733 310 2763 sibus
327 2734 495 2764 concordia
511 2735 594 2764 inter
607 2736 784 2774 praedictos
799 2737 999 2769 Malatestam
1015 2749 1231 2780 sequacesque

221 2791 251 2815 et
269 2787 390 2816 vni-iam
408 2788 618 2818 Homaniolae
634 2790 778 2819 sarienda
796 2791 836 2820 sit
852 2795 881 2821 et
897 2791 1084 2831 hujusmodi
1100 2802 1230 2824 concor—

219 2839 290 2870 diae
306 2841 454 2871 sormam.

262 2906 275 2919 (ι
294 2893 392 2924 Solita
409 2894 606 2932 benignitate
628 2897 846 2934 recepimus...
862 2915 899 2920 —
919 2899 989 2929 Dat.
1006 2899 1123 2937 Rome,
1145 2901 1231 2939 apud

220 2947 371 2977 Sanctum
395 2949 535 2983 l’etrnm,
557 2949 662 2978 idibus
681 2950 800 2979 martii.
824 2963 836 2977 1>

1395 347 1513 376 6963
1912 349 2024 380 Latran,
2039 349 2071 376 ‘2¹
2090 358 2166 377 mars
2183 350 2262 379 1288.

1358 408 1401 435 De
1417 410 1590 438 excessibus
1605 410 1632 437 in
1648 411 1764 437 civitate
1780 410 1923 438 Esculana
1939 411 2116 439 commissis.
2131 412 2203 446 (Fol.
2218 414 2234 440 2
2249 415 2295 448 το.)

1363 511 1473 540 Dilecto
1481 511 1546 549 filio
1559 512 1606 548 F.,
1619 512 1706 541 electo
1721 512 1887 550 yporiensi,
1903 513 2036 543 Marchie
2050 514 2258 545 Anchonitane
2268 524 2329 547 rec-

1324 565 1394 594 tori.
1413 563 1449 593 Ei
1467 563 1600 593 mandat
1617 568 1652 594 ut
1673 565 1780 594 statim
1803 564 1842 595 ad
1862 565 2024 595 civitatem
2048 565 2239 596 Esculanam
2253 590 2260 604 ,
2277 567 2330 599 ubi

1323 624 1472 646 enormes
1487 625 1646 655 excessus,
1663 616 1841 648 nonnullae
1852 617 2059 657 spoliationes
2075 622 2105 649 et
2117 618 2180 649 alia
2194 619 2331 660 dampna

1323 669 1358 699 in
1374 668 1565 708 apostolicae
1583 669 1667 700 sedis
1687 670 1843 709 injuriam
1869 675 1900 701 et
1918 675 2139 710 contemptum
2161 673 2332 706 commissa

1323 726 1410 759 sunt,
1427 722 1637 761 personaliter
1653 732 1686 753 se
1706 723 1864 762 conferat,
1885 724 1924 755 de
1945 724 2132 764 hujusmodi
2151 727 2331 760 excessibus

1322 776 1466 814 inquirat
1487 780 1518 805 et
1538 784 1617 815 quos
1639 776 1815 815 culpabiles
1837 778 1999 808 invenerit
2015 779 2090 809 citet
2105 783 2140 809 ut
2155 779 2239 810 infra
2253 780 2329 812 duo-

1322 827 1426 858 decim
1449 828 1516 858 dies
1537 837 1644 859 coram
1666 829 1740 859 sede
1755 829 1925 869 apostolica
1941 836 2156 870 compareant.

1365 893 1378 908 α
1399 881 1554 912 Excessus
1570 881 1773 913 detestabiles
1795 886 1863 914 et...
1883 900 1921 906 --
1937 884 2010 914 Dat.
2030 885 2198 923 Laterani,
2215 895 2258 916 xn
2274 885 2330 918 ka-

1322 934 1434 965 lendas
1452 935 1574 974 aprilis,
1593 944 1678 966 anno
1694 936 1809 974 primo.
1828 949 1841 963 ι»

1393 1122 1511 1151 6964

1358 1183 1400 1210 De
1415 1183 1517 1211 eodem
1533 1185 1659 1219 negotio.
1676 1184 1748 1218 (Fol.
1764 1185 1779 1211 2
1796 1186 1844 1218 ro.)

1905 1124 2006 1151 Lati-au
2017 1146 2024 1159 ‚
2039 1124 2074 1151 24
2089 1132 2167 1152 mars
2182 1123 2261 1152 ¹288.

1361 1288 1470 1317 Dilecto
1485 1287 1551 1325 filio
1571 1310 1591 1317 ..
1610 1288 1868 1327 archipresbytero
1885 1291 2071 1328 Auximano,
2088 1289 2245 1328 capellano
2260 1298 2330 1321 nos·
2353 1272 2358 1310 ¹.
2374 1312 2378 1318 .

1321 1346 1378 1370 tro.
1398 1341 1435 1370 Ei
1449 1341 1583 1371 mandat
1598 1345 1633 1371 ut
1650 1341 1689 1371 ad
1707 1342 1869 1373 civitatem
1889 1341 2083 1373 Esculanam
2099 1343 2207 1373 statim
2222 1351 2330 1382 perso·
2344 1363 2365 1387 -Ψ

1319 1388 1437 1424 naliter
1453 1403 1486 1424 se
1502 1395 1644 1425 conserat
1660 1399 1691 1425 et
1705 1403 1779 1425 cum
1797 1400 1917 1426 rectore
1931 1395 2094 1427 Marchiae
2110 1396 2330 1428 Anconitanae
2354 1390 2370 1434 ξ’

1318 1447 1463 1486 inquirat
1478 1448 1516 1478 de
1535 1449 1717 1479 excessibus
1732 1449 1777 1479 ibi
1796 1450 1977 1480 commissis
1990 1474 1997 1488 ,
2015 1453 2068 1489 ut,
2087 1458 2162 1481 cum
2179 1449 2328 1489 redierit,

1318 1510 1432 1540 papam
1447 1501 1486 1531 de
1501 1501 1568 1532 illis
1583 1501 1711 1541 plenius
1726 1503 1901 1534 informare
1919 1503 2028 1543 possit.

1359 1566 1374 1582 «
1391 1555 1557 1586 Intellecto
1569 1564 1672 1594 nuper
1681 1556 1803 1595 quod...
1816 1573 1854 1579 —
1870 1557 1942 1587 Dat.
1958 1557 2120 1594 Laterani,
2136 1566 2206 1588 vnn
2216 1557 2330 1589 kalen-

1317 1608 1373 1638 das
1391 1608 1512 1647 aprilis.
1531 1621 1545 1635 »

1389 1796 1507 1824 6965
1902 1797 2020 1829 Latmo,
2038 1797 2070 1824 24
2086 1805 2163 1825 mars
2179 1797 2257 1826 1288.

1354 1857 1397 1883 De
1413 1857 1513 1885 eodem
1532 1859 1657 1893 negotio.
1673 1857 1744 1892 (Ful.
1761 1858 1776 1885 2
1794 1858 1844 1893 vo.)

2348 1476 2359 1507 ,ι

1358 1962 1468 1990 Dilecto
1495 1962 1560 1999 filio
1584 1962 1630 1999 F.,
1656 1962 1743 1991 electo
1771 1962 1944 1999 Yporiensi,
1964 1963 2098 1994 Marchie
2121 1963 2329 1994 Anchonitam
2352 1836 2378 2024 Ξ

1317 2015 1439 2044 rectori.
1467 2014 1503 2044 Ei
1528 2014 1661 2044 mandat
1691 2018 1735 2051 ut,
1763 2014 2078 2054 archipresbyterum
2105 2016 2329 2048 Auximanum
2354 2026 2375 2067 Q

1317 2068 1458 2106 benigne
1480 2068 1650 2107 recipiens,
1675 2077 1770 2108 super
1793 2069 1976 2099 excessibus
2000 2069 2234 2101 Esculanorum
2255 2069 2328 2101 dili—

1316 2125 1430 2159 genter
1447 2131 1521 2152 cum
1539 2130 1576 2152 eo
1592 2121 1752 2161 procedat.

1359 2187 1372 2201 «ι
1391 2175 1558 2205 Intellecto
1577 2184 1679 2214 nuper
1694 2175 1816 2215 quod...
1833 2192 1872 2197 —-—
1887 2175 1959 2206 Dat.
1978 2180 2012 2206 ut
2029 2184 2135 2215 supra.
2155 2189 2168 2202 ι
2351 2075 2380 2744 l

1388 2368 1505 2396 6966
1831 2367 2042 2403 Saint·Pierre,
2059 2368 2074 2396 4
2089 2369 2161 2396 avril
2179 2369 2258 2398 1288.

1352 2429 1497 2465 Episcopo
1517 2429 1694 2465 Tripolitano
1716 2438 1814 2457 curam
1837 2430 2026 2458 Romaniolae
2046 2431 2138 2459 donec
2160 2431 2228 2459 illuc
2243 2431 2329 2459 adve-

1316 2479 1391 2505 nerit
1406 2487 1499 2506 novus
1514 2483 1609 2506 rector
1624 2479 1789 2506 committit.
1807 2479 1878 2512 (Fol.
1896 2480 1911 2506 ‘2
1928 2482 1978 2513 v0.)

1363 2582 1529 2611 Venerabili
1548 2583 1645 2619 fratri
1667 2606 1686 2611 ..
1710 2584 1841 2621 episcopo
1863 2583 2064 2620 Tripolitano.
2089 2582 2127 2613 Ei
2147 2583 2277 2613 nuntiat
2296 2591 2329 2614 se

1316 2635 1449 2664 Petrum
1468 2634 1623 2674 Stephani
1644 2635 1683 2665 de
1702 2635 1793 2666 Urbe
1810 2644 1828 2665 a
1847 2635 1982 2666 rectoria
1998 2635 2208 2667 Romaniolae
2224 2635 2328 2667 absol-

1316 2688 1412 2726 visse,
1431 2688 1580 2728 hancque
1599 2689 1788 2720 Hermanno
1803 2689 1842 2719 de
1859 2688 2068 2720 Monaldiscis
2083 2689 2123 2720 de
2140 2689 2328 2721 Urbeveteri

1316 2742 1533 2779 commisisse,
1552 2743 1646 2782 eique
1670 2743 1803 2773 mandat
1826 2747 1860 2772 ut
1883 2742 1923 2773 de
1939 2746 2023 2773 statu
2039 2742 2130 2773 illius
2145 2743 2328 2783 provinciae
2355 2760 2375 2797 θ

1315 2795 1487 2825 sollicitam
1506 2804 1617 2825 curam
1633 2800 1723 2834 gerat
1735 2796 1837 2826 donec
1853 2795 1931 2826 illuc
1943 2796 2154 2827 Hermannus
2169 2805 2203 2827 se
2217 2804 2327 2836 perso·
2355 2806 2374 2858 p

1315 2847 1432 2879 naliter
1447 2848 1628 2880 contulerit.
2359 2875 2379 2909 γ

1358 2914 1371 2929 α
1394 2902 1525 2933 Pridem
1545 2903 1680 2933 fratrum
1706 2907 1928 2934 nostrorum...
1954 2920 1994 2926 —
2013 2903 2086 2935 Dat.
2110 2903 2223 2941 Rome,
2244 2901 2328 2943 apud
2360 2918 2368 2931 x

1317 2955 1469 2986 Sanctum
1487 2957 1631 2994 Petrum,
1648 2967 1668 2987 n
1688 2966 1790 2987 nonas
1805 2957 1928 2996 aprilis,
1945 2965 2032 2988 anno
2048 2956 2159 2996 primo.
2180 2968 2196 2984 »

2367 2850 2374 2877 Α
