2393 3496
896 337 1108 368 REGISTRE
1131 326 1347 366 CAMERAL.

77 416 132 449 ciis
147 415 184 444 de
199 411 296 450 regali
313 409 484 440 clementia
500 408 715 447 permissurus
730 411 759 437 et
775 406 945 436 habiturus
962 405 993 434 in
1010 404 1078 433 suis

78 464 339 509 oportunitatibus
349 461 566 492 favorabiliter
581 460 831 490 commendatos.
848 459 935 488 Scire
947 457 1078 496 quidem

79 517 346 559 magnificentiam
365 516 487 553 regiam
504 514 653 544 volumus
668 513 752 552 quod
770 513 927 542 dictarum
948 511 1079 541 societa-

79 579 143 606 tum
154 569 313 608 suffragio,
326 577 389 598 non
401 568 520 606 absque
534 568 676 606 ipsarum
688 575 796 601 onere,
810 565 844 594 in
857 565 953 594 Terre
966 563 1080 593 Sancte

80 624 202 664 negotio
217 623 262 652 uti
282 621 483 660 disponimus
503 620 606 658 ipsius
627 624 707 648 terre
731 618 916 648 necessitate
936 621 1078 654 cogente,

79 682 201 720 propter
218 675 301 715 quod
318 683 381 704 non
401 674 521 712 absque
539 673 629 711 gravi
650 673 768 710 negotii
784 671 927 710 ejusdem
942 670 1079 708 impedi-

81 735 184 763 mento
201 732 230 759 et
249 733 329 758 terre
348 727 525 766 dispendio,
539 725 665 765 que[...]
682 729 809 764 possent
824 725 983 754 dictorum
1000 733 1080 752 mer-

82 789 218 816 catorum
233 781 379 810 liberatio
391 779 485 820 et[...]
497 779 542 809 fin
558 779 791 809 benedictionis
807 782 836 808 et
851 777 952 816 gratie
968 777 1001 806 in
1020 776 1082 805 hiis

82 833 283 877 prompte[...]
301 833 483 871 nostrisque
504 831 711 870 beneplacitis
730 831 928 869 acquiescas,
947 829 1031 868 qnod
1055 833 1082 858 te

81 888 178 930 de[...]
199 887 348 917 exhibeas
368 889 449 915 terre
468 885 606 924 predicte
626 893 690 914 non
710 884 844 921 indigne
862 882 1023 912 censearis
1042 881 1082 911 li-

79 940 250 980 benter[...]
266 945 295 970 et
309 939 424 969 exinde
439 939 604 969 aDomino
619 938 778 976 premium
795 942 824 966 et
840 937 879 966 ab
895 936 1082 966 hominibus

81 994 232 1032 condigne
255 992 359 1022 laudis
383 992 571 1030 preconium
591 990 757 1020 merearis
783 990 824 1020 Ut
846 994 952 1019 antem
976 993 1083 1018 noster

80 1049 205 1080 affectus
231 1047 314 1076 circa
342 1045 535 1075 eorumdum
565 1048 778 1074 mercatorum
808 1047 838 1072 et
864 1044 1022 1073 bonorum
1046 1051 1082 1072 ac

81 1101 180 1133 oneris
198 1099 370 1138 cujuslibet
389 1098 613 1127 liberationem
633 1097 767 1126 celerem
790 1096 975 1126 excellentie
994 1096 1082 1133 regie

80 1154 200 1195 plenius
216 1152 406 1187 innotescat,
425 1151 575 1180 dilectum
593 1150 697 1179 filium
714 1151 902 1187 magistrum
917 1150 1082 1178 Mathenm

81 1208 117 1246 de
133 1205 283 1245 Neapoli,
302 1204 526 1244 cappellannm
544 1208 687 1234 nostrum
702 1227 707 1239 ,
725 1208 887 1233 cantorem
904 1202 1082 1232 Carnoten-

81 1270 160 1305 sem,
176 1260 307 1289 latorem
324 1258 537 1297 presentium,
558 1257 665 1286 virum
682 1257 792 1295 utique
808 1256 944 1285 scientia
960 1260 990 1285 et
1007 1264 1083 1285 con-

81 1314 253 1358 versatione
269 1312 476 1351 conspicuum
488 1335 496 1348 ,
514 1312 562 1350 cuj
570 1320 605 1340 ns
622 1311 809 1349 probitatem
823 1310 914 1340 nobis
930 1314 960 1339 et
977 1309 1083 1339 fratri-

81 1367 139 1398 bus
147 1366 262 1396 nostris
275 1365 470 1404 experientia
480 1369 587 1394 notam
598 1364 680 1399 fecit,
691 1363 730 1393 ad
742 1363 880 1401 regalem
891 1363 1083 1401 presentiam

83 1420 227 1463 duximus
247 1418 486 1449 destinandum.
510 1418 613 1454 Quem
639 1417 727 1455 regia
749 1416 903 1446 celsitudo
929 1416 1084 1445 mittentis

83 1478 112 1505 et
131 1483 186 1504 sue
206 1472 501 1510 circumspectionis
522 1472 652 1501 obtentu
675 1470 814 1508 benigne
833 1470 982 1508 recipiat,
1008 1468 1083 1498 dili-

83 1531 190 1566 genter
208 1525 315 1556 audiat
335 1530 366 1554 et
387 1524 534 1554 exaudiat
559 1532 734 1563 quesumus
756 1523 928 1561 benignius
954 1522 987 1551 in
1014 1531 1084 1560 pre-

83 1580 195 1611 missis.
225 1579 296 1610 Dat.
325 1578 408 1617 apud
439 1578 721 1615 Urbemveterem,
750 1587 770 1606 v
796 1576 950 1606 kalendas
979 1576 1082 1615 junii,

82 1632 276 1673 pontificatus
292 1632 392 1661 nostri
410 1640 495 1661 anno
511 1634 632 1670 quarto.
655 1642 668 1656 n

149 1830 264 1859 ¹2:322

115 1893 157 1920 De
171 1893 282 1920 salariis
297 1892 398 1919 vicarii
418 1891 573 1918 comitatus
593 1891 695 1918 Urbini
710 1894 739 1917 et
758 1890 888 1917 custodis
908 1898 1008 1916 roccae
1030 1889 1086 1916 Ur-

83 1942 191 1970 binatis.
207 1941 278 1977 (Fol.
295 1942 327 1968 57
344 1942 393 1975 ro.)

676 1827 806 1859 Orvieto,
823 1828 838 1855 6
851 1827 917 1862 juin
935 1826 1013 1854 1291.

119 2051 226 2081 Dilecto
247 2051 312 2088 filio
338 2051 432 2080 nobili
456 2051 522 2080 viro
549 2073 569 2079 ..
595 2048 725 2079 Marchie
749 2050 937 2079 Anconitane
963 2051 1083 2079 rectori.

85 2114 103 2131 ι·
121 2103 166 2134 Ex
184 2108 273 2142 parte
299 2103 519 2133 universitatis
542 2103 712 2132 hominum
733 2102 896 2141 quondam
921 2102 1085 2132 districtus

82 2157 146 2187 sive
160 2157 327 2188 comitatus
344 2157 463 2187 Urbini
477 2156 538 2186 suit
554 2156 644 2185 nobis
658 2156 836 2194 expositum
853 2155 937 2194 quod
953 2156 1012 2195 ipsi
1030 2165 1085 2194 pro

82 2210 192 2240 salario
209 2210 319 2240 vicarii
335 2210 390 2248 qni
405 2210 445 2239 ad
462 2209 606 2248 ejusdem
627 2210 796 2239 comitatus
812 2210 957 2247 regimen
976 2210 1083 2239 mitte-

61 2268 65 2272 ’
81 2263 170 2294 hatur
186 2267 365 2301 nongentas
382 2263 562 2300 triginta,et
577 2271 632 2302 pro
649 2262 792 2292 custodia
806 2271 894 2292 rocce
905 2262 1083 2299 Urbinatis‚

62 2354 65 2359 .
85 2320 232 2346 trecentas
249 2320 279 2345 et
301 2315 469 2345 duodecim
488 2315 585 2345 libras
601 2321 813 2345 ravennatum
833 2316 928 2344 annis
947 2315 1085 2352 singulis

82 2369 310 2409 persolvebant.
327 2369 449 2399 Verum
467 2369 543 2408 quia
561 2369 594 2398 in
612 2368 769 2399 solutione
785 2369 972 2407 hujusmodi
989 2378 1085 2408 pecu-

83 2422 134 2452 nie
148 2423 336 2462 reputabant
352 2430 384 2451 se
402 2430 466 2452 non
486 2422 648 2452 modicum
664 2423 848 2460 aggravari,
867 2422 958 2452 nobis
975 2422 1085 2451 humi-

81 2475 150 2506 liter
163 2475 381 2514 supplicarunt
399 2480 433 2505 ut
448 2475 493 2505 eis
510 2475 677 2514 providere
693 2485 787 2514 super
803 2476 863 2505 hoc
877 2476 914 2505 de
933 2476 1085 2513 benigni-

83 2531 140 2558 tate
163 2528 254 2559 solita
278 2529 497 2566 dignaremur.
523 2529 589 2558 Nos
609 2529 709 2566 igitur
729 2538 838 2558 eorum
864 2529 897 2558 in
918 2529 977 2559 hac
1002 2534 1088 2568 parte

84 2581 364 2620 supplicationibus
390 2581 553 2618 inclinati,
574 2582 714 2620 benigne
737 2582 888 2611 duximus
913 2583 1086 2621 providen-

85 2633 158 2664 dum
172 2638 206 2664 ut
222 2643 275 2673 pro
290 2635 403 2664 salario
421 2635 533 2664 vicarii
550 2635 723 2673 supradicti
739 2636 940 2674 septingente
957 2641 987 2666 et
1009 2645 1088 2675 qua-

84 2685 250 2726 dra[ginta]
261 2695 387 2723 novem,
400 2696 436 2716 ac
452 2695 508 2725 pro
522 2687 667 2717 custodia
679 2688 823 2726 ejusdem
836 2698 936 2723 rocce,
950 2689 1088 2719 ducente

85 2739 280 2778 quinquagin
287 2744 314 2769 ta
325 2740 408 2770 libre
418 2740 581 2770 dumtaxat
592 2750 649 2779 per
661 2742 901 2772 universitatem
916 2743 1087 2773 hominnm

84 2791 292 2831 predictorum
309 2793 405 2822 annis
422 2793 560 2831 singulis
577 2794 810 2832 persolvantur.
827 2796 983 2831 Quocirca
1000 2796 1089 2826 nobi-

83 2843 162 2874 litati
179 2849 230 2875 tue
250 2854 303 2884 per
318 2845 490 2884 apostolica
506 2847 621 2885 scripta
643 2847 836 2877 mandamus
852 2849 1006 2886 quatinus
1024 2849 1087 2879 hu-

81 2897 216 2936 jusmodi
231 2903 336 2928 nostra
352 2898 532 2937 provisione
547 2902 716 2929 contentus
733 2901 881 2936 existens,
901 2901 940 2931 ab
956 2902 1089 2931 univer-

85 2950 172 2980 sitate
204 2950 373 2981 bominum
403 2951 616 2990 predictorum
651 2961 708 2991 pro
736 2953 854 2984 salario
884 2959 914 2984 et
943 2955 1089 2985 custodia

84 3005 261 3034 memoratis
277 3013 341 3034 non
358 3004 464 3042 exigas
483 3012 541 3034 nec
563 3005 649 3043 exigi
668 3006 797 3044 patiaris
820 3008 971 3046 majorem
991 3017 1088 3047 quam

220 3069 293 3096 Rae.
315 3069 438 3097 Nicontts
458 3069 512 3097 IV.

2100 331 2168 360 1001

1163 406 1196 432 ut
1215 401 1414 440 providimus
1433 400 1566 439 pecunie
1585 400 1808 439 quantitatem.
1833 398 1904 427 Dat.
1928 397 2013 436 apud
2032 398 2171 427 Urbem-

1163 459 1377 491 veterem‚vn1
1394 454 1467 483 idus
1482 454 1579 493 junii,
1593 453 1795 493 pontificatus
1809 451 1908 482 nostri
1922 459 2008 481 anno
2019 455 2141 490 quarto.
2158 462 2172 475 »

1236 639 1352 668 ‘2328

1201 701 1243 727 De
1268 701 1379 727 salariis
1403 700 1555 735 potestatis
1584 700 1709 726 civitatis
1739 699 1889 725 Urbinatis
1913 702 1941 724 et
1963 698 2071 733 judicis
2097 698 2172 732 ejus.

1164 750 1235 784 (Fol.
1254 751 1284 777 57
1303 752 1348 782 νο.)

1767 636 1895 670 Orvieto,
1910 637 1926 663 8
1939 636 2003 671 juin
2022 636 2101 663 1291.

1206 853 1314 882 Dilecto
1325 853 1390 888 filio
1401 852 1496 881 nobili
1508 852 1574 881 viro
1589 874 1607 881 ..
1619 851 1947 880 Marrhz'eAnconitane
1962 849 2083 877 rectori.
2097 860 2110 874 α
2130 848 2174 877 Ex

1167 911 1251 945 parte
1273 906 1421 935 comunis
1444 904 1580 934 civitatis
1604 903 1770 933 Urbinatis
1792 902 1853 931 suit
1878 902 1971 931 nobis
1996 901 2174 939 expositum

1164 960 1260 998 quod,
1271 959 1343 988 licet
1357 958 1419 996 ipsi
1433 957 1577 996 potestati
1589 966 1651 995 que
1667 966 1721 995 per
1738 964 1790 986 eos
1807 956 1961 985 hactenus
1973 955 2012 983 ad
2026 955 2173 992 regimen

1164 1013 1387 1042 assumebatur
1403 1010 1544 1041 civitatis
1560 1010 1720 1049 ejusdem,
1738 1018 1793 1048 pro
1811 1007 1950 1048 [salario]
1970 1017 2028 1037 suo
2045 1012 2075 1037 et
2095 1008 2174 1037 duo-

1165 1075 1235 1095 rum
1250 1066 1396 1103 judicnm
1410 1073 1446 1094 ac
1462 1064 1558 1093 unius
1575 1062 1691 1092 notarii
1705 1062 1760 1101 qui
1776 1062 1815 1091 ad
1832 1060 2047 1091 exercendum
2066 1060 2177 1099 hujus-

1164 1119 1250 1149 modi
1268 1119 1411 1155 regimen
1429 1117 1513 1146 inibi
1529 1116 1755 1152 morabantur,
1773 1115 1991 1153 septingentas
2008 1113 2106 1142 libras
2124 1122 2174 1142 ra-

1165 1177 1341 1202 vennatum
1353 1170 1490 1208 singulis
1504 1170 1598 1199 annis
1612 1172 1848 1198 consueverunt
1858 1166 1991 1203 solvere,
2001 1175 2036 1195 ac
2049 1166 2177 1195 univer-

1166 1227 1241 1255 sitas
1253 1225 1423 1255 hominum
1436 1223 1598 1263 quondam
1609 1222 1779 1252 comitatus
1789 1221 1854 1250 sive
1864 1220 2027 1249 districtus
2039 1219 2176 1248 civitatis

1166 1279 1309 1318 ejusdem
1333 1282 1407 1306 tunc
1428 1285 1500 1306 cum
1524 1276 1609 1305 dicto
1630 1274 1762 1305 comuni
1779 1273 1998 1303 contribueret
2012 1272 2046 1300 in
2063 1271 2178 1300 salario

1166 1331 1365 1370 supradicto,
1392 1335 1498 1359 tamen
1522 1337 1659 1359 comune
1685 1327 1842 1366 prefatum
1869 1324 2015 1364 potestati
2037 1333 2098 1363 que
2122 1333 2177 1362 per

1167 1389 1303 1415 rectores
1324 1383 1527 1413 Anconitane
1549 1381 1691 1411 Marchie
1712 1380 1751 1409 ad
1772 1379 1912 1418 predicte
1934 1378 2072 1408 civitatis
2093 1377 2178 1415 regi-

1168 1447 1242 1467 men
1265 1446 1320 1476 pro
1344 1441 1484 1474 tempore
1504 1435 1641 1464 mittitur
1661 1433 1749 1463 mille
1772 1432 1870 1462 libras
1890 1436 2104 1461 ravennatum
2123 1438 2178 1469 pro

1167 1500 1224 1521 suo
1241 1490 1356 1520 salario
1371 1488 1573 1527 compellitur
1589 1487 1722 1522 solvere,
1743 1494 1929 1524 quanquam
1947 1485 2079 1514 unicum
2093 1484 2177 1522 judi-

1167 1554 1236 1575 cem
1269 1553 1376 1574 secum
1407 1543 1522 1572 habeat
1550 1542 1585 1571 in
1616 1540 1778 1579 regimine
1808 1538 1999 1577 supradicto.
2032 1537 2178 1575 Cumque

1167 1599 1291 1628 dictum
1322 1605 1458 1627 comune
1488 1597 1521 1625 in
1552 1595 1710 1625 solutione
1736 1592 1921 1631 hujusmodi
1949 1591 2084 1630 pecunie
2113 1598 2178 1620 non

1168 1652 1330 1681 modicum
1346 1654 1549 1688 aggravetur,
1570 1648 1662 1677 nobis
1680 1647 1755 1676 fecit
1773 1645 1941 1675 humiliter
1958 1643 2130 1683 supplicari
2146 1647 2181 1672 ut

1168 1704 1334 1744 providere
1357 1711 1452 1741 super
1474 1702 1534 1731 hoc
1557 1701 1595 1730 de
1617 1700 1817 1738 benignitate
1840 1698 1931 1728 solita
1956 1697 2177 1735 dignaremur.

1167 1759 1235 1788 Nos
1260 1757 1374 1795 igitur,
1392 1755 1541 1786 comunis
1559 1753 1704 1793 ejusdem
1723 1753 1758 1782 in
1782 1752 1842 1781 bac
1863 1754 1950 1790 parte
1974 1749 2179 1789 supplicatio-

1168 1812 1264 1841 nibus
1282 1809 1446 1845 inclinati‚
1464 1809 1604 1845 benigne
1629 1807 1780 1837 duximus
1805 1804 2042 1844 providendum
2067 1807 2100 1833 ut
2124 1811 2180 1841 pro

1168 1865 1284 1894 salario
1301 1863 1462 1902 potestatis
1480 1867 1510 1891 et
1528 1861 1656 1900 j[udicis
1672 1859 1726 1898 qui
1743 1859 1782 1888 ad
1801 1858 1919 1897 prefate
1936 1856 2075 1887 civitatis
2094 1856 2180 1893 regi-

1169 1927 1242 1948 men
1266 1917 1333 1956 pro]
1357 1922 1494 1955 tempore
1518 1913 1782 1944 transmittuntur
1806 1912 1989 1949 octingenta
2012 1909 2095 1939 libre
2114 1909 2179 1946 r[a-

1168 1976 1344 2001 vennatum
1361 1980 1415 2009 per
1430 1968 1577 2006 comune]
1595 1967 1676 1997 dicte
1691 1965 1830 1996 civitatis
1846 1965 1941 1994 annis
1955 1963 2093 2001 singulis
2110 1971 2180 2001 per-

1168 2025 1344 2056 solvantur.
1361 2022 1529 2062 Quoc[irca
1545 2020 1705 2051 nobilitati
1724 2024 1776 2049 tue
1792 2028 1848 2058 per
1863 2016 2045 2056 apostolica]
2064 2016 2181 2054 scripta

1168 2079 1360 2109 mandamus
1378 2076 1531 2116 quatinus
1554 2073 1742 2113 hujusmodi
1766 2076 1874 2102 nostra
1898 2070 2080 2109 provisione
2102 2077 2180 2098 con-

1169 2137 1273 2162 tentus
1289 2131 1439 2167 existens,
1464 2138 1482 2158 a
1506 2129 1692 2168 [memorato
1708 2124 1874 2156 communi
1899 2124 1967 2163 pro]
1989 2122 2104 2152 salario
2127 2131 2180 2151 su-

1167 2186 1309 2225 pradicto
1326 2193 1389 2214 non
1407 2184 1513 2221 exigas
1531 2190 1589 2211 nec
1605 2180 1688 2218 exigi
1707 2179 1839 2218 patiaris
1863 2177 2018 2215 majorem
2035 2183 2131 2214 quam
2147 2178 2183 2203 ut

1169 2238 1382 2279 [providimus
1401 2234 1546 2275 pecunie]
1564 2233 1788 2273 quantitatem.
1808 2232 1881 2260 Dat.
1898 2229 1981 2268 apud
2000 2229 2178 2258 Urbemve-

1169 2297 1279 2327 terem,
1297 2300 1328 2320 Vt
1345 2290 1418 2319 idus
1430 2289 1527 2328 junii,
1542 2286 1745 2326 pontificatus
1762 2284 1862 2314 nostri
1879 2291 1965 2313 anno
1981 2284 2105 2320 quarto.
2124 2292 2138 2307 »

1242 2476 1359 2505 *⁷329
1778 2469 1905 2502 Orvieto,
1924 2468 2014 2502 5juin
2034 2466 2111 2494 1‘291.

1206 2539 1355 2566 Perusinis
1386 2537 1501 2564 mandat
1528 2539 1559 2562 ut.
1590 2534 1694 2561 rectori
1724 2533 1847 2559 ducatus
1878 2529 2024 2566 Spoletani
2055 2532 2182 2555 castrum

1171 2589 1268 2616 Sancti
1286 2586 1420 2614 Erculani
1439 2586 1597 2620 resignent.
1617 2583 1688 2615 (Fol.
1706 2583 1736 2609 57
1755 2582 1808 2613 v0.)

1211 2691 1329 2720 Dilectis
1342 2689 1416 2726 filiis
1429 2710 1449 2717 ..
1461 2687 1611 2725 potestati,
1626 2709 1645 2715 ..
1661 2686 1829 2722 capitaneo,
1843 2683 1970 2711 consitio
1984 2685 2010 2709 et
2024 2680 2183 2709 communi

1170 2745 1340 2773 Perusinis.
1363 2754 1375 2768 ι(
1394 2741 1475 2771 Cum
1492 2743 1630 2770 castrum
1645 2747 1700 2767 seu
1717 2735 1922 2766 fortellicium
1940 2733 2114 2772 quoddam,
2128 2730 2183 2760 cui

1170 2797 1307 2828 Podium
1325 2795 1433 2825 Sancti
1454 2792 1602 2823 Erculani
1624 2789 1813 2821 vocabulum
1831 2787 2013 2823 indidistis,
2032 2786 2130 2815 situm
2148 2784 2183 2813 in

1172 2850 1318 2880 districtu
1334 2847 1428 2878 castri
1441 2844 1744 2882 Gualdi,Nuce1‘iue
1760 2841 1907 2878 diocesis,
1925 2838 2080 2869 duxeritis
2096 2845 2185 2866 cons-

1172 2903 1357 2937 truendum,
1375 2900 1459 2940 quod
1475 2900 1515 2930 ad
1531 2907 1589 2929 nos
1605 2901 1634 2928 et
1650 2904 1817 2927 romanam
1834 2893 2014 2928 ecclesiam,
2032 2891 2113 2920 sicut
2129 2897 2183 2918 vos

1173 2957 1322 2994 ignorare
1337 2963 1400 2985 non
1416 2953 1587 2989 credimus,
1606 2950 1743 2990 pertinet
1758 2947 1854 2987 pleno
1867 2947 1951 2985 jure,
1967 2944 2097 2974 illarum
2116 2951 2185 2981 par-

1175 3011 1255 3040 tium
1269 3008 1383 3039 homin
1392 3016 1436 3043 es,
1449 3005 1582 3036 ecclesie
1593 3003 1731 3044 predicte
1744 2999 1909 3035 vassallos,
1923 2997 1961 3027 ad
1974 2995 2184 3026 habitandum

1992 3062 2042 3089 1⁶26
