2393 3496
904 291 1157 339 QUATRIEME
1180 287 1336 327 ANNEE.
2113 289 2171 317 825

76 389 214 428 prioratu
235 392 289 414 seu
306 380 461 419 dignitate
479 379 520 408 sit
538 385 574 407 eo
595 377 664 414 ipso
683 374 843 413 privatus,
866 376 913 403 tu.
931 368 1082 398 dubitans

78 451 118 472 ne
136 448 189 479 pro
209 445 245 467 eo
265 434 349 474 quod
373 433 477 462 taliter
495 431 609 460 absens
630 428 720 457 suisti
743 436 760 456 a
785 421 935 464 predictis
958 422 1083 452 civitate

80 499 110 525 et
134 489 253 522 diocesi
274 497 310 518 ac
330 486 463 516 ecclesia
487 482 689 518 Valentinis,
708 480 764 509 tibi
786 478 888 517 parari
910 476 1008 515 possit
1030 484 1085 513 per

81 549 230 577 statutum
250 541 427 581 predictum
446 536 577 576 aliquod
600 537 847 567 nocumentum,
867 530 958 560 nobis
975 528 1085 558 humi-

81 600 152 630 liter
168 593 351 634 supplicasti
375 595 408 620 ut
434 590 599 629 providere
619 588 655 617 in
679 587 739 616 hac
761 589 848 624 parte
867 583 922 612 tibi
937 582 976 611 de
992 580 1086 610 beni-

83 651 201 690 gnitate
215 645 385 686 apostolica
404 644 622 680 dignaremur.
641 641 706 670 Nos
722 639 830 677 igitur,
851 637 911 666 tuis
928 635 1086 674 supplica-

83 703 222 735 tionibus
241 698 455 730 favorabiliter
469 698 666 729 annuentes,
685 691 882 732 presentium
902 688 1088 718 auctoritate

85 755 286 787 decernimus
301 751 466 781 occasione
488 748 638 787 temporis
654 745 738 785 quod
762 754 780 774 a
799 744 916 783 prefata
936 741 986 770 die
1005 749 1067 779 qua
1079 763 1087 776 ‚

86 815 122 842 ut
137 808 327 849 premissum
345 809 400 840 est,
420 801 578 832 recessisti
596 810 614 830 a
634 803 808 828 memorata
823 797 955 827 ecclesia
970 793 1090 824 Valen-

87 863 154 893 tina
178 859 354 889 dinoscitur
380 855 554 890 effluxisse,
585 861 683 891 penas
707 853 739 880 in
769 850 948 888 supradicto
976 850 1092 877 statuto

87 918 248 948 contentas
273 917 300 941 te
321 910 506 940 nullatenus
529 906 722 941 incurrisse,
747 913 805 933 nec
823 904 918 933 etiam
939 911 993 940 pro
1013 906 1094 930 tem-

88 978 160 1010 pore
174 966 258 1006 quod
275 965 352 994 dum
376 963 495 993 redibis
514 961 554 991 ad
570 959 743 998 predictam
768 957 975 986 Valentinam
993 954 1094 984 eccle-

89 1023 167 1054 siam
196 1020 337 1050 elabetur
367 1025 464 1056 penas
493 1015 578 1053 ipsas
605 1013 767 1045 incurras,
800 1019 904 1047 neque
931 1008 1008 1038 alias
1040 1016 1095 1046 per

90 1075 197 1106 eadem
221 1076 338 1102 statuta
367 1071 489 1099 ratione
514 1066 727 1106 predictorum
753 1067 931 1102 temporum
960 1062 1014 1090 tibi
1037 1061 1095 1089 ali-

91 1127 172 1168 quod
190 1124 404 1165 prejudicium
426 1121 591 1160 generari,
614 1128 668 1149 seu
688 1117 744 1147 illa
764 1117 803 1146 ad
826 1121 853 1145 te
873 1116 932 1145 hac
950 1115 987 1144 de
1004 1123 1099 1144 causa

91 1179 215 1213 extendi
240 1177 367 1207 valeant
392 1183 519 1214 quoquo
542 1172 647 1202 modo.
670 1170 761 1201 Nulli
779 1177 873 1207 ergo,
898 1173 969 1202 etc„
992 1172 1098 1197 nostre

91 1230 323 1265 constitutionis
335 1253 342 1266 ,
358 1234 417 1259 etc.
436 1229 507 1257 Dat.
526 1226 610 1265 apud
628 1225 910 1259 Urbemveterem,
929 1231 969 1251 xn
987 1221 1098 1251 kalen-

93 1287 147 1317 das
163 1284 315 1321 octobris,
334 1291 420 1313 anno
439 1284 562 1320 quarto.
585 1291 598 1306 n

132 1497 316 1534 Dispensatio
332 1504 420 1531 super
435 1495 595 1530 pluralitate
611 1492 825 1520 beneficiorum.
845 1491 926 1521 (Rae.
940 1490 983 1522 46,
996 1499 1021 1517 c.
1039 1490 1100 1524 542,

98 1549 118 1576 f.
135 1548 182 1575 107
199 1548 249 1579 vo.)

577 1430 705 1459 Orvieto,
721 1430 754 1456 28
771 1428 933 1463 septembre
952 1428 1029 1454 1291.

143 1651 284 1688 Magistro
303 1648 509 1678 Bartholomeo
530 1647 607 1676 dicto
623 1644 731 1682 Quiri,
749 1645 875 1683 plebano
893 1643 984 1682 plebis
999 1643 1103 1673 Sancti

99 1704 247 1734 Iohannis
280 1703 315 1731 de
343 1702 415 1731 Rivo
444 1701 505 1730 alto
534 1701 568 1729 de
601 1699 742 1735 Venestis,
773 1699 940 1728 Casceltane
969 1699 1101 1727 diocesis.

101 1756 180 1787 Cum
200 1764 236 1786 eo
258 1755 421 1794 dispensat
441 1758 489 1790 ut,
511 1761 576 1783 una
598 1761 671 1782 cum
692 1752 863 1791 plebanatu
879 1751 980 1790 plebis
997 1751 1105 1781 Sancti

101 1809 259 1841 Johannis
283 1808 320 1838 de
344 1807 423 1837 Rivo
445 1806 520 1842 alto,
543 1805 798 1844 primiceriatum
821 1804 972 1835 ecclesiae
996 1804 1106 1834 Sancti

106 1863 203 1893 Marci
220 1863 259 1892 de
274 1861 421 1892 Venetiis
441 1860 582 1898 recipere
599 1860 707 1898 possit.

145 1929 159 1944 α
177 1917 263 1947 Licet
278 1924 319 1946 ne
335 1916 446 1954 quis...
460 1931 498 1936 —
514 1914 585 1943 Dat.
603 1913 686 1952 apud
703 1913 977 1950 Urbemveterem‚
996 1922 1041 1942 1111
1055 1912 1109 1942 ka-

104 1969 214 2001 tendas
228 1969 380 2005 octobris,
400 1975 486 1997 anno
503 1970 628 2006 quarto.
647 1979 659 1992 ι»

175 2127 429 2157 alaz-(3133

141 2190 257 2218 Collatio
273 2189 405 2216 beneficii
420 2192 448 2215 et
469 2188 647 2223 dispensatio
668 2196 755 2223 super
774 2188 935 2223 pluralitate
956 2187 1112 2214 beneficio-

108 2249 181 2268 rum.
200 2240 280 2272 (Rae.
298 2239 341 2272 46,
358 2247 385 2265 c.
402 2238 463 2271 543,
480 2238 501 2265 f.
520 2238 566 2265 107
585 2239 636 2270 νο.)

587 2125 714 2157 Orvieto,
731 2125 764 2152 27
781 2125 944 2160 septembre
961 2124 1039 2151 1291.

148 2342 318 2372 Parcivallo
337 2342 370 2370 de
390 2341 556 2376 Barbania,
574 2341 717 2369 canonico
738 2341 910 2378 Yporiensi,
932 2339 1116 2369 considera-

113 2395 195 2425 tione
210 2416 230 2423 ..
248 2393 388 2433 episcopi
400 2392 602 2431 Yporiensis,
616 2393 839 2422 canonicatum
858 2396 888 2422 et
904 2393 1117 2431 praebendam

110 2447 145 2477 in
172 2447 302 2478 ecclesia
328 2446 500 2485 Yporiensi
522 2446 660 2482 confert,
683 2446 910 2485 dispensatque
933 2455 1006 2476 cum
1027 2455 1063 2477 eo
1084 2450 1120 2476 ut

113 2500 256 2530 eamdem
266 2499 483 2538 praebendam
495 2508 561 2529 una
572 2508 645 2529 cum
658 2500 800 2530 cantoria
811 2499 845 2529 in
860 2499 971 2529 eadem
988 2499 1120 2529 ecclesia

115 2558 145 2584 et
172 2553 327 2583 beneficio
359 2553 393 2582 in
420 2552 552 2583 ecclesia
581 2553 690 2583 Sancti
718 2553 843 2583 Juliani
872 2553 911 2583 de
942 2553 1119 2588 Barbania,

115 2607 303 2646 Yporiensis
318 2606 472 2636 dioecesis
483 2629 491 2643 ,
508 2606 651 2636 detinere
667 2607 777 2645 possit.

158 2672 172 2687 «
197 2659 306 2699 Adjuti
327 2659 449 2689 meritis
474 2659 635 2698 proprie...
655 2677 694 2681 —
718 2661 787 2689 Dat.
808 2660 892 2698 apud
914 2660 1122 2690 Urbemvete-

118 2721 198 2750 rem,
214 2723 233 2742 v
249 2712 401 2743 kalendas
416 2713 564 2752 octobris,
577 2722 662 2743 anno
678 2718 801 2752 quarto.
821 2726 835 2739 »

158 2766 196 2796 In
212 2775 240 2796 e.
256 2775 299 2795 m.
317 2789 337 2796 ..
355 2766 461 2796 abbati
474 2767 660 2797 monasterii
675 2767 783 2797 Sancti
800 2767 955 2806 Stephani
971 2767 1124 2805 Yporien-

119 2820 172 2855 sis,
187 2842 207 2849 ..
221 2819 356 2858 plebano
369 2818 471 2857 plebis
483 2819 522 2848 de
535 2819 688 2858 Septimo,
702 2820 904 2858 Yporiensis,
917 2824 947 2850 et
962 2843 982 2850 ..
999 2828 1126 2859 praepo-

120 2871 178 2902 sito
201 2871 353 2901 ecclesiae
379 2871 552 2908 Pinarolii,
570 2872 782 2902 Taurinensis
799 2872 972 2908 dioecesis,
996 2871 1128 2901 mandat

120 2928 155 2954 ut
166 2924 363 2963 praedictum
377 2924 593 2955 Parcivallum
608 2925 658 2955 vel
672 2929 908 2964 procuratorem
923 2926 992 2964 ejus
1008 2926 1042 2954 in
1059 2933 1126 2955 cor-

120 2976 261 3015 poralem
280 2977 514 3015 possessionem
531 2977 691 3016 praefatae
709 2978 908 3016 praebendae
925 2978 1090 3008 inducant.

267 3041 339 3069 Rae.
361 3041 483 3069 Nicoma
504 3042 556 3070 IV.

1237 364 1353 392 (3134

1201 427 1345 461 Episcopo
1368 424 1485 451 Clusino
1509 422 1636 449 mandat.
1664 418 1895 455 supplicantibus
1919 438 1936 444 ..
1957 417 2119 451 praeposito
2145 419 2173 441 et

1643 357 1775 385 Orvieto.
1792 356 1825 382 ‘20
1842 355 2003 390 septembre
2023 354 2098 381 1291.

1167 476 1292 511 capitulo
1306 474 1446 500 ecclesiae
1463 473 1584 498 Sanctae
1602 470 1752 496 Mustiolae
1769 467 1918 499 Clusinae,
1936 465 2045 491 ordinis
2063 463 2092 489 S.
2110 464 2174 489 Au-

1169 524 1290 560 gustini,
1310 527 1339 550 ut
1355 519 1664 549 excommunicationis
1682 525 1817 552 poenam,
1835 523 1920 550 quam
1938 512 2130 548 promulgavit
2147 512 2174 537 in

1169 579 1401 607 transgressores
1420 568 1609 604 quorumdam
1633 570 1823 595 statutorum,
1840 564 1867 590 in
1890 563 1973 589 aliam
1993 569 2113 596 poenam
2129 568 2176 586 ra-

1171 622 1348 649 tionabilem.
1368 628 1422 646 non
1439 623 1533 645 tamen
1557 617 1766 652 pecuniariam,
1783 614 1855 640 infra
1877 611 2042 646 quindecim
2065 610 2175 636 dierum

1171 671 1295 705 spatium
1312 672 1478 695 commutet.
1496 667 1578 701 (Ptm.
1595 666 1639 699 46,
1656 674 1682 691 c.
1700 664 1760 697 544,
1779 663 1797 689 f.
1817 662 1865 688 108
1882 664 1929 693 t·⁰.)

1220 771 1384 802 Venerabili
1399 770 1494 806 fratri
1508 791 1527 796 ..
1546 768 1678 804 episcopo
1696 766 1829 795 Clusino.

1219 838 1231 852 ι
1256 824 1321 854 Sua
1347 822 1439 852 nobis
1460 820 1606 850 dilecti...
1630 835 1667 840 —
1693 818 1764 847 Dat.
1790 816 1873 854 apud
1897 815 2181 849 Urbemwterem,

1174 889 1216 908 ΧΠ
1231 876 1386 907 kalendas
1402 872 1554 907 octobris,
1573 879 1658 900 anno
1677 874 1800 908 quarto.
1825 880 1837 894 »

1249 1062 1366 1092 (3135
1661 1055 1793 1087 Orvieto,
1809 1053 1841 1079 22
1859 1051 2020 1086 septembre
2039 1050 2114 1076 1291.

1216 1127 1258 1153 De
1280 1123 1434 1152 residentia
1459 1119 1648 1156 quorumdam
1676 1115 1910 1143 beneficiatorum
1935 1114 1964 1139 in
1992 1112 2186 1138 Lincolniensi

1180 1176 1312 1204 ecclesia.
1331 1174 1414 1207 (Res.
1432 1172 1475 1201 46,
1491 1179 1517 1196 e.
1533 1169 1593 1201 545,
1611 1168 1630 1194 f.
1649 1167 1696 1194 108
1713 1169 1758 1197 r0.)

1229 1276 1393 1308 Venerabili
1414 1273 1508 1310 fratri
1533 1272 1577 1307 O.,
1601 1271 1734 1307 episcopo
1757 1265 1972 1295 Lincocniensi.
1994 1262 2190 1292 Vacantibus

1182 1333 1261 1364 olim
1297 1328 1555 1360 archidiaconatu
1595 1320 1840 1358 Bokinganniae
1871 1322 1902 1347 et
1933 1316 2124 1346 canonicatu
2156 1323 2191 1343 ac

1183 1383 1364 1425 praebenda
1386 1389 1468 1420 quae
1492 1376 1655 1417 quondam
1679 1372 1883 1404 Parcevallus
1902 1371 1940 1400 de
1961 1369 2119 1405 Lavania,
2138 1376 2191 1397 ca-

1184 1438 1330 1479 pellanus
1346 1443 1459 1474 papae,
1476 1433 1510 1462 in
1530 1429 1662 1460 ecclesia
1678 1424 1898 1457 Lincolniensi
1914 1422 2093 1457 obtinebat,
2113 1429 2192 1459 papa

1184 1491 1366 1522 facultatem
1380 1488 1431 1523 O.,
1446 1486 1590 1524 episcopo
1600 1478 1831 1514 Lincolnieusi,
1842 1476 1988 1507 concedit
2004 1473 2194 1505 conferendi

1185 1546 1296 1577 eadem
1315 1540 1472 1573 beneficia
1489 1537 1625 1568 diversis
1641 1534 1785 1574 personis
1807 1532 1847 1561 de
1867 1539 1966 1569 regno
1983 1528 2139 1567 Anghae,
2157 1527 2195 1557 de

1185 1599 1332 1637 legitimo
1352 1592 1558 1625 matrimonio
1574 1588 1766 1629 procreatis,
1790 1587 1824 1615 in
1849 1583 2024 1621 theologica
2048 1580 2198 1611 facultate

1186 1650 1347 1689 magistris
1366 1651 1420 1677 aut
1436 1646 1472 1675 in
1489 1643 1623 1674 decretis
1640 1640 1691 1670 vel
1708 1640 1742 1669 iu
1763 1639 1835 1677 jure
1850 1635 1938 1666 civili
1956 1633 2195 1674 professoribus.

1187 1702 1381 1744 Hujusmodi
1392 1701 1491 1738 igitur
1502 1696 1687 1728 collationes
1699 1692 1858 1732 praefatus
1871 1690 2035 1728 episcopus
2046 1687 2129 1722 fecit,
2143 1686 2197 1716 sed

1188 1760 1264 1800 quia
1276 1754 1474 1797 praebendae
1484 1751 1558 1781 illae
1570 1748 1724 1788 quasdam
1736 1745 1856 1774 habent
1867 1751 2008 1772 annexas
2020 1739 2198 1779 parrochia-

1189 1814 1234 1844 les
1253 1810 1418 1842 ecclesias,
1438 1807 1472 1836 in
1489 1804 1605 1844 quibus
1621 1801 1738 1830 debent
1753 1796 1895 1837 perpetui
1912 1794 2022 1824 vicarii
2040 1792 2198 1827 residere,

1189 1868 1275 1897 idem
1295 1864 1460 1902 episcopus
1477 1858 1565 1898 petiit
1580 1865 1620 1886 an
1639 1861 1792 1893 personae
1810 1859 1891 1889 quae
1911 1847 2105 1887 praebendas
2129 1853 2198 1874 eas-

1191 1921 1264 1950 dem
1291 1914 1489 1948 obtinentin
1519 1910 1650 1941 ecclesia
1675 1903 1897 1936 Lincolniensi
1922 1901 1972 1931 vei
1999 1901 2033 1929 in
2060 1897 2202 1929 ecclesiis

1191 1973 1268 2012 ipsis
1294 1966 1546 2010 parrochialibus
1567 1962 1703 1992 debeant
1725 1957 1880 1991 residere;
1902 1955 1955 1984 cui
1972 1950 2201 1983 consultationi

1192 2024 1362 2064 respondet
1376 2029 1456 2060 papa
1475 2024 1626 2057 personas
1644 2013 1714 2043 illas
1730 2012 1764 2040 in
1782 2009 1894 2048 majori
1913 2006 2046 2037 ecclesia
2063 2003 2203 2033 residere

1193 2079 1325 2113 debere,
1343 2076 1387 2105 ita
1404 2078 1509 2103 tamen
1533 2068 1616 2108 quod
1637 2067 1670 2096 in
1691 2062 1840 2104 praefatis
1860 2060 2000 2090 ecclesiis
2019 2056 2203 2096 parrochia-

1193 2133 1278 2163 libus
1294 2139 1349 2169 per
1364 2126 1500 2158 vicarios
1515 2122 1683 2153 serviatur.

1240 2198 1252 2211 ι
1269 2181 1463 2213 Vacantibus
1481 2177 1557 2208 olim
1578 2173 1875 2204 archidiaconatu...
1892 2184 1931 2188 —
1947 2167 2019 2195 Dat.
2041 2163 2123 2202 apud
2141 2162 2206 2192 Ur-

1196 2240 1422 2269 bemveterem,
1441 2242 1459 2261 x
1475 2228 1628 2260 kalendas
1646 2224 1793 2259 octobris,
1810 2229 1896 2251 anno
1913 2223 2036 2258 quarto.
2056 2229 2070 2243 ν

1679 2403 1811 2430 Orvieto.
1828 2400 1860 2426 (ΖΞ
1877 2397 2040 2432 septembre
2060 2394 2138 2421 1291.

1271 2413 1387 2443 613ss

1238 2477 1369 2505 Facultas
1385 2469 1550 2500 conferendi
1565 2466 1778 2495 tabellionatum
1792 2461 1904 2488 duabus
1918 2458 2059 2494 personis.
2073 2455 2154 2489 (Rae.
2166 2453 2209 2483 46,

1202 2537 1226 2555 c.
1246 2527 1312 2557 546,
1328 2526 1347 2551 f.
1369 2523 1415 2550 108
1432 2522 1483 2553 vo.)

1245 2629 1359 2658 Eidem.

1248 2694 1261 2708 u
1281 2681 1330 2711 Ne
1347 2678 1567 2708 contractuum
1582 2668 1773 2700 memoria...
1793 2682 1831 2688 -
1848 2665 1919 2694 Dat.
1936 2660 2021 2699 apud
2038 2658 2210 2689 Urbemve-

1208 2742 1318 2770 terem,
1334 2741 1353 2761 x
1369 2727 1521 2760 kalendas
1536 2722 1684 2758 octobris,
1701 2727 1787 2750 anno
1806 2720 1928 2756 quarto.
1951 2726 1962 2740 n

1281 2909 1394 2939 613¹?
1689 2897 1820 2928 Orvieto,
1836 2893 1870 2920 ‘22
1887 2889 2048 2926 septembre
2068 2885 2144 2912 1291.

1248 2975 1290 3001 De
1306 2971 1441 3008 petitione
1457 2975 1514 3002 qua
1528 2964 1616 2993 abbas
1633 2966 1661 2989 et
1675 2960 1835 2988 conventus
1852 2950 2017 2980 monasterii
2030 2947 2127 2975 Sancti
2138 2945 2216 2972 Petri

2029 3010 2077 3037 104
