2393 3496
603 654 784 698 INCIPIT
814 652 1078 696 REGESTUM
1108 652 1432 696 LITTERARUM
1464 652 1609 695 CURIE

179 876 511 950 QUARTI
562 873 778 937 ANNI
833 872 1155 935 DOMINI
1209 871 1569 934 NICOLAI
1623 870 1848 933 PAPE
1900 873 2035 934 IIII

99 1452 349 1482 6884-68115
631 1448 757 1481 Orvieto,
778 1448 807 1475 16
825 1456 901 1474 mars
918 1448 996 1476 1291.

98 1515 171 1549 Regi
188 1515 310 1549 Angliae
331 1513 475 1548 significat
495 1520 527 1538 se
548 1513 612 1546 ejus
627 1511 852 1545 acceptationem
870 1510 946 1537 modi
962 1514 990 1536 ct
1010 1514 1070 1537 ter-

65 1566 132 1592 mini
150 1562 390 1591 transfretationis
405 1561 439 1587 ad
459 1561 575 1587 Terram
593 1559 725 1586 Sanctam
743 1564 833 1586 ratam
849 1564 876 1586 et
892 1563 1001 1594 gratam
1017 1559 1070 1585 ha-

65 1615 138 1641 bere.
156 1613 238 1647 (Reo.
256 1613 297 1643 liu',
316 1620 341 1638 c.
362 1612 385 1642 1,
403 1611 420 1637 f.
440 1611 487 1636 157
504 1617 544 1643 ¹¹⁰3
561 1609 678 1642 Poma,
694 1608 803 1638 23604.)

102 1716 259 1751 Νἰεοῖαιιε,
279 1715 434 1752 episcopus
458 1721 563 1741 servus
590 1719 745 1740 servorum
767 1712 827 1740 Dei.
847 1711 1012 1739 Carissimo
1036 1711 1068 1738 in

65 1770 180 1799 Christo
193 1769 258 1805 filio
273 1766 321 1804 E.‚
340 1767 406 1804 reyz'
421 1767 530 1803 Anqlz'e
546 1765 675 1801 illustri,
690 1765 858 1793 salutemet
873 1764 1068 1801 apostolicam

64 1823 304 1853 benedictz'onem.
333 1831 345 1846 α
370 1819 444 1848 Post
463 1820 611 1847 tractatus
628 1817 730 1846 varios
748 1814 832 1846 inter
853 1816 960 1846 sedem
977 1824 1068 1855 apos-

67 1876 190 1906 tolicam
227 1879 257 1903 et
287 1871 565 1910 magnificentiam
591 1875 677 1899 tuam
709 1870 811 1899 felicis
839 1869 1069 1900 recordationis

66 1929 206 1965 Martini,
224 1926 370 1961 Houorii,
381 1933 586 1955 romanorum
599 1924 796 1962 pontificum,
810 1924 1068 1962 predecessorum

65 1988 264 2017 nostrorum,
282 1984 312 2010 et
328 1979 446 2009 nostris
463 1978 658 2016 temporibus
674 1977 799 2006 habitos
816 1986 910 2015 super
927 1977 1068 2006 subsidio

63 2038 158 2068 Terre
175 2035 290 2065 Sancte
306 2042 361 2072 per
377 2036 405 2061 te
422 2030 630 2070 personaliter
647 2034 798 2068 tuamque
817 2030 990 2068 potentiam
1006 2031 1068 2059 im—

65 2089 241 2130 pendendo,
254 2087 386 2117 demum
400 2084 585 2115 celsitudini
602 2084 688 2121 regie
707 2092 761 2122 per
777 2083 857 2112 bone
876 2083 1028 2113 memorie
1047 2106 1066 2112 ..

63 2144 290 2174 Grossetanum
316 2139 499 2178 episcopum
524 2137 644 2166 litteras
666 2136 911 2173 destinavimus,
937 2135 1068 2166 modum

63 2205 118 2236 per
134 2203 229 2234 quem
249 2198 278 2223 te
296 2193 357 2231 ipsi
381 2195 462 2221 terre
485 2190 633 2220 volumus
650 2198 772 2228 nosque
789 2190 845 2219 tibi
863 2189 902 2219 ad
920 2198 1068 2228 prosecu-

65 2251 183 2280 tionem
215 2248 293 2277 tanti
324 2245 442 2283 negotii
472 2243 689 2282 disposuimus
720 2243 892 2273 subvenire
918 2243 1068 2272 seriosius

62 2303 262 2334 continentes
279 2304 308 2330 et
331 2300 493 2337 exigentes
514 2297 661 2336 explicite
677 2296 762 2335 quod
782 2296 913 2326 modum
930 2296 1067 2326 eundem

64 2366 118 2396 per
133 2361 201 2386 tuas
218 2356 360 2393 patentes
376 2352 507 2387 litteras,
522 2351 610 2388 regio
628 2350 780 2389 pendenti
796 2349 901 2388 sigillo
914 2350 1065 2386 munitas,

64 2409 153 2439 infra·
173 2408 288 2438 testum
319 2404 555 2435 Purificationis
583 2404 673 2433 beate
700 2403 840 2441 virginis
873 2408 1067 2433 transactum

65 2461 245 2497 novissime,
265 2459 349 2499 quod
366 2458 421 2487 tibi
438 2457 478 2487 ad
495 2457 555 2486 hoc
572 2457 746 2486 terminum
767 2457 996 2495 presumimus,
1016 2465 1068 2486 ac-

65 2521 215 2554 ceptares,
236 2518 266 2544 et
293 2512 448 2551 quasdam
470 2511 633 2541 cautiones
657 2511 690 2540 in
717 2511 796 2549 ipsis
817 2511 931 2540 litteris
951 2511 1069 2541 nostris

65 2577 226 2608 expressas
237 2577 291 2606 per
301 2565 424 2596 similes
438 2565 543 2602 regias
554 2564 675 2593 litteras
689 2564 854 2594 exhiberes
867 2575 873 2600 ς
891 2569 987 2603 tuque
999 2564 1068 2594 lau—

12 2629 16 2632 *
65 2621 171 2652 dabile
193 2620 386 2659 propositum
402 2618 441 2647 ad
461 2622 542 2647 terre
558 2617 676 2656 prefate
692 2617 871 2646 subsidium
887 2617 1016 2654 divina,
1037 2622 1070 2647 ut

67 2673 283 2706 verisimiliter
291 2672 493 2710 credipotest,
502 2670 711 2709 inspiratione
720 2674 906 2708 conceptum
918 2673 1068 2710 tanquam

66 2729 211 2767 princeps
226 2725 400 2756 catholicus
425 2723 646 2754 laudabilioris
668 2724 770 2762 operis
792 2724 979 2754 executione
995 2733 1068 2762 pro-

66 2789 213 2820 sequens,
231 2787 295 2809 non
312 2778 414 2808 solum
431 2781 606 2816 pretactutn
625 2776 754 2806 modum
768 2777 853 2806 intra
868 2776 989 2807 dictum
1008 2782 1068 2807 ter-

66 2833 192 2864 minum
212 2831 391 2870 acceptasti,
413 2830 467 2860 sed
490 2834 520 2859 et
543 2830 705 2859 cautiones
730 2830 886 2868 predictas
910 2831 943 2859 in
969 2830 1070 2860 forma

67 2886 122 2916 tibi
146 2885 259 2915 tradita
289 2882 470 2922 prestitisti,
502 2882 584 2911 sic-ut
609 2882 643 2910 in
661 2883 723 2911 tuis
747 2883 928 2921 patentibus
943 2882 1067 2920 litteris,

66 2939 174 2970 eodem
194 2936 346 2976 pendenti
360 2936 447 2974 regio
469 2935 574 2973 sigillo
593 2935 745 2972 munim,
762 2945 840 2974 quas
860 2936 953 2966 nobis
971 2936 1003 2965 in
1022 2937 1069 2965 vi-

66 2992 143 3031 gilia
158 2991 233 3021 dicti
249 2989 319 3019 festi
343 2998 397 3028 per
413 2987 543 3018 dilectos
560 2987 642 3017 filios
659 2988 847 3026 magistrum
864 2989 1069 3019 NViIIeImum

208 3057 278 3083 Rau.
298 3055 422 3082 Niconis
443 3053 495 3080 IV.

1151 1447 1190 1478 de
1220 1447 1415 1482 Montesorti‚
1448 1455 1535 1475 nunc
1563 1444 1765 1483 capellanum
1798 1449 1941 1475 nostrum
1957 1470 1962 1481 ,
2001 1446 2156 1476 decanum

1152 1501 1283 1532 ecclesie
1301 1501 1408 1531 Sancti
1426 1499 1516 1530 Pauli
1539 1499 1788 1535 Londoniensis,
1810 1504 1839 1528 et
1853 1499 1965 1529 fratres
1986 1501 2156 1530 Robertum

1151 1555 1189 1584 de
1214 1554 1302 1584 Novo
1328 1554 1477 1588 Mercato,
1502 1553 1746 1592 predicatorum,
1772 1555 1802 1581 et
1824 1553 2006 1582 Johannem
2036 1554 2075 1584 de
2101 1555 2158 1584 Be-

1151 1607 1360 1646 kingherhyn
1376 1631 1381 1643 ,
1402 1608 1568 1636 minorum
1586 1606 1721 1635 fratrum
1740 1605 1889 1635 ordinum
1904 1629 1911 1643 ‚
1930 1608 2016 1644 regie
2033 1608 2158 1638 celsitu-

1151 1660 1235 1689 dinis
1260 1660 1410 1697 nuntios,
1433 1664 1630 1698 presentatas
1649 1660 1841 1697 accepimus,
1861 1669 1997 1698 quarum
2018 1665 2158 1691 tenorem

1151 1713 1189 1742 de
1217 1713 1313 1743 verbo
1339 1713 1379 1742 ad
1408 1713 1540 1742 verbum
1567 1712 1767 1750 presentibus
1796 1712 2021 1742 mandavimus
2046 1714 2158 1750 inseri,

1150 1765 1276 1804 plenius
1289 1767 1478 1795 continetur.
1494 1766 1560 1795 Nos
1573 1765 1673 1803 igitur
1687 1765 1772 1794 modi
1785 1765 1898 1803 prefati
1911 1767 2159 1804 acceptationem

1151 1824 1181 1848 et
1196 1820 1381 1849 cautionum
1406 1819 1621 1858 predictarum
1641 1818 1871 1848 exhibitionem
1887 1828 1904 1848 a
1924 1824 1952 1848 te
1970 1820 2064 1849 tactas
2080 1819 2158 1857 legi—

1153 1873 1227 1901 time
1244 1873 1277 1901 in
1297 1877 1436 1910 tempore
1449 1872 1616 1911 prestituto
1629 1872 1667 1902 de
1679 1872 1811 1901 fratrum
1831 1876 2010 1902 nostrorum
2028 1873 2161 1902 consilio

1151 1931 1234 1955 ratas
1248 1931 1278 1955 et
1290 1931 1395 1964 gratas
1410 1926 1563 1955 habentes
1580 1926 1798 1964 etexpressius
1814 1929 2023 1963 acceptantes,
2041 1936 2076 1956 ac
2089 1936 2159 1964 pre-

1151 1983 1256 2009 sentes
1274 1979 1395 2008 litteras
1421 1987 1515 2017 super
1538 1978 1597 2008 hoc
1617 1979 1651 2007 iu
1672 1978 1814 2007 veritatis
1834 1979 2052 2008 testimonium
2070 1980 2157 2017 regie

1151 2031 1336 2062 celsitudini
1352 2032 1580 2067 concedentes,
1598 2032 1719 2061 devotis
1735 2032 1852 2060 animis
1871 2036 1900 2061 et
1919 2032 2021 2070 plenis
2039 2033 2159 2062 affecti-

1150 2085 1208 2115 bus
1235 2094 1402 2115 exoramus
1430 2084 1623 2114 altissimum
1655 2088 1689 2113 ut
1720 2084 1960 2121 magnificentie
1994 2089 2045 2114 tue
2076 2086 2159 2115 circa

1151 2139 1280 2169 servitia
1290 2148 1347 2168 sua
1359 2139 1526 2174 fervorem,
1540 2146 1635 2176 quem
1647 2138 1816 2167 manifeste
1826 2138 1979 2176 premissa
1993 2142 2160 2175 testantur,

1150 2201 1215 2222 non
1233 2191 1336 2222 solum
1353 2191 1542 2221 continuare
1555 2215 1562 2228 ,
1581 2199 1694 2220 verum
1712 2191 1808 2220 etiam
1824 2195 2033 2228 augmentare
2057 2192 2159 2221 conti-

1151 2254 1225 2283 nue,
1246 2249 1413 2282 tecumque
1428 2244 1461 2272 in
1481 2248 1543 2273 tam
1559 2243 1774 2273 laudabilibus
1787 2243 1910 2273 actibus
1923 2244 1961 2273 ad
1981 2249 2032 2274 tue
2048 2244 2160 2274 salutis

1149 2302 1360 2337 augmentum
1378 2297 1628 2327 misericorditer
1646 2297 1825 2336 prosperari
1844 2306 1900 2326 sua
1918 2298 2077 2327 immensa
2095 2298 2159 2336 pie-

1151 2356 1213 2381 tate
1233 2351 1394 2388 dignetur.
1421 2351 1526 2380 Tenor
1550 2354 1657 2380 autem
1682 2350 1894 2389 predictarum
1919 2350 2097 2380 litterarum
2122 2351 2160 2380 de

1150 2404 1245 2434 verbo
1260 2404 1299 2433 ad
1316 2404 1448 2433 verbum
1465 2412 1520 2442 per
1534 2403 1643 2433 omnia
1658 2403 1730 2432 talis
1747 2407 1794 2433 est
1811 2412 1818 2433 τ

1192 2470 1205 2485 «
1224 2457 1431 2488 Sanctissimo
1449 2457 1482 2486 in
1499 2457 1625 2486 Christo
1644 2457 1724 2495 patri
1742 2457 1873 2486 domino
1889 2457 2033 2493 Nicolao,
2052 2457 2160 2486 diviua

1153 2524 1165 2539 n
1191 2511 1390 2550 providentia
1405 2514 1602 2539 sacrosancte
1618 2518 1751 2539 romane
1771 2514 1800 2539 et
1817 2510 2011 2539 universalis
2028 2510 2160 2540 ecclesie

1153 2577 1166 2592 ι)
1191 2572 1317 2594 summo
1333 2563 1473 2601 pontifici
1489 2588 1494 2598 ,
1512 2563 1644 2592 devotus
1665 2562 1752 2592 filius
1776 2563 1958 2594 Eduardus,
1982 2563 2038 2592 Dei
2058 2563 2161 2600 gratia

1154 2630 1166 2644 ι,
1192 2626 1244 2647 rex
1263 2615 1391 2654 AngHe,
1408 2615 1558 2645 dominus
1573 2615 1737 2654 Hybernie
1755 2619 1785 2644 et
1800 2615 1862 2644 dux
1881 2616 2067 2654 Aquitanie,
2087 2624 2160 2644 cuni

1153 2683 1167 2697 ,ι
1191 2669 1281 2700 omni
1293 2668 1606 2699 recommendatione
1615 2668 1726 2698 devota
1735 2668 1854 2707 pedum
1864 2668 1972 2698 oscula
1982 2669 2160 2698 beatorum.

1154 2736 1167 2751 »
1193 2723 1326 2752 Litteras
1354 2721 1529 2751 sanctitatis
1555 2725 1659 2750 vestre
1683 2721 1861 2759 recepimus
1888 2721 2087 2759 infrascripti
2117 2726 2160 2750 te-

1153 2789 1167 2803 »
1193 2776 1279 2806 noris
1298 2784 1304 2804 z

1193 2842 1206 2856 n
1225 2827 1388 2864 Nicolaus,
1406 2827 1570 2866 episcopus
1587 2836 1698 2857 servus
1714 2835 1878 2857 servorum
1900 2827 1967 2856 Dei.
1987 2828 2160 2856 Carissimo

1155 2896 1166 2908 ι»
1192 2883 1225 2911 in
1242 2882 1370 2911 Christo
1387 2880 1452 2910 filio
1472 2879 1636 2916 Eduardo,
1657 2880 1723 2918 regi
1740 2879 1858 2917 Anglie
1875 2879 2004 2915 illustri,
2026 2880 2159 2909 salutem

1155 2948 1167 2963 n
1192 2940 1222 2965 et
1236 2934 1439 2974 apostolicam
1455 2933 1722 2963 benedictionem.
1737 2933 1921 2962 Gaudemus
1934 2933 1967 2961 in
1984 2933 2157 2961 Domino...

1154 3000 1168 3015 »
1192 3006 1230 3009 -
1259 2988 1329 3017 Dat.
1362 2987 1481 3022 Rome,
1512 2985 1596 3024 apud
1626 2986 1776 3015 Sanctam
1811 2985 1945 3014 Mariam
1985 2985 2136 3023 Majorem
2153 3008 2158 3020 ‚

1972 3050 2018 3077 ¹12
