2393 3496
7 282 9 313 n.
0 0 14 262 „nnnmv-:x—

880 341 1092 372 REGISTRE
1114 342 1202 372 (ΒΑΜ
1208 337 1330 373 ERAL.
2097 349 2150 378 991

59 413 89 440 et
106 407 269 443 Nicolaus,
287 406 347 436 filii
368 408 530 446 quondam
548 408 736 445 Tlieobaldi,
754 408 894 439 Jacobus
915 408 1061 438 Riccardi

7 492 10 496 ,
60 462 97 493 de
114 460 235 490 Militiis
253 465 284 490 et
300 460 450 491 nonnulli
472 460 525 490 alii
546 461 584 491 de
606 462 881 492 Anibaldensibus
900 462 1062 491 civitatem

59 514 228 556 predictam
255 515 440 553 perturbare
464 524 500 544 ac
526 515 675 545 homiues
701 516 801 554 ipsius
828 516 1002 554 quominus
1027 516 1062 545 in

6 589 9 603 ;
60 567 226 598 territoriis
240 567 341 606 ipsius
357 568 496 597 civitatis
512 568 545 597 in
563 569 723 598 Maritima
740 573 838 598 terras
854 577 963 599 eorum
980 569 1064 599 labo-

60 629 129 652 rare
145 629 180 650 ac
196 620 310 650 bestias
326 621 445 651 ibidem
465 626 573 651 tenere
589 623 710 661 possint
726 623 881 661 impedire
900 623 1060 657 nituntur,

60 673 215 704 nobilitati
245 677 296 703 tue
322 674 519 712 presentium
551 679 658 704 tenore
687 675 829 705 districte
857 675 1063 714 precipiendo

59 726 247 758 mandamus
265 727 418 765 quatinus
437 727 530 758 dictis
548 728 711 758 nobilibus
731 729 771 758 ad
787 733 887 758 certas
905 734 936 759 et
951 738 1062 767 graves

59 788 155 820 penas
176 779 312 809 firmiter
335 780 484 810 inhibere
503 790 663 820 procures,
688 781 727 811 de
747 782 863 820 quibus
887 782 1061 819 solvendis,

61 833 86 864 si
101 842 152 863 eas
167 833 398 871 commiserint,
413 844 469 873 per
486 839 513 864 te
526 835 566 864 ab
582 835 628 864 eis
642 836 740 874 recipi
757 836 904 866 volumus
920 836 1062 875 ydoneas

61 887 234 924 cautiones,
252 887 336 925 quod
351 888 390 917 ab
404 888 589 927 hujusmodi
606 889 847 928 impedimentis
863 893 894 920 et
909 890 1063 919 molestiis

61 938 214 970 dictorum
229 940 349 970 civium
362 941 489 979 penitus
504 943 742 980 conquiescant.
758 943 913 982 Alioquin
925 943 964 973 ad
977 952 1064 973 exac-

61 991 176 1022 tionem
190 993 345 1023 dictarum
359 1003 515 1032 penarum
532 1000 641 1024 contra
657 1004 709 1025 eos
725 997 950 1035 proutjustum
968 996 1063 1026 fuerit

58 1045 224 1085 procedere
240 1055 302 1076 non
320 1052 501 1086 postponas.
516 1048 588 1078 Non
605 1049 750 1079 obstante
765 1050 849 1088 quod
865 1050 941 1079 dicti
954 1050 1062 1081 Terra-

57 1098 201 1130 cinenses
216 1099 368 1130 dicuntur
387 1101 421 1129 in
438 1100 595 1139 Capitolio
615 1102 788 1132 diffidati...
809 1103 877 1132 Dat.
898 1103 981 1141 apud
1001 1103 1063 1133 Ur-

57 1151 279 1188 bemveterem.
297 1163 317 1183 v
332 1153 486 1184 kalendas
504 1155 651 1192 octobris,
671 1164 757 1185 anno
773 1156 875 1186 tertio.
896 1169 909 1183 n

125 1365 241 1393 &285

93 1428 132 1455 De
146 1428 247 1456 eodem
265 1430 390 1465 negotio.
406 1430 478 1463 (Fol.
495 1431 527 1457 46
544 1435 595 1462 νο.)

538 1367 665 1402 Orvicto,
682 1368 715 1395 ‘27
731 1369 894 1404 septembre
912 1370 990 1397 1990.

93 1546 192 1576 Nobili
220 1548 288 1575 viro
308 1547 484 1582 Octaviano,
512 1548 678 1586 Campanie
703 1549 915 1587 Marilimeque
930 1551 1061 1588 rectori,

58 1598 166 1628 eadem
196 1602 291 1637 atque
317 1599 461 1629 Johanni
490 1600 529 1630 de
558 1600 754 1640 Columpna,
783 1602 923 1632 senatori
952 1603 1061 1641 Urbis,

57 1652 196 1684 mandat.

98 1718 112 1734 α
130 1706 308 1746 [Ge]rentes
326 1707 361 1736 in
378 1707 581 1738 desideriis...
600 1725 637 1729 —
655 1708 725 1738 Dat.
744 1713 780 1738 ut
795 1718 901 1748 supra.
920 1722 931 1735 ι

126 1918 245 1948 ¹228ss

91 1981 242 2009 Guillelmo
257 1981 333 2009 dicto
350 1982 420 2009 Cibo
436 1983 587 2009 rectoriam
609 1982 775 2009 Patrimonii
801 1983 876 2010 beati
897 1983 974 2010 Petri
995 1993 1063 2011 con-

57 2029 141 2058 cedit.
157 2029 229 2064 (Fol.
248 2031 280 2058 46
297 2032 349 2064 νο.)

583 1920 714 1953 Orvieto,
731 1924 895 1956 septembre
914 1921 990 1949 1290.

94 2146 203 2176 Dilecto
227 2146 291 2183 filio
316 2147 413 2176 nobili
438 2149 504 2176 viro
529 2147 691 2176 Guillel'mo
713 2147 791 2176 dicto
815 2147 903 2184 Cibo,
928 2150 989 2178 civi
1009 2149 1063 2178 Ja-

57 2199 174 2235 nuensi,
193 2200 303 2228 rectori
318 2199 504 2229 Patrimonii
521 2201 598 2229 beati
618 2200 700 2229 Petri
718 2202 751 2229 in
770 2201 888 2230 Tuscia.

97 2262 112 2279 «
131 2251 220 2281 Inter
241 2251 321 2282 alias
343 2253 561 2291 provincias...
579 2269 618 2274 —
641 2253 713 2282 Dat.
733 2253 816 2291 apud
839 2253 1063 2292 [Urbemvete-

58 2303 188 2344 rem...],
209 2306 411 2344 pontificatus
433 2307 532 2336 nostri
551 2315 637 2337 anno
660 2307 761 2336 tertio.
783 2319 796 2332 n

129 2517 242 2546 288³?
536 2518 667 2554 Orvieto,
684 2520 717 2547 27
734 2521 898 2556 septembre
916 2521 992 2549 1290.

92 2579 134 2607 De
148 2580 249 2607 eodem
268 2582 393 2616 negotio.
414 2581 484 2614 (Fon.
502 2583 534 2609 47
551 2584 599 2615 r0.)

97 2696 228 2736 [Dileciis
240 2696 326 2736 filiis]
341 2698 496 2727 universis
509 2699 675 2736 nobilibus,
690 2701 886 2737 potestatibus
901 2709 953 2730 seu
968 2706 1064 2730 recto-

59 2748 154 2787 ribus,
177 2751 449 2780 communitatibus
466 2755 491 2780 et
507 2752 775 2791 univer[sitatibus
799 2754 974 2791 ceterisque]
994 2763 1065 2792 per-

59 2804 141 2833 sonis
154 2804 338 2834 secularibus
353 2805 526 2839 civitatum,
543 2810 715 2834 castrorum
727 2806 919 2844 aliorumque
932 2808 1066 2837 iocorum

58 2863 110 2894 per
124 2856 353 2886 Patrimonium
369 2857 446 2886 beati
463 2857 558 2894 [Petri
572 2857 617 2896 in]
640 2859 747 2887 Tuscia
762 2860 943 2889 constituti&

101 2921 114 2936 α
138 2909 228 2940 Inter
248 2909 328 2939 alias
354 2909 571 2949 provincias...
594 2926 632 2932 —-
657 2911 727 2941 Dat.
747 2911 831 2950 apud
854 2912 1065 2944 Urbemvete-

61 2970 140 2999 rem,
159 2973 179 2992 v
201 2962 352 2993 kalendas
377 2963 524 2999 octobris,
546 2964 747 3002 pontificatus
769 2965 870 2995 nostri
890 2975 976 2996 anno
1003 2970 1066 2997 ter-

62 3014 115 3044 tio.
133 3027 146 3042 n

1218 410 1335 439 ’7268
1695 413 1822 447 Orvieto⁷
1840 413 1855 440 9
1871 414 1987 440 octobre
2005 414 2082 442 1290.

1182 470 1324 506 Episcopo
1344 472 1512 500 Penesti-ino
1530 475 1636 508 gratias
1651 476 1711 509 agit
1726 475 1760 501 de
1777 476 1969 502 sollicitudIne
1985 478 2050 511 ejus
2066 477 2092 503 in
2111 477 2154 502 of-

1146 519 1210 545 ficio
1226 520 1377 554 legationis
1392 523 1563 550 exercendo.
1580 523 1651 557 (Fol.
1670 524 1702 550 47
1719 525 1767 556 r0.)

1194 623 1358 651 Venerabili
1375 624 1469 659 fratri
1491 647 1510 654 ..
1534 626 1665 662 episcopo
1683 627 1871 662 Penestrino,
1894 628 2053 665 apostolice
2077 628 2155 656 sedis

1147 675 1251 711 leyato,
1269 677 1388 713 gratias
1409 677 1475 714 agit
1494 678 1531 707 de
1555 678 1772 708 sollicitudine
1796 680 1864 718 ejus
1884 680 1918 709 in
1938 680 2044 710 officio
2066 679 2154 718 lega-

1148 728 1242 758 tionis
1258 730 1443 766 exercendo,
1463 731 1615 769 additque
1631 744 1636 760 :
1652 744 1665 758 α
1682 732 1783 770 Super
1798 742 1833 763 eo
1851 742 1925 763 vero
1941 733 2024 772 qnod
2042 733 2154 763 Almu-

1145 782 1255 819 gaveri
1272 786 1301 812 et
1318 782 1373 812 illa
1391 788 1491 812 castra
1514 793 1575 822 que
1591 785 1630 813 ab
1646 786 1838 815 adversariis
1858 787 1984 816 fuerant
2004 791 2154 825 occupata

1145 834 1184 863 ad
1203 835 1352 864 mandata
1369 835 1500 866 ecclesie
1517 841 1547 866 et
1563 837 1717 876 principis
1738 839 1905 868 redierunt
1926 840 2017 869 valde
2032 840 2153 878 gaude-

1145 897 1227 917 muS.
1246 899 1259 914 »

1187 954 1201 969 «
1221 942 1274 971 Est
1290 942 1380 972 nobis
1399 942 1526 972 de...—
1541 943 1610 973 Dat.
1629 944 1712 982 apud
1730 945 2063 982 U1·bemveterem,V11
2082 946 2154 975 idus

1145 995 1292 1032 octobris,
1310 996 1512 1033 pontificatus
1530 997 1630 1026 nostri
1647 1006 1732 1027 anno
1750 998 1852 1028 tertio.
1872 1011 1885 1024 »

1218 1155 1333 1183 *2269

1183 1216 1373 1244 Venditiones
1396 1218 1536 1244 bonorum
1556 1227 1572 1244 a
1596 1219 1769 1252 quibusdam
1792 1219 1956 1246 hominibus
1978 1220 2083 1247 Montis
2107 1221 2154 1247 alti

1147 1266 1291 1293 nobilibus
1306 1267 1397 1293 factas
1413 1270 1518 1294 cassat.
1535 1267 1607 1300 (Fol.
1625 1268 1657 1294 47
1675 1269 1722 1301 1¹⁰.)

1678 1155 1805 1191 Orvieto,
1827 1157 1855 1183 12
1871 1157 1987 1184 octobre
2005 1158 2082 1185 1290.

1187 1370 1307 1398 Dileclis
1323 1370 1399 1406 filiis
1419 1392 1439 1400 ..
1456 1371 1568 1408 populo
1583 1372 1692 1400 Montis
1707 1372 1779 1405 alli,
1800 1373 1913 1401 nostris
1933 1377 1958 1401 et
1972 1373 2088 1402 ecclesie
2104 1382 2153 1402 ro-

1147 1432 1238 1451 mane
1262 1423 1415 1459 fidelibus,
1446 1424 1575 1452 saltitem
1605 1429 1630 1453 et
1661 1425 1857 1461 apostoticam
1887 1424 2153 1463 [benedictionem]

1150 1487 1163 1502 α
1184 1475 1339 1505 Mirantes
1364 1485 1466 1514 nuper
1488 1477 1668 1515 accepimus
1685 1483 1715 1506 et
1736 1477 1850 1507 turbati
1877 1478 2047 1508 referimus
2070 1478 2155 1517 quod

1147 1527 1299 1558 nonnulli
1323 1538 1358 1558 ex
1381 1529 1479 1565 vobis,
1504 1530 1610 1560 debito
1634 1530 1795 1560 fidelitatis
1817 1531 1908 1561 obliti
1931 1540 1994 1570 quo
2015 1532 2105 1561 nobis
2125 1536 2155 1562 et

1148 1581 1281 1612 ecclesie
1297 1590 1428 1611 romane
1443 1587 1601 1618 tenentur⁷
1615 1584 1818 1622 quorundam
1836 1584 1994 1614 nobilium
2012 1585 2154 1615 dominio

1148 1645 1180 1665 se
1199 1635 1354 1665 hactenus
1369 1635 1599 1672 submiserunt,
1616 1641 1647 1666 et
1664 1646 1774 1666 eorum
1792 1639 2004 1675 possessiones
2021 1647 2056 1668 ac
2072 1638 2154 1668 bona

1148 1688 1298 1718 simulate
1317 1688 1491 1718 vendentes
1517 1689 1649 1725 eisdem,
1675 1699 1693 1719 a
1717 1690 1858 1720 collectis
1877 1695 1906 1720 et
1928 1691 2022 1721 datiis
2043 1692 2153 1721 immi-

1148 1743 1299 1772 nentibus
1317 1742 1406 1772 vobis
1429 1751 1484 1780 pro
1507 1747 1646 1781 tempore
1664 1747 1806 1781 pretextu
1830 1744 2026 1774 venditionis
2045 1744 2155 1783 hujus-

1148 1795 1235 1826 modi
1261 1805 1294 1826 se
1318 1795 1506 1825 subtrahere
1525 1795 1715 1833 moliuntur,
1739 1805 1924 1836 quanquam
1947 1797 2048 1827 velint
2072 1798 2154 1836 ipso-

1147 1858 1220 1879 rum
1245 1849 1403 1878 bonorum
1429 1849 1627 1886 possessione
1652 1849 1801 1887 gaudere,
1828 1854 1955 1889 propter
1981 1850 2064 1889 quod
2092 1855 2154 1880 tam

1148 1902 1239 1933 nobis
1258 1906 1288 1932 et
1306 1901 1368 1940 ipsi
1386 1902 1517 1932 ecclesie
1533 1911 1628 1941 quam
1650 1907 1730 1932 terre
1754 1907 1856 1932 vestre
1878 1903 1916 1933 ad
1937 1913 2065 1942 presens
2081 1914 2154 1943 pre—

1144 1956 1305 1995 judicium
1327 1956 1475 1985 imminet
1495 1965 1530 1986 ac
1549 1956 1723 1986 imminere
1744 1956 1858 1994 poterit
1879 1957 2098 1987 verisimiliter
2119 1958 2154 1987 in

1147 2009 1302 2038 futurum.
1322 2008 1528 2037 intendentes
1546 2008 1646 2045 igitur
1659 2007 1845 2046 hujusmodi
1862 2008 2039 2047 dispendiis
2055 2018 2152 2040 reme-

1147 2061 1209 2091 diis
1223 2061 1388 2100 oportunis
1406 2069 1573 2090 occurrere
1590 2070 1625 2090 ac
1642 2061 1675 2090 in
1698 2061 1843 2090 futurum
1864 2061 1999 2091 sollicita
2015 2062 2153 2100 diligen-

1150 2115 1192 2144 tia
1217 2123 1400 2153 precavere,
1428 2114 1660 2144 submissiones
1688 2119 1717 2143 et
1742 2114 1942 2144 venditiones
1968 2115 2094 2145 easdem
2119 2116 2153 2145 in

1146 2167 1363 2206 prejudicium
1392 2170 1422 2196 et
1448 2167 1699 2197 diminutionem
1725 2167 1959 2205 jurisdictionis
1990 2172 2095 2198 nostre
2125 2173 2155 2199 et

1146 2221 1278 2251 ecclesie
1297 2220 1432 2258 predicte
1454 2224 1653 2259 presumptas
1670 2224 1828 2259 quatenus
1845 2221 1884 2250 de
1902 2221 1978 2251 facto
1995 2230 2154 2261 processe-

1146 2279 1222 2304 runt
1252 2274 1436 2303 auctoritate
1468 2274 1667 2312 presentium
1702 2282 1905 2311 revocamus;
1938 2275 2058 2313 quibus
2088 2284 2153 2305 non

1145 2327 1358 2362 obstantibus,
1373 2325 1445 2355 illos
1459 2327 1514 2364 qui
1530 2335 1582 2355 eas
1597 2326 1707 2356 fecisse
1723 2326 1875 2356 dicuntur
1890 2327 1930 2356 ad
1946 2328 2153 2358 contribuen-

1146 2380 1223 2409 dum
1246 2379 1279 2409 in
1301 2379 1439 2409 collectis
1463 2383 1493 2409 et
1508 2379 1603 2408 datiis
1622 2379 1811 2418 supradictis
1835 2380 1938 2410 teneri
1957 2380 2106 2410 volumus
2125 2386 2155 2411 et

1146 2432 1306 2471 compelli.
1334 2432 1382 2462 Ne
1407 2440 1481 2462 vero
1505 2432 1737 2462 submissiones
1763 2437 1793 2462 et
1815 2433 2014 2463 venditiones
2042 2434 2153 2473 hujus-

1148 2486 1235 2516 modi
1262 2493 1464 2524 quocumque
1491 2486 1614 2524 quesito
1640 2485 1746 2515 colore
1773 2495 1828 2524 per
1852 2495 1907 2516 vos
1935 2491 1990 2516 aut
2013 2487 2153 2526 aliquem

1147 2543 1289 2569 vestrum
1305 2539 1513 2577 imposterum
1530 2538 1609 2567 fiant
1625 2538 1824 2576 quibuslibet
1845 2538 1965 2578 absque
1986 2540 2155 2578 apostolice

1147 2592 1232 2622 sedis
1248 2591 1377 2621 licentia
1392 2590 1522 2630 speciali
1538 2591 1715 2621 districtius
1727 2591 1925 2629 inhibemus,
1943 2601 2005 2629 eas,
2021 2593 2047 2622 si
2064 2602 2153 2623 secus

1147 2650 1253 2676 actum
1276 2645 1387 2681 fuerit,
1418 2644 1627 2674 decernentes
1654 2645 1761 2674 irritas
1787 2650 1816 2675 et
1839 2645 1953 2676 inanes
1979 2651 2008 2676 et
2033 2647 2154 2677 nullius

1148 2699 1276 2738 penitus
1293 2698 1427 2728 existere
1444 2698 1613 2728 firmitatis.
1635 2698 1672 2728 Et
1686 2698 1931 2735 nichilominus,
1949 2699 1976 2728 si
1993 2700 2064 2738 quis
2082 2708 2155 2730 con-

1150 2756 1196 2782 tra
1215 2751 1403 2791 hujusmodi
1425 2751 1655 2781 inhibitionem
1670 2760 1749 2781 ausu
1770 2752 1938 2782 temerario
1956 2753 2063 2782 venire
2083 2762 2154 2792 pre-

1148 2805 1335 2844 sumpserit,
1368 2804 1711 2835 excommunicationis
1745 2804 1953 2842 sententiam,
1988 2814 2085 2844 quam
2118 2815 2153 2836 ex

1149 2867 1235 2889 nunc
1252 2859 1285 2888 in
1303 2867 1377 2887 eum
1398 2857 1543 2894 serimus,
1567 2866 1600 2887 se
1618 2857 1743 2887 noverit
1762 2857 1981 2893 incursurum,
2000 2859 2153 2897 bonisque

1149 2912 1216 2942 suis
1237 2920 1300 2950 que
1318 2911 1352 2940 in
1369 2910 1481 2940 castris
1500 2915 1530 2940 et
1547 2909 1625 2940 locis
1646 2910 1777 2940 ecclesie
1797 2919 1927 2941 romane
1948 2911 2068 2940 obtinet
2086 2920 2153 2942 esse

1150 2965 1320 3004 privatum.
1346 2964 1418 2993 Dat.
1435 2964 1518 3002 apud
1542 2963 1817 3000 Urbemveterem,
1843 2972 1889 2992 1111
1911 2963 1981 2993 idus
2004 2965 2151 3002 octobris,

1149 3018 1350 3057 pontificatus
1366 3016 1465 3046 nostri
1480 3025 1565 3046 anno
1582 3016 1684 3046 tertio.
1702 3028 1715 3043 »
