2393 3496
909 286 1162 332 QUATRIEME
1185 285 1341 326 ANNEE.
2110 299 2166 328 765

81 363 164 393 infra
181 371 303 392 anuum
323 371 355 392 se
374 362 553 400 promoveri
576 370 639 392 non
658 362 741 392 fecit.
763 362 943 392 Dummodo
966 362 1086 391 fructus

83 419 113 445 et
133 414 274 444 redditus
298 423 333 444 ex
360 414 470 444 eadem
498 414 632 444 ecclesia
660 419 819 454 perceptos
845 415 879 444 in
905 415 1086 444 evidentem

83 467 225 507 ejusdem
240 466 390 497 ecclesiae
409 467 579 498 utilitatem
596 472 766 498 convertat.

124 532 137 547 ι
166 520 391 550 Laudabilium
421 525 548 551 tuorum
578 522 804 552 meritorum...
833 538 872 544 —
901 521 971 550 Dat.
1002 521 1087 559 apud

82 574 343 605 Urbemveterem
357 596 365 610 ‚
382 584 402 603 v
420 574 492 604 idus
507 575 592 613 junii
607 599 613 611 ,
632 583 718 604 anno
735 579 858 613 quarto.
878 587 892 601 »

151 732 270 761 5665
633 733 758 765 Orvieto,
777 733 808 760 21
823 733 918 768 juillet
935 733 1014 760 1291.

116 793 385 829 Archipresbyteris
400 797 427 821 et
443 795 630 821 ecclesiarum
645 795 806 821 rectoribus
822 796 932 822 inhibet
948 804 983 821 ne
999 804 1015 822 a
1030 795 1087 822 fra-

82 843 173 870 tribus
188 842 291 870 domus
308 842 429 870 Sanctae
452 843 578 870 Eulaliae
601 843 636 869 de
661 843 793 870 Mercede
809 845 997 879 captivorum,
1015 844 1087 870 Bar-

81 892 276 926 chinonensis,
299 892 407 918 ordinis
424 892 454 918 S.
476 892 649 926 Augustini,
665 896 774 927 partem
790 893 1036 928 eleemosynarum
1052 893 1086 919 ab

82 941 124 968 eis
138 949 189 976 per
203 941 340 968 ecclesias
361 949 410 975 pro
432 941 554 976 captivis
570 941 745 968 redimendis
760 942 942 968 collectarum
959 942 1086 976 exigant.

81 990 164 1025 (REG.
181 990 225 1023 46,
242 999 267 1016 c.
285 990 345 1024 359,
361 990 381 1016 f.
398 990 428 1016 71
446 997 488 1022 r⁰;
506 989 624 1022 Pom-TE„
641 990 750 1022 23743.)

122 1078 273 1108 Universis
293 1079 560 1117 archipresbyteris
582 1084 608 1109 et
625 1080 818 1108 ecclesiarum
837 1079 1002 1108 rectoribus
1016 1087 1087 1117 pre-

79 1135 173 1160 sentes
186 1131 304 1159 litteras
316 1132 507 1168 inspecturis.

122 1196 134 1211 ι
155 1183 294 1213 Dilectus
314 1183 397 1214 filios
414 1206 435 1214 ..
455 1184 682 1222 magistrum...
700 1200 740 1205 -
755 1184 827 1212 Dat.
846 1183 930 1221 apud
946 1182 1085 1213 Urbem-

79 1242 236 1275 veterem‚
253 1247 296 1267 xn
313 1238 467 1268 kalendas
481 1238 627 1276 augusti,
646 1246 731 1268 3000
748 1240 870 1277 quarto.
891 1249 905 1264 ιι

150 1396 268 1426 5666
651 1396 778 1428 Orvieto,
797 1396 811 1422 7
824 1396 921 1430 Juillet
936 1395 1016 1424 1291.

117 1459 269 1486 Absolutio
284 1467 300 1485 a
316 1462 381 1485 voto
399 1458 505 1485 crucis.
523 1458 606 1492 (Res.
623 1458 667 1490 46,
684 1466 709 1484 c.
727 1458 787 1490 360,
804 1458 823 1484 f.
841 1458 871 1484 71
891 1459 939 1491 ro.)

125 1571 145 1578 ..
166 1548 380 1577 archidiacono
399 1548 588 1585 Bassiynensi
606 1548 640 1576 in
656 1547 778 1577 ecclesia
797 1547 981 1583 Linqonensi
997 1554 1090 1576 man-

83 1601 137 1631 dat
152 1604 186 1631 ut
201 1601 333 1630 Petrum
349 1600 387 1630 de
403 1600 626 1639 Villagusaua,
644 1600 883 1639 presbyterum,
897 1599 1090 1638 praebenda-

83 1654 169 1684 rium
181 1654 217 1683 in
228 1653 360 1683 ecclesia
377 1653 585 1691 Lingonensi,
602 1653 869 1692 crucesignatum,
884 1653 948 1682 fere
964 1657 1090 1691 septua-

84 1707 172 1746 ginta
189 1715 290 1737 annos
310 1710 432 1741 natum,
452 1716 470 1736 a
486 1711 556 1737 voto
572 1707 673 1736 crucis
689 1705 842 1739 absolvat.
860 1706 899 1735 ab
915 1714 951 1736 eo
966 1710 1091 1744 recepta

85 1761 231 1791 cautione
257 1761 341 1799 quod
367 1764 507 1799 tempore
536 1760 674 1799 passagii
704 1760 743 1790 ab
771 1759 903 1790 ecclesia
931 1760 1090 1790 statuendi

81 1814 172 1853 juxta
187 1813 351 1843 facultates
369 1822 442 1843 suas
460 1813 564 1843 eidem
581 1813 726 1852 passagio
743 1809 920 1842 subveniat.

126 1879 140 1894 α
159 1867 261 1897 Habet
273 1867 404 1897 assertio
419 1865 619 1896 dilecti...⁴—
632 1866 703 1896 Dat.
716 1866 800 1905 apud
813 1866 1088 1901 Urbemveterem‚

83 1921 179 1951 nonis
190 1921 283 1960 Julii‚
300 1928 387 1950 anno
401 1923 524 1959 quarto.
545 1932 558 1947 ι)

154 2079 270 2108 568¹?

119 2141 253 2169 Facultas
263 2141 428 2169 conferendi
441 2142 568 2168 minores
579 2141 705 2168 ordines.
715 2141 797 2174 (Rae.
810 2141 852 2172 46,
864 2149 890 2168 c.
901 2140 949 2168 361
957 2163 962 2172 ‚
971 2141 991 2167 f.
1002 2141 1033 2167 71
1044 2142 1092 2173 r0.)

658 2077 785 2111 Orvieto,
802 2078 816 2104 7
830 2078 925 2112 juillet
941 2077 1019 2105 1291.

127 2253 147 2260 ..
164 2232 266 2261 abbati
282 2236 308 2260 et
329 2232 493 2260 conventui
512 2231 692 2260 monasterii
713 2230 819 2260 Sancte
842 2230 984 2267 Genovefe
1000 2230 1105 2259 Pari-.

84 2285 203 2321 siensis,
220 2285 259 2314 ad
275 2292 439 2313 romanam
455 2284 607 2313 ecclesiam
622 2284 708 2313 nullo
724 2284 821 2312 medio
834 2284 1028 2320 pertinentis,
1041 2291 1094 2312 or-

86 2337 171 2367 dinis
182 2336 214 2367 S.
226 2338 403 2374 Auqustini.
415 2336 532 2366 Abbati
543 2339 573 2366 et
585 2335 818 2366 successoribus
829 2336 897 2374 ejus
910 2334 1093 2365 facultatem

87 2390 231 2420 concedit
250 2389 435 2419 conferendi
452 2389 592 2419 minores
607 2389 735 2419 ordines
753 2388 918 2419 canonicis
935 2392 1093 2418 monaste-

88 2443 144 2480 rii,
167 2443 203 2472 in
228 2442 338 2473 eodem
361 2443 526 2472 dumtaxat
549 2442 757 2479 monasterio,
777 2441 951 2472 dummodo
973 2441 1093 2471 eisdem

85 2496 254 2526 abbatibus
269 2496 308 2526 ab
320 2495 466 2534 episcopo
481 2495 658 2525 secundum
670 2503 793 2525 morem
807 2494 1093 2533 praeficiendorum

86 2548 236 2579 abbatum
258 2557 374 2578 manus
396 2549 558 2587 impositio
584 2548 667 2578 facta
693 2548 790 2578 fuerit
812 2552 842 2578 et
863 2548 949 2586 ipsos
972 2550 1094 2578 constet

87 2601 263 2633 sacerdotes
279 2610 357 2631 esse.

129 2668 141 2681 ε
161 2655 206 2685 Ut
221 2664 257 2684 ex
274 2654 436 2685 sincere...
452 2672 489 2677 —
507 2655 580 2684 Dat.
599 2659 633 2685 ut
647 2663 753 2693 supra.
771 2666 784 2681 n

158 2813 275 2842 5668
660 2812 788 2844 Orvieto,
804 2813 819 2838 7
832 2812 926 2847 juillet
944 2812 1021 2839 1291.

123 2875 252 2902 Licentia
264 2874 451 2902 construendi
466 2874 683 2902 monasterium.
701 2874 785 2907 (Rm.
801 2874 844 2906 46,
857 2881 883 2901 c.
897 2873 957 2908 362,
970 2874 989 2900 f.
1003 2874 1033 2900 71
1047 2874 1094 2908 ro.)

135 2964 301 2994 Venerabili
317 2965 413 3000 fratri
430 2964 552 3000 Gentili,
570 2963 790 3000 archiepiscopo
808 2963 930 3000 Regino,
947 2967 973 2992 et
990 2962 1094 2992 dilecto

1168 361 1232 398 filio
1248 362 1397 398 Michaeli,
1415 363 1630 392 archidiacono
1648 362 1831 398 Ravennati,
1849 371 1882 391 ac
1901 363 2073 401 Guillelmo,
2094 374 2168 395 can-

1170 417 1229 443 tori
1245 415 1362 444 ecclesie
1380 415 1617 449 Colimbriensis,
1637 416 1802 453 capellanis
1817 416 1945 451 nostra,
1963 419 2168 447 eaeecutoribus

1168 469 1274 497 ultime
1296 469 1464 498 voluntatis
1487 470 1558 498 bone
1583 470 1724 498 memorie
1744 469 1886 505 Berardi,
1909 470 2074 499 Penestrini
2093 472 2168 508 epis-

1168 522 1251 558 copi,
1274 523 1433 560 apostolice
1451 523 1525 551 sedis
1545 521 1644 560 leyati.
1667 534 1680 548 κ
1699 521 1780 552 Cum
1804 522 1906 551 nichil
1924 523 2064 560 magis...
2090 524 2167 554 Pre-

1169 574 1308 603 sentium
1331 575 1419 604 vobis
1443 575 1626 605 auctoritate
1652 575 1856 605 concedimus
1883 579 1916 604 ut
1941 576 2168 605 monasterium

1168 627 1251 665 quod
1274 627 1355 657 boue
1379 629 1531 658 memorie
1557 628 1732 664 Berardus,
1757 628 1920 667 episcopus
1939 629 2166 666 Penestrinus,

1168 679 1246 709 olim
1265 680 1298 709 in
1319 689 1416 718 regno
1431 681 1538 711 Sicilie
1552 682 1720 719 apostolice
1739 682 1823 711 sedis
1836 681 1973 720 legatus,
1991 692 2086 721 prope
2099 691 2169 713 cas-

1169 736 1252 762 trum
1268 733 1389 769 Pontis,
1410 734 1577 771 Spoletane
1593 734 1736 769 diocesis,
1755 735 1788 763 in
1806 744 1862 764 sua
1879 735 1990 765 ultima
2009 735 2170 765 voluntate

1168 785 1207 814 de
1229 785 1321 815 bonis
1344 786 1477 823 propriis
1503 794 1557 824 per
1578 795 1631 815 vos
1653 787 1793 816 construi
1814 788 1992 822 mandavit,
2016 788 2076 827 (ut)
2096 797 2167 825 vos,

1168 838 1218 867 vel
1235 839 1330 868 etiam
1346 838 1424 875 duo,
1444 839 1481 867 de
1501 838 1603 875 tertii,
1624 843 1678 868 ant
1698 848 1781 868 unus
1801 843 1956 876 vestrum,
1976 841 2013 870 de
2030 840 2169 879 reliquo-

1168 900 1241 920 rum
1260 891 1395 921 duorum
1414 899 1590 928 consensu,
1610 900 1665 930 per
1683 900 1736 921 vos
1752 891 1801 921 vel
1817 901 1871 930 per
1889 892 1986 922 alium
2003 896 2056 922 aut
2072 893 2168 931 alios,

1168 943 1362 974 venerabilis
1378 944 1484 973 fratris
1500 944 1600 973 nostri
1621 967 1640 973 ..
1660 944 1795 983 episcopi
1812 944 1988 982 Spoletani,
2012 945 2169 975 diocesani

1167 996 1240 1033 ioci,
1260 1006 1294 1026 ac
1311 996 1437 1035 plebani
1450 996 1553 1035 plebis
1569 996 1683 1026 Sancte
1701 997 1800 1026 Marie
1817 998 1854 1026 de
1870 998 1986 1034 Ponte,
2005 998 2171 1036 Spoletane

1169 1049 1323 1087 diocesis,
1352 1050 1386 1078 in
1416 1050 1507 1087 cnjus
1535 1049 1700 1088 parrochia
1726 1050 1846 1079 dictum
1874 1051 2102 1080 monasterium
2126 1054 2172 1080 est

1168 1103 1358 1138 fundatum,
1382 1112 1514 1132 assensu
1536 1103 1673 1133 minime
1695 1104 1860 1142 requisito,
1887 1112 1997 1134 eorum
2018 1108 2123 1134 tamen
2143 1108 2173 1134 et

1169 1156 1374 1187 ecclesiarum
1396 1165 1526 1186 suarum
1547 1157 1672 1195 juribus
1697 1166 1822 1196 semper
1842 1157 1954 1194 salvis,
1975 1157 2075 1187 libere
2096 1167 2172 1187 con-

1169 1211 1248 1240 strui
1267 1210 1369 1240 facere
1385 1210 1514 1240 valeatis
1526 1233 1534 1247 ,
1555 1211 1644 1240 vobis
1658 1211 1843 1241 auctoritate
1863 1211 2059 1249 presentium
2080 1211 2171 1241 duxi-

1168 1273 1240 1294 mus
1256 1264 1506 1294 concedendum.
1527 1264 1596 1293 Dat.
1616 1268 1650 1294 ut
1667 1273 1771 1303 supra.
1792 1276 1805 1291 n

1240 1423 1357 1452 5669

1206 1483 1339 1510 Facultas
1354 1484 1541 1519 dispensandi
1557 1492 1646 1520 super
1660 1485 1879 1519 irregularitate.
1899 1484 1980 1517 (Res.
1999 1485 2048 1516 46,
2066 1493 2092 1512 e.
2109 1484 2173 1519 363,

1170 1532 1191 1560 f.
1208 1533 1238 1559 71
1256 1535 1305 1564 vo.)

1754 1422 1880 1454 Orvieto,
1899 1422 1931 1450 ‘23
1944 1423 2008 1458 juin
2025 1422 2102 1450 1291.

1211 1628 1357 1664 Iohanni,
1376 1629 1596 1666 archiepiscopo
1613 1628 1838 1663 Cantuariensi,
1857 1627 2037 1658 facultatem
2060 1636 2173 1658 conce-

1172 1681 1220 1711 dit
1234 1681 1441 1720 dispensandi
1456 1690 1529 1711 cum
1548 1681 1671 1712 clericis
1689 1682 1876 1720 provintiae,
1893 1681 2031 1711 civitatis
2045 1686 2075 1711 et
2089 1681 2174 1711 dioe-

1173 1736 1252 1765 cesis
1268 1734 1529 1772 Cantuariensis‚
1550 1735 1607 1774 qui
1627 1735 1964 1765 excommunicationis
1984 1735 2176 1765 sententiam

1173 1789 1359 1819 auctoritate
1378 1789 1643 1819 constitutionum
1665 1789 1869 1828 synodalium
1892 1797 1947 1826 per
1965 1788 2176 1826 archiepisco-

1173 1851 1228 1881 pos
1250 1842 1498 1872 Cantuarienses
1523 1842 1714 1880 generaliter
1737 1841 2009 1880 promulgatarum
2033 1842 2176 1871 incurre-

1173 1902 1264 1935 runt,
1289 1897 1465 1927 dummodo
1487 1897 1552 1926 sint
1575 1897 1614 1927 ab
1634 1897 1819 1936 hujusmodi
1838 1896 2004 1927 sententiis
2023 1896 2175 1934 absoluti,

1174 1960 1268 1990 super
1293 1951 1527 1988 irregularitate
1552 1959 1648 1989 quam
1670 1959 1706 1980 ex
1731 1958 1767 1980 5ο
1788 1950 1978 1980 contraxisse
2002 1954 2176 1979 noscuntur

1174 2004 1269 2042 quod,
1287 2004 1497 2033 absolutionis
1515 2004 1670 2033 beneficio
1688 2012 1752 2034 non
1765 2004 1902 2040 obtento,
1918 2007 2042 2042 propter
2056 2002 2175 2041 simpli-

1174 2057 1302 2087 citatem
1320 2056 1368 2086 vel
1382 2057 1464 2095 juris
1480 2056 1696 2094 ignorantiam
1713 2057 1823 2086 divina
1837 2060 1954 2086 temere
1977 2055 2177 2085 celebrarunt

1174 2114 1205 2139 et
1222 2119 1255 2140 se
1273 2110 1416 2140 fecerunt
1431 2110 1470 2139 ad
1487 2118 1590 2140 sacros
1603 2110 1731 2139 ordines
1746 2110 1935 2148 promoveri.

1216 2175 1229 2190 (ι
1245 2164 1287 2194 Ut
1302 2172 1338 2193 eo
1348 2164 1503 2201 gratior...
1518 2180 1556 2184 —
1568 2164 1638 2193 Dat.
1657 2163 1739 2202 apud
1752 2164 2024 2199 Urbemveterem,
2039 2172 2105 2192 vnn
2118 2162 2175 2192 ka-

1173 2216 1284 2246 lendas
1298 2216 1390 2255 julii,
1408 2224 1493 2246 anno
1508 2220 1630 2254 quarto.
1650 2228 1662 2242 ι,

1245 2375 1363 2405 56ἵο

1211 2437 1342 2464 Facultas
1357 2437 1525 2463 absolvendi
1540 2437 1574 2463 ab
1591 2436 1896 2463 excommunicatione.
1912 2435 1994 2467 (Rae.
2012 2435 2054 2466 46,
2072 2444 2097 2461 c.
2116 2435 2176 2468 364,

1175 2487 1194 2513 f,
1213 2487 1243 2513 71
1262 2493 1307 2519 v⁰;
1326 2485 1444 2517 ΡοΤτΗ..
1459 2485 1570 2518 23713.)

1758 2373 1885 2404 Orvieto,
1901 2373 1935 2400 25
1947 2374 2011 2408 juin
2028 2372 2105 2400 1291.

1216 2589 1335 2617 Dilectis
1359 2588 1434 2625 filiis
1457 2610 1477 2617 ..
1497 2587 1603 2617 Sancti
1620 2588 1725 2624 Rufini
1746 2595 1838 2625 prope
1858 2586 2016 2615 Mantuam
2030 2609 2037 2622 ,
2062 2585 2179 2614 ordinis

1175 2642 1205 2672 S.
1227 2642 1392 2678 Benedicti,
1410 2646 1435 2671 et
1453 2663 1472 2670 ..
1491 2640 1598 2671 Sancte
1614 2641 1706 2670 Marie
1722 2641 1756 2670 de
1770 2639 1920 2677 Felonica,
1937 2640 2099 2669 Mantuane
2113 2639 2178 2667 dio-

1175 2694 1262 2729 cesis,
1280 2695 1536 2723 monasteriorum
1553 2695 1728 2729 abbatibus,
1745 2693 1875 2723 mandat
1894 2696 1928 2722 ut
1944 2691 2156 2730 Maynardum
2169 2715 2176 2727 ,

1176 2748 1290 2777 ducem
1316 2746 1503 2777 Carinthiae
1531 2750 1562 2776 et
1592 2747 1740 2776 comitem
1769 2745 1978 2785 Tyrolensem
1991 2768 1999 2782 ,
2026 2743 2178 2773 restitutis

1175 2801 1265 2839 prius
1290 2799 1460 2838 Philippo,
1488 2799 1635 2838 episcopo
1659 2799 1861 2835 Tridentino,
1887 2797 1978 2828 bonis
2003 2800 2032 2826 et
2053 2796 2178 2834 juribus

1177 2854 1263 2891 ejus,
1280 2852 1320 2882 ab
1339 2851 1680 2882 excommunicationis
1697 2851 1854 2881 sententia
1871 2849 2044 2880 absolvant.

1219 2916 1232 2931 τι
1251 2905 1381 2934 Dudum
1397 2909 1523 2944 propter
1537 2904 1793 2943 occupationes...
1807 2920 1845 2925 ——
1856 2903 1927 2932 Dat.
1944 2901 2027 2941 apud
2043 2901 2178 2931 Urbem-

1176 2960 1315 2987 veterem
1330 2981 1336 2995 ,
1353 2967 1397 2987 vn
1413 2956 1566 2987 kalendas
1581 2956 1670 2996 Julii,
1692 2964 1777 2986 anno
1793 2959 1914 2994 quarto.
1937 2966 1951 2981 n
