2393 3496
704 369 840 398 TABLE
864 357 1197 404 ALPHABETIQUE
1219 369 1297 399 DES
1320 370 1493 401 INCIPIT.
2075 377 2144 407 1081

53 437 146 468 Circa
162 433 314 464 fovendas
331 442 481 471 personas
497 434 584 464 7500.

54 489 144 521 Circa
160 487 215 517 illa
233 495 294 525 que
311 485 398 516 2556.

56 542 144 574 circa
159 539 216 570 ilia
231 544 260 570 te
277 539 364 569 2591.

53 594 143 626 Circa
158 592 389 622 monasterium
406 593 518 623 Turris
538 592 670 632 Majoris
688 593 756 623 606.

53 646 142 679 Circa
157 654 324 685 personam
340 645 447 675 dilecti
465 645 554 683 5986,
573 646 662 676 6044.

54 699 143 730 Circa
158 706 327 737 personam
349 702 435 728 tuam
452 698 540 736 5985,
559 699 646 730 6043.

52 752 142 784 Circa
158 750 376 790 quarumlibet
393 751 602 782 ecclesiarum
622 753 713 789 1125,
738 753 830 791 1399,
852 753 944 789 1932,
966 754 1056 790 1933,

91 804 182 841 2042,
198 803 286 840 2043,
305 804 398 841 2280,
417 805 506 839 2281,
528 805 624 843 2816,
643 806 730 843 2817,
748 806 843 846 3042,
860 806 949 842 3043,
967 806 1057 844 3383,

91 856 179 898 3384,
196 857 284 894 5488,
305 857 398 894 5489,
419 858 511 895 5824,
529 859 624 896 5825,
643 859 735 895 5893,
754 859 842 897 5894,
860 859 949 895 5896,
967 860 1055 895 5897,

90 910 177 946 6407,
194 910 283 947 6408,
301 910 388 947 6528,
406 911 495 947 6529,
513 912 601 949 6608,
619 912 708 942 6609.

51 963 140 994 Circa
155 968 272 993 statum
289 964 470 993 Auitiensis
487 964 574 994 2858.

0 1013 1 1020 ¹
50 1015 139 1047 Circa
154 1019 271 1045 statum
287 1017 475 1046 monasterii
497 1017 582 1054 1406,
602 1017 690 1052 2271,
709 1018 797 1047 2272.

49 1067 138 1100 Circa
155 1068 310 1098 virtutum
330 1070 518 1099 exercitium
535 1070 622 1100 7535.

49 1121 295 1160 Circumspectio
314 1122 399 1151 sedis
417 1123 588 1161 apostolice
605 1123 693 1153 4091.

50 1173 142 1205 Cives
156 1174 349 1204 Tudertinos
365 1174 442 1213 quia
458 1175 545 1205 2180.

48 1226 223 1259 Clamantis
238 1228 272 1257 in
288 1228 421 1258 auribus
444 1228 528 1258 1995.

48 1279 169 1311 Clamat
182 1280 216 1310 in
232 1281 364 1311 auribus
385 1281 567 1312 1196-1206.

48 1333 174 1365 Clamor
190 1333 315 1364 validus
331 1339 361 1364 et
376 1335 464 1364 3581.

48 1386 191 1419 Clamore
206 1387 312 1418 valido
327 1389 490 1418 revelante
509 1389 596 1420 1396.

21 1470 24 1474 ,
48 1440 139 1472 Clara
154 1445 206 1471 tue
221 1441 399 1472 devotionis
418 1443 504 1473 1548.

47 1494 138 1525 Clara
153 1498 255 1524 vestre
272 1494 453 1525 devotionis
469 1496 558 1526 6954.

49 1545 138 1578 Clara
153 1552 255 1578 vestre
271 1548 434 1578 fidelitatis
451 1549 539 1579 5892.

48 1598 137 1631 Clare
151 1600 330 1631 devotionis
347 1602 463 1631 merita
481 1602 568 1633 4533.

48 1653 135 1685 Clare
155 1658 206 1684 tue
221 1654 405 1685 serenitatis
425 1655 512 1685 1058.

47 1706 130 1738 Clari
144 1707 251 1737 dilecti
268 1707 327 1737 filii
344 1708 432 1738 4588.

46 1759 135 1791 Claro
150 1770 362 1800 supernorum
376 1763 535 1793 consortio
547 1763 636 1801 5495,
652 1764 740 1800 5732,
757 1765 846 1803 5733,
859 1766 947 1804 5833,
961 1767 1050 1806 6025,

84 1814 171 1852 6343,
189 1814 277 1846 6583.

45 1866 270 1898 Collectionem
287 1869 409 1899 decime
425 1871 574 1900 omnium
592 1870 778 1903 6696-6698.

47 1919 269 1951 Colonieusem
287 1921 455 1952 ecclesiam
472 1928 506 1953 ut
523 1924 610 1953 2748.

45 1972 278 2013 Compatientes
291 1975 331 2004 ab
349 1976 475 2006 intimis
492 1977 579 2007 2465.

45 2027 241 2059 Confidentie
257 2037 382 2059 necnon
399 2035 429 2059 et
443 2030 533 2060 6666.

0 2105 3 2111 .
44 2081 240 2112 Confidimus
254 2082 302 2112 fili
317 2083 483 2113 carissime
500 2084 686 2122 4318-4319,
709 2086 796 2117 4321.

0 2142 2 2182 'f
44 2133 241 2165 confidimus
257 2135 315 2165 filii
332 2136 491 2166 carissimi
511 2138 598 2171 4320,
618 2139 706 2170 4322.

0 2223 2 2236 ἱ
43 2186 218 2226 Conqueste
235 2193 309 2218 sunt
325 2189 417 2219 nobis
433 2190 521 2227 7566,
538 2191 626 2222 7636.

43 2240 213 2279 conquesti
230 2247 304 2271 sunt
323 2243 414 2272 nobis
433 2243 521 2280 7351,
535 2244 623 2280 7400,
642 2245 730 2281 7401,
748 2247 835 2283 7475,
853 2248 941 2285 7541,
958 2249 1046 2279 7614.

42 2291 240 2332 Conquestus
258 2299 304 2324 est
320 2295 412 2324 nobis
428 2295 516 2325 7597.

41 2344 282 2377 Considerantcs
298 2348 449 2377 attentius
467 2353 497 2378 et
515 2349 585 2379 375.

42 2398 286 2430 considerantes
302 2402 454 2431 attentius
471 2411 506 2432 ex
526 2402 613 2440 6969,
636 2405 722 2434 6970.

42 2450 282 2484 considerantes
297 2455 450 2484 attentius
466 2456 583 2486 eximie
602 2457 690 2488 4374.

41 2505 285 2537 Considerantes
297 2509 450 2538 attentius
469 2510 604 2546 grandia
624 2510 692 2541 608.

41 2557 282 2590 considerantes
299 2561 451 2590 attentius
468 2570 583 2599 magne
601 2563 689 2594 7469.

23 2610 284 2648 ,Considerantes
302 2613 455 2643 attentius
473 2615 558 2652 quod
577 2616 664 2646 7263.

42 2662 283 2695 Considerantes
299 2666 473 2704 benignius
490 2672 580 2705 grata
596 2668 684 2699 7066.

41 2715 285 2748 considerantes
300 2719 473 2757 benignius
489 2720 573 2759 quod
590 2722 677 2757 6248,
697 2723 784 2753 6249.

41 2768 284 2801 Considerantes
303 2773 420 2802 eximie
437 2773 616 2803 devotionis
637 2775 702 2812 191,
719 2776 788 2807 934.

41 2821 283 2855 considerantes
299 2834 416 2863 magne
434 2826 611 2856 devotionis
632 2828 717 2865 1868,
735 2831 822 2860 5287.

39 2875 282 2908 Considerantes
300 2879 425 2909 sincere
441 2879 619 2910 devotionis
635 2882 703 2913 983.

39 2928 205 2961 Constituti
221 2932 255 2960 in
273 2932 430 2970 presentia
445 2932 534 2962 6546.

39 2982 226 3014 constitutio
245 2984 349 3014 felicis
365 2985 596 3016 recordationis
612 2987 680 3017 630.

39 3035 232 3067 Constitutus
249 3038 372 3067 dudum
388 3037 422 3066 in
441 3039 509 3067 978.

175 3104 247 3132 Reo.
268 3103 392 3130 Nicoms
413 3102 465 3129 IV.

1141 435 1339 466 Constitutus
1354 438 1387 466 in
1405 440 1513 467 nostra
1529 437 1617 467 2774.

1141 486 1340 519 Constitutus
1358 490 1391 519 in
1409 490 1569 528 presentia
1585 492 1613 527 7,
1633 491 1720 528 2873,
1743 492 1831 528 4737,
1849 493 1937 530 4904,
1955 495 2044 532 5068,
2057 496 2148 533 6562,

1180 540 1269 570 7353.

1140 592 1337 632 Constringit
1355 595 1388 624 in
1407 600 1513 626 mente
1534 596 1618 627 1395.

1141 645 1298 677 0011511010
1314 648 1522 686 benignitatis
1539 650 1652 680 affectu
1672 651 1760 689 7253,
1778 652 1865 683 7303.

1140 698 1316 729 Consuevit
1332 701 1503 739 apostolica
1518 703 1607 732 sedes
1623 703 1711 739 5987,
1730 704 1818 741 6368,
1837 706 1924 736 6432.

1139 751 1313 790 Consurgit
1329 753 1361 782 in
1381 754 1470 784 nohis
1492 754 1577 791 1626,
1599 756 1682 790 1627,
1702 758 1789 794 5183,
1808 759 1895 789 5184.

1139 803 1371 834 Continebatur
1389 805 1421 834 in
1441 806 1556 835 litteris
1573 808 1660 837 7285.

1139 857 1299 887 Convenit
1318 863 1351 888 111
1369 868 1427 889 nos
1443 859 1626 889 7059-7064.

1139 910 1398 942 Conversationis
1417 917 1447 942 et
1466 913 1527 942 vite
1543 914 1631 943 6652.

1138 963 1271 1002 Copiose
1288 965 1495 1003 benignitatis
1511 967 1624 996 affectu
1642 968 1710 997 572.

1138 1016 1291 1055 Copiosus
1309 1018 1344 1047 in
1360 1018 1579 1049 misericordia
1601 1021 1685 1050 1585.

1138 1069 1199 1099 Cor
1218 1076 1362 1100 nostruin
1376 1072 1574 1110 jocunditate
1594 1074 1779 1111 6264-6269,
1800 1076 1984 1107 6908—6913.

1137 1123 1239 1153 Corda
1253 1129 1355 1153 vestra
1371 1125 1482 1154 mnitis
1500 1126 1589 1156 5770.

1137 1175 1311 1206 Credentes
1328 1177 1463 1207 firmiter
1481 1184 1510 1208 et
1526 1179 1614 1209 4386.

1137 1229 1310 1259 Credentes
1330 1235 1357 1259 te
1371 1230 1506 1261 firmiter
1522 1232 1610 1263 7533.

1137 1281 1306 1312 Credimus
1321 1283 1361 1312 ad
1379 1287 1465 1313 tuam
1483 1286 1571 1315 6721.

1137 1334 1308 1365 Credimus
1324 1337 1488 1367 carissime
1504 1338 1550 1367 fili
1567 1338 1636 1368 971.

1137 1388 1263 1418 Credite
1281 1390 1373 1419 nobis
1389 1390 1638 1429 dispensationis
1656 1393 1723 1423 819.

1137 1440 1265 1472 Credite
1280 1443 1373 1472 nobis
1389 1445 1552 1474 servitutis
1567 1445 1656 1482 3793,
1676 1446 1764 1477 3794.

1137 1493 1218 1524 Cum
1232 1503 1250 1524 a
1265 1496 1357 1525 nobis
1371 1497 1438 1532 454,
1454 1498 1524 1533 516,
1538 1498 1607 1534 537,
1622 1499 1690 1536 558,
1707 1499 1774 1535 731,
1792 1501 1861 1537 887,
1879 1502 1948 1539 889,
1966 1503 2035 1540 890,
2056 1504 2143 1541 1042,

1179 1547 1266 1585 1071,
1287 1549 1372 1586 1072,
1395 1550 1479 1587 1303,
1502 1551 1593 1588 1518,
1615 1552 1704 1588 1987,
1723 1554 1815 1589 2398,
1834 1555 1925 1591 2675,
1948 1556 2036 1594 2676,
2054 1558 2144 1596 2871,

1176 1600 1264 1638 3013,
1283 1600 1372 1638 3184,
1391 1602 1481 1639 3188,
1497 1603 1586 1639 3219,
1606 1604 1698 1640 3465,
1717 1606 1812 1643 3538,
1829 1607 1921 1645 3683,
1940 1608 2033 1646 3684,
2051 1609 2144 1640 3910-

1175 1653 1270 1690 3912,
1290 1654 1382 1696 3918,
1402 1656 1494 1691 4023,
1513 1656 1607 1695 4086,
1624 1658 1713 1695 4247,
1734 1659 1827 1697 4531,
1848 1661 1936 1699 4698,
1956 1662 2142 1701 5162-5167,

1175 1707 1263 1744 5456,
1285 1708 1373 1744 6418,
1391 1708 1484 1745 6600,
1502 1710 1589 1746 7357,
1609 1710 1701 1747 7358,
1720 1712 1814 1749 7363,
1833 1713 1922 1751 7402,
1940 1715 2027 1752 7412,
2048 1717 2144 1746 7418-

1175 1760 1268 1797 7421,
1286 1762 1381 1798 7425,
1400 1762 1475 1793 7436
1490 1786 1496 1800 ,
1513 1763 1602 1801 7460,
1620 1765 1706 1800 7481,
1727 1766 1819 1804 7532,
1837 1767 1925 1805 7546,
1946 1768 2034 1806 7560,
2053 1770 2142 1807 7576,

1174 1815 1268 1852 7577,
1287 1815 1381 1851 7590,
1400 1816 1494 1854 7598,
1513 1817 1601 1856 7602,
1621 1818 1708 1856 7609,
1727 1820 1820 1857 7613,
1838 1821 1927 1859 7642,
1946 1822 2035 1861 7647,
2053 1824 2141 1854 7649.

1133 1867 1215 1897 Cum
1232 1868 1272 1898 ab
1287 1870 1376 1898 omui
1396 1869 1484 1900 2047.

1134 1920 1214 1950 Cum
1233 1922 1273 1950 ad
1289 1931 1382 1951 aures
1398 1922 1486 1952 6261.

1133 1973 1215 2003 Cum
1231 1974 1270 2003 ad
1288 1975 1476 2005 evitandum
1493 1976 1580 2007 7321.

1132 2026 1214 2056 Cum
1230 2028 1269 2056 ad
1285 2027 1346 2058 hoc
1364 2028 1452 2058 5197.

1132 2079 1214 2110 Cum
1229 2080 1269 2110 ad
1285 2082 1473 2111 mandatnm
1490 2083 1675 2113 7199-7201.

1132 2133 1214 2163 Cum
1242 2134 1282 2163 ad
1309 2136 1535 2173 premerenda,
1563 2136 1645 2166 Cum
1671 2137 1710 2166 ad
1737 2140 1948 2176 promerenda
1974 2141 2016 2180 (1)
2046 2142 2120 2172 1288
2132 2167 2139 2180 ,

1172 2187 1261 2224 2412,
1282 2187 1370 2224 2597,
1391 2188 1483 2225 2598,
1505 2189 1591 2225 2625,
1611 2190 1698 2226 2743,
1718 2191 1812 2228 2814,
1834 2192 1922 2230 2996,
1941 2194 2028 2232 2997,
2046 2194 2138 2225 3071-

1171 2239 1264 2277 3073,
1281 2240 1369 2278 3196,
1386 2241 1474 2278 3197,
1493 2242 1581 2278 3202,
1599 2243 1694 2280 3246,
1713 2244 1805 2282 3247,
1823 2244 1918 2283 3366,
1935 2246 2024 2284 3367,
2043 2248 2136 2278 3483-

1171 2293 1262 2330 3485,
1283 2293 1375 2331 3492,
1397 2294 1493 2330 3692,
1513 2295 1608 2332 3765,
1626 2296 1816 2335 3873-3875,
1835 2298 1923 2336 3960,
1942 2299 2030 2336 4087,
2048 2301 2138 2337 4443,

1170 2346 1243 2376 4541
1260 2370 1265 2383 ,
1283 2347 1378 2384 4822,
1396 2348 1585 2386 4881-4883,
1605 2349 1697 2387 4978,
1715 2350 1792 2380 5009
1804 2376 1811 2389 ,
1831 2351 1919 2390 5374,
1937 2352 2030 2390 5382,
2048 2352 2136 2391 5383,

1170 2400 1258 2436 5420,
1276 2400 1364 2437 5421,
1382 2401 1469 2436 5426,
1488 2402 1581 2439 5685,
1600 2402 1691 2440 5686,
1710 2403 1806 2440 5879,
1824 2404 1918 2443 5916,
1936 2405 2029 2443 6055,
2048 2406 2136 2444 6078,

1169 2452 1258 2490 6079,
1276 2453 1362 2483 6991.

1128 2506 1210 2536 Cum
1229 2506 1269 2535 ad
1287 2515 1416 2545 presens
1433 2507 1521 2538 6860.

1129 2559 1210 2589 Cum
1228 2560 1380 2589 adversus
1398 2561 1571 2590 hereticam
1587 2562 1655 2591 426.

1128 2612 1209 2643 Cum
1226 2613 1504 2644 archidiaconatus
1520 2614 1715 2645 Glandeusis
1734 2616 1822 2647 3178.

1128 2666 1210 2696 Cum
1228 2667 1468 2697 Cameracensis
1485 2668 1617 2698 ecclesia
1633 2669 1723 2699 6142.

1128 2720 1209 2750 Cum
1226 2726 1327 2750 castra
1344 2726 1445 2750 vestra
1462 2721 1550 2752 7073.

1127 2773 1208 2803 Cum
1228 2777 1365 2803 castrum
1385 2774 1534 2804 Mirajde
1550 2775 1638 2804 7276.

1128 2826 1209 2856 Cum
1223 2831 1363 2856 castrum
1380 2827 1499 2856 Montis
1514 2828 1602 2858 7288.

1127 2879 1208 2910 0001
1225 2885 1362 2909 castrum
1380 2880 1412 2910 S.
1430 2881 1547 2919 Angeli
1565 2882 1632 2912 605.

1158 3008 1188 3038 (1)
1206 3007 1365 3031 Convaincu
1382 3014 1434 3037 qne
1450 3009 1488 3031 les
1505 3009 1624 3039 copistos
1645 3013 1692 3032 ont
1709 3009 1847 3032 consondu
1864 3014 1979 3033 souvent
1996 3016 2041 3032 ces
2058 3010 2130 3033 deux

1128 3055 1237 3082 incipit,
1252 3054 1277 3083 je
1294 3054 1332 3076 105
1349 3053 1441 3076 renuis
1458 3053 1502 3077 ici.

1939 3110 1990 3138 136
