2393 3496
679 333 816 363 TABLE
838 321 1171 367 ALPHAssliTIQUE
1193 330 1272 360 DES
1294 330 1412 361 NOMS
1435 331 1640 362 PROPRES.
2135 332 2208 362 1247

115 401 229 430 Petrus
245 398 283 430 de
298 398 472 437 Sabaudia,
486 400 660 431 canonicus
678 400 913 431 Lincolniensis
926 399 1015 436 6915,
1027 397 1120 436 6916;

154 471 192 476 —
207 453 383 484 canonicus
399 453 645 485 Saresbiriensis
664 454 750 484 1712.

114 507 232 537 Petrus
241 505 286 536 de
304 506 444 544 Sabello,
463 507 638 538 canonicus
656 508 866 539 Eboracensis
882 507 957 545 4463
974 523 1015 531 —
1029 515 1122 538 cano-

156 561 248 591 uicus
265 561 501 592 Lincolniensis
517 562 607 593 7407.

117 616 233 646 Petrus
250 614 447 645 Sarracenus
463 614 553 645 3467.

116 669 231 698 Petrus
249 668 353 698 dictus
369 668 505 705 Scottus,
523 673 680 698 mercator
697 668 786 699 3682.

115 722 232 752 Petrus
249 721 388 760 Serpens
406 720 494 752 3467.

117 774 232 804 Petrus
249 774 287 804 de
304 774 391 804 Setia
410 774 500 806 6273.

117 827 233 857 Petrus
248 826 287 857 de
304 826 399 863 Sora,
416 826 553 858 clericus
568 832 599 858 et
614 827 783 857 familiaris
799 837 896 867 papae
913 828 1002 858 7397.

117 879 232 910 Petrus
248 879 287 909 de
303 879 434 918 stagno,
453 880 642 911 domicellus
658 882 752 911 castri
769 881 807 911 de
826 881 969 911 Fabricis
985 880 1074 911 6376.

117 933 232 963 Petrus
251 932 409 972 Stephani
432 933 471 963 de
491 934 578 964 Urbe
597 933 673 964 6359
687 958 695 971 ,
715 934 809 971 6966;
827 952 865 957 -
885 938 986 965 rector
1004 935 1124 964 Roma-

157 986 264 1017 niolae
282 986 370 1024 6962,
388 986 478 1022 7151,
496 986 585 1018 7343.

115 1040 230 1072 Petrus
243 1040 414 1071 Swenouis
429 1040 468 1070 de
484 1041 659 1079 Frarange,
673 1041 839 1081 presbyter
854 1041 942 1071 5885.

114 1093 229 1125 Petrus
246 1093 456 1130 Tornemine,
473 1093 567 1124 miles
582 1094 671 1124 7400.
848 1128 852 1136 ι

114 1145 228 1178 Petrus
243 1146 282 1177 de
298 1145 531 1185 Vaulgrenant,
549 1147 723 1177 canonicus
740 1147 936 1177 Bisuntinus
952 1146 1041 1177 4159.

113 1197 229 1230 Petrus
245 1198 390 1237 Vesiani,
408 1199 506 1229 abbas
523 1199 696 1229 saecularis
712 1208 758 1230 ec.
777 1199 809 1230 S.
828 1199 995 1230 Affrodisii
1018 1199 1121 1229 Biter-

154 1253 258 1283 rensis
274 1251 364 1282 6416.

113 1304 230 1336 Petrus
246 1305 371 1343 Vigerii
388 1304 428 1336 de
446 1305 586 1344 Figiaco,
603 1305 807 1336 Caturcensis
824 1305 855 1335 d.
873 1305 961 1336 5943.

114 1355 228 1389 Petrus
242 1358 281 1389 de
296 1357 520 1397 Villagusana‚
542 1358 791 1398 praebendarius
806 1359 841 1389 in
859 1368 904 1389 ec.
923 1358 1122 1397 Lingonensi

155 1411 244 1442 5666.

114 1464 282 1496 Petrutius
298 1465 387 1495 7475.

116 1517 242 1557 Peynel
272 1518 445 1557 (prioratus
466 1518 505 1548 de
526 1518 704 1557 Neuport),
723 1517 963 1549 Liucolniensis
983 1517 1015 1547 (1.
1035 1517 1122 1554 1024,

157 1571 247 1602 3600.

117 1624 318 1663 Peyrenchis
333 1624 393 1664 (ec.
411 1624 444 1654 S.
463 1625 583 1655 Mariae
598 1624 662 1664 de),
681 1624 901 1655 Narbonensis
917 1624 947 1654 d.
965 1624 1052 1654 5023.

117 1676 274 1716 Phaltope
290 1677 350 1716 (88.
372 1677 405 1707 S.
425 1676 518 1708 Olavi
535 1677 599 1718 de),
617 1678 782 1708 Scarensis
797 1677 828 1707 d.
849 1677 937 1708 6632.

118 1730 267 1761 Philardi
281 1730 510 1770 (Franciscus),
528 1731 609 1761 civis
624 1731 798 1761 Gaietanus
814 1730 902 1761 7342.

117 1783 285 1823 Philippa,
305 1788 380 1815 nata
400 1784 552 1815 Pandnlfi
567 1785 606 1815 de
622 1784 791 1822 Collealto,
810 1785 966 1815 Reatinae
984 1785 1014 1817 d.
1036 1785 1121 1816 1044.

119 1837 270 1876 Philippa
289 1836 409 1876 Angeli
424 1838 578 1877 Dopnici,
598 1838 676 1868 civis
692 1838 839 1869 Romana
858 1838 942 1868 1814.

117 1889 271 1930 Philippa
288 1890 411 1921 Odonis
428 1890 606 1921 Alamanni
623 1891 710 1921 2665.

116 1942 262 1983 Philippi
276 1943 421 1984 (Petrus)
436 1943 475 1974 de
490 1944 647 1984 Piperno,
666 1944 906 1975 Terracinensis
925 1944 955 1974 d.
974 1944 1062 1974 4507.

117 1996 261 2035 Philippi
276 1997 402 2027 Kevere
419 1996 624 2036 (Walterus),
644 1997 857 2027 Tornacensis
873 1997 904 2027 d.
922 1997 1010 2027 6377.

117 2047 261 2089 Philippi
274 2055 304 2080 et
317 2050 428 2080 Jacobi
444 2050 570 2089 (domus
582 2050 654 2089 SS.)
672 2050 852 2080 Brixiensis
868 2050 955 2081 3993.

117 2103 261 2143 Philippi
278 2108 307 2134 et
321 2103 432 2134 Jacobi
455 2104 514 2144 (ec.
540 2103 613 2143 SS.)
630 2103 668 2134 de
684 2103 879 2142 Calognole,
897 2103 1072 2134 Fesulanae
1091 2103 1122 2134 d.

157 2157 246 2186 2717.

117 2209 261 2249 Philippi
277 2214 307 2240 et
321 2210 432 2240 Jacobi
446 2209 549 2249 (mon.
568 2209 641 2250 SS.)
656 2210 821 2240 Januense
841 2210 925 2247 1221,
945 2209 1034 2240 5035.

118 2263 329 2303 Ρ111110011105
355 2264 394 2294 (18
425 2264 622 2304 Bernizono,
649 2269 751 2295 rector
774 2264 944 2295 comitatus
969 2263 1125 2294 Venesini

159 2316 249 2354 6838,
267 2316 450 2347 7283-7285.
469 2317 516 2348 Cf.
534 2317 706 2357 Philippus
724 2317 763 2347 de
785 2317 936 2347 Berenso.

119 2369 307 2409 Philippus,
325 2370 498 2400 Firmanus
519 2371 683 2410 episcopus
710 2370 794 2407 1406,
820 2370 908 2407 2556,
929 2370 1016 2406 2871,
1035 2370 1123 2399 6657.

119 2422 302 2462 Philippus,
319 2423 490 2454 Ravennas
506 2424 761 2462 archiepiscopus
778 2423 866 2454 5922.

118 2475 298 2515 Philippus,
316 2475 539 2507 Salernitanus
554 2477 812 2516 archiepiscopus
828 2477 896 2507 261.

117 2528 306 2568 Philippus,
331 2529 505 2560 Tranensis
526 2530 783 2570 archiepiscopus
805 2529 949 2565 399-406,
972 2529 1070 2566 6949,
1090 2545 1126 2551 -

158 2581 255 2612 abbas
269 2591 314 2612 88.
333 2583 365 2613 S.
387 2583 533 2613 Herasmi
551 2584 731 2614 Verulanae
748 2584 817 2613 400.

118 2634 301 2674 Philippus,
319 2635 528 2666 Tridentinus
544 2637 710 2676 8015800115
730 2636 911 2672 1153-1157,
929 2636 1016 2674 2076,
1037 2636 1124 2672 2488,

159 2688 344 2726 2543-2548,
369 2689 456 2726 2616,
477 2690 565 2727 2691,
588 2690 681 2727 2724,
707 2689 796 2727 5333,
821 2689 1011 2727 5530-5534,
1037 2689 1124 2725 5670,

158 2740 247 2778 5737,
266 2741 355 2779 5738,
374 2741 463 2780 6303,
481 2743 570 2773 6841.

118 2793 302 2833 Philippus,
315 2795 411 2825 abbas
424 2797 692 2827 monasteriOruu]
705 2796 761 2827 SS.
776 2796 924 2826 Andreae
935 2800 965 2826 et
982 2794 1127 2825 Silvestri

159 2848 198 2877 de
223 2848 331 2878 Monte
356 2848 470 2879 Siracti
491 2849 601 2887 34-36,
629 2850 724 2887 3859,
751 2849 843 2887 4239,
863 2866 901 2872 —
921 2848 1017 2879 abbas
1038 2856 1125 2878 111011.

161 2900 192 2930 S.
214 2900 387 2932 Salvatoris
402 2902 532 2932 Reatini
548 2902 729 2940 3859-3861,
749 2902 837 2933 4239.

121 2952 309 2993 Philippus,
326 2954 424 2986 abbas
439 2964 526 2986 mon.
547 2955 579 2985 S.
604 2955 841 2986 Bartholomaei
859 2955 895 2985 de
917 2953 1040 2985 Fesulis
1058 2953 1125 2984 413.

124 3006 304 3046 Philippus,
324 3008 500 3039 monachus
516 3018 603 3039 mon.
621 3008 653 3039 S.
672 3008 746 3038 Savi
760 3008 848 3038 6419.

1204 396 1385 437 Philippus,
1405 398 1577 437 imperator
1592 398 1961 438 Constantinopolitauus
1979 399 2047 428 594.

1204 450 1384 490 Philippus,
1407 460 1460 481 rex
1485 452 1638 482 Franciae
1662 452 1688 488 1,
1713 452 1741 488 6,
1768 452 1834 489 185,
1861 452 1927 489 187,
1954 451 2021 489 189,
2047 451 2115 488 191,
2138 451 2207 490 279,

1246 503 1387 538 281-283,
1413 504 1557 541 374-378,
1580 505 1647 541 560,
1672 504 1741 543 613,
1766 504 1835 542 615,
1859 504 1928 543 620,
1951 505 2020 543 639,
2045 505 2114 542 642,
2138 505 2208 542 670,

1245 557 1390 593 709-711,
1406 558 1545 595 736-738,
1560 558 1629 595 825,
1641 559 1711 594 971,
1726 558 1795 595 991,
1812 559 1897 596 1004,
1914 559 1998 596 1005,
2015 559 2100 597 1009,
2121 559 2208 596 1094,

1248 610 1334 648 1143,
1359 611 1543 648 1175-1178,
1570 612 1655 647 1227,
1686 612 1773 649 1587,
1801 611 1885 647 1634,
1909 612 2091 649 1653-1655,
2121 612 2207 650 1663,

1248 664 1335 698 1801,
1354 664 1442 700 2114,
1461 665 1548 701 2252,
1569 665 1664 701 2258,
1681 665 1774 703 2269,
1793 665 1887 703 2592,
1908 666 1995 701 2755,
2013 666 2101 703 3264,
2119 666 2207 702 3724,

1247 716 1335 753 3730,
1360 716 1448 754 4243,
1473 718 1561 753 4257,
1585 718 1769 755 4284-4301,
1793 718 1882 755 4312,
1907 718 2092 756 4409-4414,
2118 719 2207 754 4941,

1247 769 1339 804 4942,
1358 769 1446 805 4969,
1466 769 1554 804 5087,
1574 770 1662 807 5207,
1680 770 1775 807 6316,
1795 771 1889 807 6466,
1908 770 1995 807 6513,
2013 771 2100 807 6515,
2119 771 2206 807 6516,

1246 821 1340 860 6518,
1362 823 1453 860 6520,
1473 822 1657 860 6778-6781,
1674 823 1768 861 6835,
1787 824 1863 854 6849
1876 848 1883 860 ,
1900 824 1991 860 6914,
2008 824 2101 861 7242,
2118 823 2207 860 7326,

1246 875 1335 911 7371,
1353 876 1441 912 7375,
1463 875 1551 911 7376,
1577 876 1666 914 7379,
1688 876 1776 914 7384,
1798 876 1886 913 7389,
1910 876 1999 914 7391,
2021 876 2207 914 7393-7396,

1246 929 1335 967 7485,
1354 928 1442 959 7639.

1206 981 1397 1020 Philippus,
1422 982 1572 1012 dominus
1602 982 1640 1012 de
1674 982 1930 1022 Valckensteyn,
1957 983 2209 1014 Warmaciensis

1245 1035 1276 1064 d.
1294 1035 1363 1065 909.

1207 1087 1388 1127 Philippus,
1409 1088 1570 1127 palatinus
1582 1088 1679 1127 judex
1697 1089 1786 1119 5167.

1204 1140 1386 1180 Philippus,
1407 1141 1492 1171 filius
1508 1142 1631 1172 comitis
1648 1141 1820 1172 Flandriae
1836 1142 1925 1172 7469.

1204 1193 1385 1233 Philippus,
1404 1194 1501 1224 frater
1516 1194 1650 1224 Henrici
1666 1195 1870 1234 imperatoris
1887 1194 1975 1226 5163.

1205 1246 1385 1286 Philippus,
1403 1247 1636 1286 primogenitus
1653 1248 1705 1285 R„
1731 1248 1858 1278 comitis
1876 1248 2096 1278 Atrebatensis
2119 1247 2208 1286 3902,

1245 1299 1333 1331 3909.

1204 1353 1386 1392 Philippus,
1402 1353 1490 1383 filius
1506 1353 1669 1392 Rayualdi
1687 1354 1800 1391 Rubei,
1813 1354 1926 1384 militis
1937 1355 2106 1393 Anagnini
2119 1354 2206 1384 7097.

1204 1406 1389 1445 Philippus,
1409 1411 1503 1436 natus
1521 1407 1653 1436 Roberti
1672 1407 1709 1437 de
1729 1407 1811 1445 Ver,
1827 1407 1951 1437 comitis
1966 1407 2121 1444 Oxoniae,
2139 1416 2208 1438 rec·

1243 1463 1291 1490 tor
1306 1468 1350 1490 88.
1372 1460 1410 1490 (18
1429 1460 1592 1497 Awelton,
1613 1461 1854 1491 Wintoniensis
1870 1461 1902 1491 d.
1921 1460 2106 1491 1446-1449.

1205 1513 1385 1552 Philippus,
1403 1513 1644 1552 Stregninensis
1662 1514 1693 1543 d.
1711 1513 1799 1544 3032.

1205 1566 1376 1605 Philippus
1394 1567 1642 1604 Bartholomaei,
1659 1567 1740 1597 civis
1756 1567 1909 1598 Senensis
1924 1567 2012 1597 7104.

1206 1619 1375 1658 Philippus
1397 1620 1435 1649 de
1458 1620 1617 1657 Berenso,
1635 1625 1737 1651 rector
1761 1620 1929 1651 comitatus
1946 1619 2100 1651 Venesini
2117 1620 2205 1651 3221.

1245 1672 1294 1703 Cf.
1312 1672 1516 1711 Philippiuus
1534 1673 1572 1702 de
1591 1673 1781 1703 Bernizono.

1205 1724 1374 1764 Philippus
1396 1725 1435 1755 de
1459 1725 1584 1762 canda,
1611 1725 1867 1765 archipresbyter
1892 1725 1930 1756 de
1955 1726 2071 1757 Lochis
2099 1726 2134 1757 in
2160 1735 2205 1757 ec.

1245 1779 1424 1809 Turonensi
1441 1778 1529 1815 6264,
1548 1778 1637 1808 6908.

1206 1831 1375 1870 Philippus
1392 1831 1431 1861 de
1447 1832 1541 1871 Ceys,
1559 1832 1732 1862 canonicus
1750 1831 1939 1862 Bisuntinus
1954 1832 2041 1862 4159.

1206 1884 1376 1924 Philippus
1393 1885 1430 1914 de
1446 1884 1657 1914 Cherardinis
1675 1886 1763 1915 2652.

1206 1938 1375 1978 Philippus
1389 1939 1427 1969 de
1443 1939 1578 1975 Comite,
1592 1939 1790 1978 praepositus
1804 1947 1848 1969 88.
1864 1939 1894 1969 S.
1914 1939 2079 1969 Laurentii
2092 1939 2209 1970 Medio-

1246 1991 1389 2022 lanensis
1407 1992 1496 2022 7235.

1208 2044 1376 2084 Philippus
1393 2045 1554 2074 Frederici
1572 2044 1660 2074 2582.

1208 2097 1377 2137 Philippus
1392 2098 1430 2127 de
1446 2097 1631 2134 Grimaldis,
1650 2097 1728 2127 civis
1743 2097 1919 2127 Januensis
1937 2097 2025 2128 3986.

1207 2151 1378 2190 Philippus
1408 2151 1445 2180 de
1477 2151 1652 2188 Gurgiaco,
1683 2151 1857 2181 canonicus
1886 2151 2086 2181 Ebroicensis
2120 2151 2208 2188 5858,

1247 2204 1337 2234 6541.

1207 2258 1377 2297 Philippus
1393 2257 1551 2295 Hugonis,
1570 2261 1725 2288 mercator
1741 2257 1830 2288 7108.

1208 2311 1377 2350 Philippus
1393 2311 1431 2340 de
1449 2311 1596 2348 Lespant,
1619 2310 1815 2340 Morineusis
1830 2311 1862 2340 d.
1883 2311 1971 2341 6605.

1208 2363 1375 2403 Philippus
1390 2363 1427 2392 de
1444 2362 1605 2398 Malliano,
1624 2363 1796 2392 Firmanae
1813 2363 1842 2393 d.
1862 2363 1950 2393 7191.

1208 2417 1377 2455 Philippus
1393 2416 1431 2446 de
1449 2416 1589 2452 Mantua,
1607 2415 1644 2445 fr.
1662 2415 1743 2445 miu.
1763 2415 1834 2446 983.

1208 2470 1376 2509 Philippus
1393 2468 1512 2499 Mariae
1530 2468 1640 2498 Gattae
1657 2468 1745 2499 3467.

1208 2523 1378 2562 Philippus
1398 2521 1623 2560 Mayuardelli,
1640 2522 1718 2551 civis
1735 2522 1976 2560 Senogaliensis
1992 2523 2080 2553 7127.

1210 2576 1378 2614 Philippus
1397 2574 1434 2603 de
1454 2574 1658 2612 Protojudice
1674 2574 1743 2604 326.

1210 2629 1378 2668 Philippus
1395 2628 1523 2666 Rogerii
1542 2628 1694 2663 Manecti,
1714 2632 1869 2659 mercator
1884 2628 1973 2659 4037.

1210 2683 1379 2721 Philippus
1395 2682 1571 2716 Romanus,
1588 2681 1762 2711 canonicus
1779 2681 1997 2712 Mothonensis
2016 2682 2103 2711 5945.

1210 2735 1380 2774 Philippus
1395 2734 1434 2763 de
1451 2734 1482 2763 S.
1502 2734 1657 2771 Romano,
1677 2734 1948 2772 Petragoricensis
1964 2735 1993 2764 d.
2014 2734 2101 2765 3629.

1210 2788 1380 2827 Philippus
1397 2786 1533 2816 soffredi
1550 2787 1587 2816 (18
1607 2786 1742 2817 Pistorio
1759 2788 1847 2817 7117.

1212 2841 1379 2880 Philippus
1394 2840 1432 2869 de
1450 2840 1606 2877 Stautou,
1627 2840 1800 2870 canonicus
1820 2849 1864 2870 ec.
1882 2841 2101 2870 Landavensis
2117 2839 2212 2871 3397-

1251 2895 1339 2925 3402.

1212 2947 1382 2987 Philippus
1398 2945 1561 2975 Thomasii
1578 2945 1616 2975 de
1632 2945 1843 2981 Collasazone,
1864 2946 2057 2976 Tudertinae
2073 2946 2103 2976 (1.
2122 2947 2210 2977 2674.

1212 3001 1380 3040 Philippus
1395 2999 1433 3028 de
1452 2999 1588 3035 Vienna,
1608 2998 1756 3028 dominus
1774 2999 1811 3029 de
1828 3000 1983 3038 Pugneyo
2000 2999 2065 3029 182.
