2393 3496
764 355 950 386 LETTRES
973 355 1062 385 NON
1085 346 1419 386 ENREGISTREES.
2072 354 2142 386 1031

53 425 173 463 dirupta
197 426 282 458 sunt,
310 421 350 452 ad
376 422 651 452 conservationem
677 423 864 453 eorumdem
891 423 1054 453 bonorum

52 477 210 517 adjuvent.

93 541 107 557 ι
123 529 213 559 Circa
229 527 380 558 fovendas
398 537 587 567 personas...
605 546 644 550 —
662 529 733 559 Dat.
754 530 868 565 Reate,
887 539 926 558 xv
944 528 1054 558 kalen-

54 583 107 613 das
121 581 257 619 augusti,
276 589 363 611 anno
380 582 530 612 secundo.
550 594 564 608 1>
584 582 736 621 (Pomm,
754 582 875 619 23012.)

122 754 233 784 *3501

93 817 223 847 consilio
249 822 275 846 ec
299 816 455 846 communi
484 817 505 846 T
506 817 767 853 erracinensibus,
798 816 851 855 qui
878 824 992 855 papam
1021 816 1056 845 in

55 879 146 901 suum
162 874 315 900 rectorem
336 874 366 899 et
388 873 573 908 potestatem
594 869 793 899 unanimiter
809 869 995 906 elegerunt,
1012 869 1056 898 si-

55 922 181 962 gnificat
201 931 233 952 se
253 922 428 952 Octaviano
450 922 489 952 de
510 922 697 958 Brunforte,
715 921 911 960 Campaniae
932 921 1057 951 Mariti-

55 984 185 1015 maeque
200 975 327 1012 rectori,
345 983 455 1005 eorum
470 976 616 1013 regimen
632 975 843 1005 commisisse.

94 1041 108 1057 u
124 1029 234 1067 Nuper
249 1037 307 1059 nos
322 1028 400 1058 ad...
418 1046 458 1051 —
474 1029 544 1058 Dat.
565 1029 662 1058 Reate
677 1053 683 1065 ,
700 1038 730 1058 xr
747 1028 902 1058 kalendas
918 1028 1056 1067 augusti,

54 1091 137 1114 anno
155 1081 303 1124 secundo.
324 1081 475 1121 (Pomm,
497 1080 621 1121 23015.)

643 753 732 788 Rieti,
749 754 782 780 ‘22
794 754 889 789 juillet
906 754 984 781 1289.

122 1254 240 1284 25⁰2

93 1342 113 1349 ..
130 1319 291 1348 abbatissae
308 1322 333 1347 et
349 1319 511 1347 conventui
527 1318 707 1347 monasterii
720 1317 846 1346 Sanctae
862 1318 984 1354 Agnetis
1000 1316 1059 1345 Ma-

53 1373 176 1412 gumini
197 1370 345 1408 indulget
367 1375 402 1400 ut
423 1375 563 1409 tempore
582 1370 745 1400 interdicti
770 1370 939 1400 canonicas
964 1369 1058 1399 horas

53 1425 155 1455 dicere
167 1428 198 1454 et
207 1433 263 1463 per
275 1423 477 1463 capellanum
488 1424 655 1462 proprium
669 1423 778 1453 divina
790 1423 893 1452 officia
906 1422 1059 1453 celebrari

19 1470 23 1474 ¹
54 1478 154 1509 facere
168 1477 300 1517 possint.

95 1543 108 1559 ιι
126 1531 310 1561 Devotionis
325 1534 430 1561 vestre
444 1530 631 1569 precihus...
648 1546 687 1552 —
703 1529 774 1558 Dat.
792 1529 901 1565 Reate,
918 1538 936 1557 v
952 1527 1060 1558 kalen-

57 1585 110 1615 das
127 1584 264 1623 augusti,
283 1592 369 1613 anno
386 1583 536 1621 secundo.
555 1594 569 1609 η
587 1583 739 1621 (Poma,
759 1581 884 1621 23021.)

644 1253 732 1287 nien,
749 1253 782 1280 ‘28
795 1254 891 1288 juillet
908 1253 985 1280 1289.

127 1758 245 1788 '25113

99 1823 223 1852 Thomae
248 1823 282 1851 de
308 1822 440 1857 Koerich,
466 1821 567 1850 abbati
594 1820 770 1849 monasterii
794 1819 923 1849 Sanctae
947 1819 1062 1848 Mariae

57 1876 329 1913 Lucemburyensis,
356 1873 488 1904 mandat
512 1878 546 1903 ut
565 1872 733 1911 compellat
755 1873 885 1903 clericos
913 1877 943 1902 et
965 1872 1061 1902 laicos

57 1928 260 1959 Treverensis
275 1932 305 1958 et
320 1927 485 1957 Mettensis
496 1927 692 1957 dioecesium
706 1927 761 1965 qui
776 1926 991 1964 possessiones
1003 1925 1062 1955 sub

57 1991 164 2013 annuo
183 1991 280 2012 censu
307 1990 325 2010 a
347 1981 543 2011 monasterio
568 1980 678 2010 Sancti
702 1980 840 2019 Spiritus
864 1980 1060 2010 Lucembur-

654 1755 742 1785 Paeti,
760 1755 791 1783 es
804 1755 899 1790 juillet
916 1755 993 1782 1289.

0 2052 1 2065 1
56 2036 145 2074 gensi
167 2039 295 2065 teneant
314 2034 354 2064 ad
376 2034 594 2065 exhibendum
611 2033 808 2072 praedictum
824 2042 969 2063 censum.
988 2033 1059 2063 Dat.

0 2104 2 2106 v
57 2089 191 2126 Reate,v
201 2088 356 2118 kalendas
366 2088 506 2126 augusti,
517 2095 603 2117 anno
612 2086 926 2125 secund0.(l³orr1{.,
937 2086 1060 2124 23024.)

126 2262 246 2293 ’7504
805 2260 892 2293 meti,
911 2260 989 2287 1289.

97 2325 213 2362 Gar-olo,
232 2326 296 2362 reyi
311 2325 444 2361 Siciliae,
462 2323 624 2362 significat
639 2332 672 2352 se
686 2323 755 2361 ejus
773 2322 894 2352 litteras
911 2335 924 2349 α
942 2322 1062 2352 Condi-

60 2378 151 2409 tionis
165 2379 328 2408 humanae
345 2390 359 2404 »
376 2377 570 2416 incipientes
585 2377 742 2414 recepisse
758 2380 788 2406 et
801 2376 840 2405 ad
858 2377 926 2414 eJ'us
942 2375 1063 2414 suppli-

57 2432 213 2463 cationem
230 2431 456 2461 universitates
472 2434 501 2460 et
515 2438 667 2468 personas
679 2428 810 2459 Siciliae
823 2429 862 2458 ad
874 2428 1061 2458 fidelitatem

58 2493 168 2524 papae,
190 2485 340 2515 ecclesiae
365 2492 517 2514 romanae
539 2487 570 2513 et
590 2483 693 2522 ipsius
718 2483 802 2520 regis
826 2482 996 2512 redeuntes
1022 2482 1061 2511 ad

0 2537 2 2567 ἶ
57 2538 240 2578 apostolicae
261 2538 344 2568 sedis
360 2538 496 2576 gratiam
511 2537 694 2573 admittere,
713 2544 889 2574 omnesque
906 2535 1015 2574 culpas
1031 2540 1062 2566 et

0 2592 2 2627 1
56 2591 190 2622 offensas
218 2595 329 2622 contra
359 2591 467 2620 sedem
496 2589 702 2629 apostolicam
733 2589 772 2619 ab
803 2589 847 2619 eis
874 2589 1061 2619 commissas

0 2644 26 2687 ‚¹¹
56 2645 206 2677 relaxare.

0 2690 2 2702 '
97 2711 110 2725 u
127 2698 334 2737 GaudetJure
352 2701 488 2727 mater...
509 2709 522 2723 1>
541 2697 689 2734 (Poma,
708 2695 832 2734 23028.)

128 2864 243 2893 '25⁰5

665 2861 752 2891 Rieti,
771 2862 809 2887 ter
824 2863 891 2888 aout
912 2861 989 2888 1289.

97 2927 241 2956 Ecclesiae
258 2925 451 2963 Luydwzensi
466 2924 590 2962 dejure
605 2923 703 2961 gladii
720 2923 838 2953 scribit.

100 2990 112 3005 α
137 2978 185 3008 Ad
202 2977 401 3008 audientiam
424 2981 603 3006 nostram...
627 2992 666 2998 —
689 2976 760 3005 Dat.
785 2976 893 3012 Reate,
916 2975 1062 3005 kalendis

27 3056 30 3059 ,
59 3031 195 3069 augusti,
215 3039 300 3060 anno
318 3029 468 3060 secundo.
488 3042 502 3055 »ι
522 3029 670 3065 (Pomm,
691 3028 813 3067 23029.)

1210 422 1325 451 '⁷503

1178 485 1225 519 Ρ.,
1244 485 1466 522 archiepiscopo
1481 486 1589 514 Montis
1606 485 1731 522 Reqalis,
1751 484 1791 514 ab
1807 483 1939 514 ecclesia
1955 484 2092 514 Reatina
2107 484 2147 514 ad

1140 538 1260 568 Montis
1276 539 1406 577 Regalis
1423 539 1590 569 ecclesiam
1607 539 1775 577 translato,
1792 539 1935 570 concedit
1950 544 1985 569 ut
2006 543 2148 579 tempore

1139 599 1202 629 quo
1225 600 1321 621 omne
1343 593 1571 622 commercium
1597 592 1713 623 Siculis
1736 592 2022 623 excommunicatis
2045 593 2148 623 inter-

1139 643 1261 674 dictum
1275 645 1326 680 sit,
1341 645 1380 674 ad
1395 644 1561 675 ecclesiam
1576 646 1693 676 Montis
1707 646 1837 684 Regalis
1852 653 1908 684 pro
1923 646 1990 675 suis
2005 649 2036 675 et
2050 645 2148 684 hujUs

1139 697 1292 728 ecclesiae
1307 698 1445 736 negotiis
1465 699 1594 728 nuntios
1611 704 1641 728 et
1655 698 1779 729 litteras
1793 699 1955 729 destinare
1971 699 2080 738 possit.

1181 762 1195 777 «
1217 751 1328 789 Nuper
1356 756 1384 780 te
1407 759 1462 782 a...
1484 767 1522 773 -
1546 751 1618 781 Dat.
1642 761 1676 781 111
1700 760 1801 781 nonas
1821 752 1961 790 augusti,
1987 760 2073 782 anno
2097 761 2148 782 se-

1139 803 1255 834 cundo.
1275 816 1287 829 n
1305 803 1457 842 (Pomm,
1475 802 1599 842 23031.)

1775 422 1863 455 Rieti,
1881 422 1895 449 3
1911 423 1978 449 aont
1995 422 2074 450 1289.

1213 991 1327 1019 ’2502

1179 1053 1315 1082 Johanni
1335 1053 1370 1082 de
1390 1053 1578 1090 Columpna,
1600 1053 1753 1082 Marchiae
1769 1053 2001 1082 Anchonitanae
2016 1054 2149 1089 rectori,

1141 1105 1273 1135 mandat
1295 1110 1331 1134 ut
1350 1105 1571 1144 quaestionem
1592 1106 1677 1134 inter
1699 1113 1872 1135 commune
1897 1105 1993 1135 castri
2017 1104 2152 1134 Sanctae

1144 1158 1315 1195 Victoriae,
1330 1158 1501 1188 Firmanae
1514 1158 1679 1195 dioecesis,
1696 1163 1725 1188 et
1742 1158 1945 1188 Leonardum
1960 1158 1999 1188 de
2014 1157 2152 1188 Archio-

1142 1212 1251 1248 nihus,
1268 1212 1372 1241 civem
1388 1212 1589 1248 Romanum,
1607 1215 1791 1250 potestatem
1808 1211 1952 1250 ejusdem
1968 1211 2077 1248 castri,
2096 1211 2153 1250 qui

1141 1265 1256 1296 salario
1288 1275 1304 1295 L
1333 1265 1489 1295 librarum
1514 1270 1727 1295 ravennatum
1757 1273 1823 1295 non
1850 1268 2019 1295 contentus
2050 1268 2106 1301 est,
2135 1273 2153 1295 a

1140 1319 1292 1349 Johanne
1307 1318 1345 1348 de
1357 1318 1494 1357 Spolet0‚
1508 1318 1617 1357 judice
1630 1327 1686 1348 suo
1701 1319 1735 1348 in
1754 1318 1897 1348 Marchia
1912 1318 2151 1354 Anchonitana‚

1143 1372 1310 1402 terminari
1328 1372 1431 1402 faciat.

1184 1437 1197 1451 «
1223 1426 1285 1454 Sua
1310 1425 1401 1455 nobis
1425 1424 1572 1454 dilecti...
1597 1441 1634 1446 -—
1656 1425 1726 1453 Dat.
1757 1424 1865 1459 Reate,
1891 1425 1986 1454 nonis
2010 1425 2153 1463 augusti,

1141 1486 1228 1507 anno
1243 1478 1394 1508 secundo.
1414 1489 1428 1504 »
1445 1478 1598 1516 (Pomm,
1616 1477 1739 1515 23034.)

1775 989 1863 1021 Rieti,
1885 990 1899 1016 5
1914 991 1981 1016 aosit
1999 990 2077 1017 1289.

1216 1665 1332 1696 '25⁰8

1187 1753 1206 1759 ..
1224 1730 1340 1759 custodi
1356 1734 1381 1758 et
1399 1730 1549 1766 fratribus
1561 1729 1667 1758 Sancti
1680 1729 1837 1758 Francisci
1852 1729 1886 1757 de
1901 1730 2011 1758 Assisio
2023 1728 2152 1757 aurifri-

1144 1783 1230 1812 sium
1256 1786 1318 1812 tam
1342 1783 1475 1812 materia
1498 1790 1593 1820 quam
1620 1791 1714 1820 opere
1738 1781 1913 1820 pretiosum
1937 1781 1976 1810 ad
2003 1785 2151 1811 ornatum

1144 1836 1253 1866 altaris
1269 1836 1420 1866 ecclesiae
1437 1836 1499 1866 dat.

1187 1902 1199 1916 ιι
1220 1889 1404 1919 Excitamur
1422 1889 1460 1918 ab
1480 1889 1641 1918 intimis...
1666 1906 1703 1910 —
1724 1889 1795 1917 Dat.
1813 1889 1929 1925 Reate,
1947 1898 1990 1917 vn
2006 1888 2078 1918 idus
2094 1897 2150 1918 au—

1144 1943 1239 1981 gusti,
1255 1951 1341 1972 anno
1357 1942 1507 1972 secundo.
1528 1952 1542 1970 1)
1561 1942 1710 1981 (Formi,
1730 1941 1850 1979 23037.)

1780 1664 1866 1696 Rieu,
1886 1664 1900 1689 7
1916 1665 1983 1690 aont
2000 1663 2079 1691 1289.

1218 2128 1336 2157 ’2509

1189 2215 1207 2221 ..
1228 2193 1293 2229 regi
1313 2192 1440 2229 Anqliae
1458 2191 1569 2220 scribit
1586 2190 1624 2220 de
1642 2190 1744 2220 flebili
1762 2189 1918 2220 relatione
1936 2199 2034 2229 quarn
2049 2199 2153 2229 nuper

1146 2245 1184 2275 de
1203 2244 1424 2274 ultramarinis
1444 2244 1587 2282 partibus
1609 2252 1664 2282 per
1686 2243 1859 2281 Hugonem
1875 2243 1914 2273 de
1929 2243 2106 2273 Matiscone
2124 2248 2153 2273 et

1144 2297 1341 2334 Johanuem,
1354 2297 1477 2327 ordinis
1494 2297 1760 2335 praedicatorum,
1776 2297 1908 2326 Petrum
1922 2295 1959 2325 de
1973 2296 2148 2335 Hezquam,

1146 2350 1313 2389 hospitalis
1336 2350 1367 2379 S.
1395 2349 1569 2384 Johannis,
1595 2353 1625 2378 et
1646 2349 1859 2385 Hertandum,
1880 2349 1994 2378 domus
2018 2348 2152 2378 militiae

1144 2403 1269 2442 Templi
1288 2402 1622 2432 Jerosolimitauorum
1642 2402 1771 2438 fratres,
1789 2402 2007 2441 praesentium
2025 2401 2151 2439 latoreS,

1144 2457 1273 2495 accepit.
1297 2457 1399 2494 Rogat
1421 2464 1494 2485 eum
1511 2454 1582 2485 illos
1601 2454 1776 2485 clementer
1796 2455 1908 2484 audire
1926 2459 1956 2484 et
1970 2454 2153 2493 intelligere

1144 2519 1226 2549 quae
1241 2510 1279 2539 de
1294 2513 1376 2538 statu
1395 2509 1511 2538 Terrae
1529 2508 1665 2538 Sanctae
1680 2507 1886 2547 proponenda
1902 2508 2063 2538 duxerint.

1187 2575 1199 2588 α
1215 2563 1304 2592 Dura
1317 2562 1415 2591 nimis
1431 2566 1497 2591 et...
1515 2578 1553 2582 —
1569 2562 1639 2591 Dat.
1659 2562 1767 2596 Reate,
1785 2561 1893 2591 idibus
1909 2562 2052 2599 angusti,
2067 2570 2152 2593 anno

1145 2616 1294 2646 secundo.
1317 2628 1329 2641 >³
1346 2615 1497 2653 (Perna,
1516 2614 1637 2651 23040.)

1761 2127 1849 2161 Ricti,
1870 2127 1900 2154 13
1916 2128 1984 2154 aont
2002 2126 2078 2154 1289.

1218 2808 1336 2835 2510

1188 2895 1207 2900 ..
1225 2870 1322 2900 abbati
1339 2876 1364 2899 e!
1383 2871 1543 2900 conventui
1567 2872 1747 2899 monasterii
1767 2871 1800 2899 de
1819 2870 2015 2907 CamIaerone,
2038 2871 2151 2900 Cister-

1145 2925 1253 2954 ciensis
1265 2924 1394 2958 ordinis,
1413 2922 1637 2952 Cameracensis
1650 2923 1801 2959 dioecesis,
1816 2922 1961 2952 concedit
1977 2926 2011 2951 ut
2026 2923 2151 2962 privile-

1146 2977 1206 3015 giis
1219 2981 1247 3005 et
1258 2975 1469 3013 indulgentiis
1483 2975 1601 3013 quibus
1615 2980 1740 3014 propter
1751 2975 1990 3014 simplicitatem
2002 2980 2057 3005 aut
2070 2976 2152 3014 juris

1146 3029 1363 3067 ignorantiam
1392 3028 1441 3058 usi
1465 3028 1660 3066 temporibus
1686 3028 1850 3058 retroactis
1874 3037 1939 3058 non
1965 3028 2030 3057 sint
2051 3027 2152 3059 libere

1760 2807 1848 2842 meti,
1869 2808 1899 2835 13
1918 2809 1985 2835 aont
2003 2808 2079 2835 1289.
