2393 3496
907 287 1160 334 QUATROEME
1183 288 1339 327 ANNEE.
2109 304 2163 333 ⁸11

78 369 184 401 sedem
205 367 340 398 eandem
364 366 568 405 postmodum
584 366 773 395 confirmata
785 388 793 402 ‚
810 365 968 404 impotens
985 372 1081 402 prop-

80 427 127 453 ter
154 420 366 460 predictorum
385 419 626 448 interfectorum
652 419 827 457 potentiam
858 417 1011 446 habeatur
1043 417 1082 446 ad

66 473 302 512 ·corrigendum
314 471 499 510 hujusmodi
515 471 644 501 sceleris
659 475 848 510 patratores,
867 469 1034 509 providere
1047 470 1081 498 in

80 528 139 557 hac
161 531 247 565 parte
267 525 306 554 de
331 529 486 563 oportuno
513 524 657 554 remedio
678 533 874 554 curaremus.
903 524 985 559 Quia
1009 531 1082 552 vero

79 580 154 614 hec,
174 579 200 608 si
219 586 293 607 vera
308 582 398 614 sunt,
416 586 479 607 non
499 586 666 616 possumus
685 577 765 607 sicut
782 586 839 606 nec
857 576 1008 606 debemus
1024 576 1082 605 sub

79 630 335 663 dissimulatione
361 630 513 667 transire,
540 629 729 659 fraternitati
760 634 811 659 tue
839 638 891 667 per
915 628 1084 667 apostolica

49 714 56 719 ,
80 685 196 723 scripta
210 683 400 713 mandamus
413 689 582 720 qnatenus,
597 682 760 712 canonicis
775 686 805 711 et
819 681 943 711 clericis
959 682 1082 719 predic-

80 739 122 769 tis
135 736 359 777 proutjustum
376 735 473 764 fuerit
489 735 640 773 primitus
657 735 810 769 evocatis,
829 743 924 772 super
947 735 1080 773 premis-

78 792 123 822 sis
148 790 322 828 diligenter
344 789 492 827 inquiras
507 793 557 823 et,
582 789 607 818 si
626 797 680 826 per
696 789 813 818 famam
830 788 880 817 vel
895 789 1081 825 indaginem

79 852 142 874 non
171 842 380 881 sollempnem
404 842 460 871 tibi
485 842 661 871 constiterit
681 842 719 870 de
744 842 928 879 premissis,
955 841 1081 870 eosdem

79 896 247 928 canonicos
265 900 296 925 et
318 894 448 924 clericos
469 903 505 923 ex
530 898 617 932 parte
634 899 740 923 nostra
757 896 966 932 peremptorie
986 894 1083 923 citare

78 958 225 991 procures
251 953 286 978 ut
303 948 388 978 infra
411 948 506 977 unius
522 947 644 976 mensis
660 947 795 985 spatium
816 952 884 985 post
899 947 1082 976 citationem

79 1008 166 1033 tuam
187 1006 390 1040 compareant
407 1000 618 1039 personaliter
634 1009 739 1030 coram
756 1000 865 1035 nobis,
882 1009 972 1029 suam
990 1009 1084 1037 snper

78 1055 242 1096 premissis
255 1078 262 1091 ,
281 1055 307 1083 si
324 1058 488 1093 poterunt,
505 1053 724 1083 innocentiam
742 1054 899 1083 ostensuri
916 1062 951 1081 ac
972 1053 1083 1082 [acturi

80 1114 112 1140 et
134 1108 290 1147 recepturi
313 1117 408 1146 super
434 1107 492 1137 hoc
522 1107 605 1146 quod
635 1106 711 1136 ordo
739 1106 904 1135 dictaverit
939 1106 1082 1136 rationis.

80 1162 174 1192 Diem
185 1170 258 1191 vero
273 1160 432 1190 citationis
448 1164 478 1190 et
494 1160 641 1196 form-am,
654 1164 711 1189 etc.
732 1159 800 1189 Dat.
812 1159 894 1197 apud
909 1159 1083 1189 Urbemve-

50 1206 53 1210 ’
80 1220 189 1251 terem,
206 1224 246 1244 xv
261 1213 414 1244 kalendas
429 1213 585 1249 octobris,
603 1221 688 1242 anno
706 1217 828 1251 quarto.
846 1224 859 1238 ι

116 1462 265 1497 Paganus,
287 1462 439 1496 inquisitor
459 1462 488 1488 in
506 1461 690 1495 Lombardia,
706 1465 734 1487 et
756 1461 880 1488 vicarius
903 1463 967 1496 ejus
990 1471 1085 1489 coram

81 1511 150 1539 sede
171 1511 327 1546 apostotnca
347 1511 480 1538 citantur.
502 1510 586 1543 (Rae.
608 1510 657 1543 46,
679 1518 705 1536 c.
729 1511 794 1544 506,
812 1510 831 1536 f.
849 1510 882 1537 99
902 1517 945 1541 1'⁰;
967 1510 1084 1543 Poma..

80 1560 190 1593 23814.)

556 1398 689 1433 Orviet0‚
711 1398 739 1425 12
755 1399 918 1433 septembre
938 1399 1012 1426 1-291.

119 1660 239 1692 Dilectis
258 1661 336 1699 filiis
362 1683 382 1691 ..
409 1662 666 1699 archipresbytero
693 1662 810 1691 ecclesfe
831 1661 865 1691 de
891 1662 1084 1700 Campitello,

81 1715 244 1744 Mantuam
261 1716 405 1750 diocesis,
429 1720 455 1743 ec
475 1715 654 1743 Bonamentt'
676 1715 709 1743 de
731 1715 923 1751 Bonacolsts,
943 1717 1087 1745 canonico

80 1767 259 1804 Mantuano,
272 1768 404 1797 mandat
419 1772 453 1797 ut
467 1767 597 1796 fratrem
615 1767 793 1805 Paganum,
808 1767 1035 1805 inquisitorem
1051 1769 1086 1798 in

82 1820 290 1858 Lombardia,
307 1825 337 1850 et
351 1821 527 1850 Vivianum
544 1820 582 1849 de
600 1820 742 1856 Verona,
759 1809 916 1850 vicarium
931 1822 1015 1860 ejus,
1033 1831 1086 1851 or-

82 1873 167 1904 dinis
190 1873 444 1913 praedicatorum
459 1898 466 1911 ,
487 1874 663 1903 turbatores
684 1873 790 1903 l'ratris
812 1874 1030 1913 Bonajunctae
1048 1875 1087 1906 de

83 1928 226 1964 Mantua,
244 1927 369 1958 ordinis
386 1928 560 1963 minorum,
578 1927 782 1966 inquisitoris
797 1928 830 1957 in
849 1928 994 1958 marchia
1011 1930 1086 1959 Ter-

83 1982 204 2017 visina‚
222 1981 322 2011 citent
337 1989 443 2011 corani
461 1981 534 2010 sede
549 1980 726 2019 apostolica.

123 2046 137 2062 α
153 2035 265 2073 Nuper
281 2035 320 2064 ad
345 2034 582 2063 audientiam...
614 2049 653 2056 —
678 2034 750 2063 Dat.
770 2030 856 2072 ¹apud
880 2035 1087 2065 Urbemvete-

81 2079 149 2118 rem
161 2111 168 2124 ‚
186 2097 208 2117 11
226 2087 299 2117 idus
318 2088 520 2126 septembris,
537 2096 624 2118 anno
639 2092 764 2126 quarto.
783 2100 797 2113 »

152 2273 270 2302 8⁰40

116 2335 160 2362 De
185 2335 285 2362 eodem
307 2335 423 2370 negotio
445 2343 502 2369 quo
523 2343 624 2369 supra,
650 2342 681 2361 n⁰
701 2335 767 2362 5964
791 2335 872 2370 (Rau.
898 2336 944 2367 46,
971 2345 996 2363 e.
1021 2338 1086 2369 507,

581 2272 709 2304 Orvieto,
729 2273 744 2300 3
759 2274 922 2308 septembre
942 2274 1015 2302 1291.

33 2403 36 2406 ⁴
82 2384 105 2427 si
118 2383 152 2411 99
167 2385 216 2417 ro.)

128 2486 352 2516 Venerabilt'bus
379 2484 530 2522 fratribus
556 2484 776 2523 archiepiscopo
810 2486 978 2515 Treverensi
1008 2494 1032 2517 ee
1066 2511 1086 2517 ..

84 2541 216 2578 episcopo
246 2539 428 2568 Virdunensi
451 2547 485 2567 ac
512 2539 617 2567 dilecto
640 2539 704 2575 filio
727 2562 746 2567 ..
771 2540 882 2568 decano
906 2541 1089 2578 Linyonensi

86 2592 226 2628 mandat,
247 2592 306 2621 sub
322 2591 664 2622 excommunicationis
683 2600 795 2630 poena,
815 2597 847 2621 ut
862 2592 983 2622 litteras
999 2603 1088 2632 apos-

87 2645 194 2675 tolicas
214 2653 309 2683 supra
329 2644 363 2672 in
387 2643 524 2681 capitulo
548 2648 703 2673 ccchxxi⁰
726 2644 839 2673 relatas
861 2646 1019 2676 observari
1041 2648 1088 2677 sa-

85 2697 222 2735 cientes,
240 2697 398 2727 decanum
417 2701 447 2725 et
461 2695 635 2734 capitulum
653 2696 812 2726 Metenses
830 2702 860 2726 et
878 2698 1088 2736 Hnguardum

84 2754 237 2782 moneant
254 2755 288 2780 ut
302 2750 387 2779 infra
404 2753 472 2778 octo
489 2748 557 2778 dies
578 2753 647 2786 post
668 2750 881 2779 monitionem
902 2751 1088 2790 hujusmodi

83 2804 229 2835 Johanni
244 2803 326 2833 dicto
350 2802 522 2832 Avemaria
543 2802 756 2840 praebendam
781 2808 811 2832 et
829 2804 1002 2834 cotidianas
1022 2806 1086 2835 dis-

85 2856 274 2887 tributiones
290 2857 319 2885 ei
336 2855 458 2885 debitas
477 2854 657 2890 dimittant,
675 2855 820 2885 invocato
836 2857 874 2885 ad
891 2857 950 2887 hoc
967 2858 992 2887 si
1009 2868 1088 2896 opus

84 2909 197 2947 fuerit,
219 2908 338 2939 auxilio
354 2907 477 2937 brachii
501 2906 683 2936 saecularis.
709 2907 742 2937 Si
764 2917 837 2937 vero
859 2910 1009 2947 praedicti
1031 2911 1087 2940 de-

84 2971 196 2999 canus,
212 2961 386 3001 capitulum
402 2965 432 2990 et
449 2959 643 2997 Huguardus
658 2969 748 2989 suam
760 2969 888 2991 causam
902 2964 1019 3001 justam
1031 2973 1087 3002 pu-

1167 368 1242 400 tent,
1261 373 1312 394 eos
1328 366 1537 404 peremptorie
1550 366 1647 396 citent
1668 370 1702 395 ut
1727 366 1921 403 Huguardus
1939 368 2145 405 personaliter
2158 393 2166 406 ,

1164 416 1220 446 alii
1236 426 1291 455 per
1309 422 1543 456 procuratorem
1567 427 1673 449 coram
1695 419 1768 448 sede
1793 418 1963 457 apostolica
1983 420 2066 449 intra
2086 421 2166 451 duo-

1164 480 1236 500 rum
1256 471 1417 500 mensium
1437 472 1575 509 spatium
1592 476 1806 511 compareant.
1824 472 1858 501 Si
1875 477 1981 502 autem
1998 473 2095 502 iidem
2112 474 2166 503 de-

1165 531 1279 558 canus,
1301 523 1471 561 capitulum
1502 529 1531 553 et
1558 524 1753 562 Hugnardus
1776 525 1947 554 monitioni
1979 525 2168 563 apostolicae

1166 578 1328 614 paruerint
1352 582 1551 613 reverenter,
1579 587 1630 607 eos
1654 578 1693 607 ab
1719 578 1878 607 universis
1898 579 2074 615 interdicti,
2099 589 2166 609 sus-

1166 630 1327 666 pensionis
1359 634 1388 658 et
1417 631 1757 660 excommunicationis
1787 631 1954 660 sententiis
1985 631 2165 669 absolvant,

1165 682 1415 720 dispensentqne
1437 691 1510 712 cum
1528 683 1574 712 eis
1590 693 1684 721 super
1705 683 1941 721 irregularitate
1964 685 1990 714 si
2008 694 2103 723 quam
2124 686 2168 715 sic

1165 735 1256 772 ligati
1270 736 1496 764 contraxerint.

1207 800 1220 813 «
1245 788 1326 817 Cum
1351 796 1387 817 ex
1411 788 1594 826 injuncto...
1619 806 1656 810 —
1680 790 1750 818 Dat.
1774 790 1856 828 apud
1885 790 2166 828 Urbemveterem‚

1165 850 1199 869 111
1217 849 1318 870 nonas
1333 841 1536 879 septembris,
1553 849 1639 871 anno
1654 846 1776 880 quarto.
1796 854 1809 868 »

1237 997 1348 1025 (3041
1635 998 1767 1031 Orvieto‚
1788 998 1818 1025 18
1833 999 1994 1033 septembre
2013 1000 2089 1026 1991.

1201 1059 1319 1086 Collatio
1336 1059 1476 1086 beneficii.
1496 1059 1576 1091 (nso.
1594 1059 1638 1091 46,
1656 1068 1681 1086 c.
1698 1060 1757 1093 508,
1774 1061 1793 1086 f.
1812 1060 1845 1086 99
1861 1062 1912 1093 νο)

1209 1164 1382 1200 Thomasio,
1405 1162 1533 1199 plebano
1558 1163 1654 1200 plebis
1683 1163 1717 1191 de
1745 1164 1871 1198 Triano,
1896 1164 2011 1193 Lucane
2037 1165 2170 1193 diocesis.

1167 1216 1247 1245 Cum
1265 1224 1317 1251 eo,
1335 1215 1465 1245 obtentu
1484 1216 1629 1253 magistri
1649 1215 1780 1245 Ranerii
1801 1215 1838 1245 de
1855 1216 1956 1250 Pisis,
1974 1216 2091 1246 notarii
2116 1225 2170 1255 pa-

1167 1280 1236 1308 pae,
1250 1269 1411 1308 dispensat
1429 1273 1472 1305 ut,
1491 1274 1612 1306 praeter
1629 1268 1751 1307 plebem
1771 1269 1810 1298 de
1825 1269 1954 1306 Triano,
1973 1269 2172 1299 archidiaco—

1169 1328 1295 1358 natum,
1317 1321 1541 1352 canonicatum
1569 1325 1599 1351 et
1616 1321 1830 1360 praebendam
1853 1322 2004 1352 ecclesiae
2024 1322 2172 1352 Lucanae

1169 1376 1310 1414 recipere
1329 1375 1442 1404 valeat.

1211 1440 1223 1454 ι(
1243 1428 1365 1457 Meritis
1381 1427 1552 1456 laudabilis
1566 1426 1855 1457 conversationis...
1875 1443 1914 1448 —
1930 1427 2001 1458 Dat.
2018 1427 2101 1465 apud
2113 1427 2171 1458 Ur-

1169 1482 1394 1517 bemveterem‚
1414 1490 1480 1510 xn11
1499 1480 1653 1510 kalendas
1675 1480 1822 1515 octobris,
1843 1489 1927 1510 anno
1942 1484 2064 1518 quarto.
2091 1492 2104 1507 1)

1241 1639 1359 1669 6042

1206 1703 1337 1729 Facultas
1352 1701 1517 1728 absolvendi
1533 1710 1548 1727 a
1564 1701 1711 1728 canonicis
1729 1701 1891 1727 sententiis.
1912 1700 1992 1726 111Εο.
2010 1700 2052 1729 46,
2069 1707 2092 1725 c.
2113 1699 2171 1730 509,

1169 1754 1189 1780 f.
1205 1753 1238 1780 99
1254 1754 1306 1784 v0.)

1654 1638 1781 1671 Orvieto‚
1798 1638 1828 1664 24
1846 1638 2006 1672 septembre
2027 1638 2102 1664 1‘291.

1217 1855 1383 1884 Venerabili
1399 1854 1492 1890 fratri
1508 1854 1558 1888 Ρ.,
1582 1853 1714 1889 episcopo
1735 1851 1966 1886 Salamantino,
1994 1849 2174 1879 facultatem

1169 1908 1313 1938 concedit
1327 1906 1513 1936 absolvendi
1529 1905 1659 1934 clericos
1676 1909 1705 1933 et
1721 1904 1817 1933 laicos
1834 1903 1982 1933 Salaman
1990 1903 2073 1931 tinae
2087 1901 2171 1931 dioe-

1169 1962 1248 1992 cesis
1265 1962 1304 1990 ab
1322 1958 1663 1990 excommunicationis
1681 1956 1850 1986 sententiis
1867 1965 1945 1994 quas
1961 1964 2015 1993 pro
2035 1954 2172 1984 violenta

1169 2014 1342 2053 inJectione
1365 2021 1520 2042 manuum
1545 2012 1577 2040 in
1601 2010 1732 2040 clericos
1752 2010 1974 2045 incurrerunt,
1995 2012 2022 2038 et
2042 2008 2171 2045 dispen-

1170 2068 1260 2098 sandi
1277 2076 1349 2097 cnm
1368 2065 1492 2095 clericis
1511 2062 1852 2102 superirregularitate
1866 2062 2002 2100 siquam
2023 2060 2066 2089 sic
2079 2059 2171 2097 ligati

1169 2120 1396 2151 contraxerint.

1212 2186 1225 2200 α
1243 2174 1311 2202 Tua
1324 2172 1413 2202 nobis
1424 2170 1643 2199 fraternitas...
1658 2186 1696 2190 —
1710 2168 1780 2197 Dat.
1798 2167 1881 2206 apud
1895 2167 2157 2197 Urbemveterem
2167 2189 2174 2201 ,

1170 2236 1224 2256 vni
1240 2225 1393 2255 kalendas
1408 2223 1555 2258 octobris,
1573 2230 1659 2251 anno
1675 2225 1797 2260 quarto.
1820 2232 1832 2246 υ

1764 2378 1891 2410 Orvieto,
1911 2377 1923 2402 Τ
1941 2376 2007 2402 aotit
2027 2375 2103 2402 1291.

1241 2381 1492 2412 6043-6044

1206 2447 1322 2473 Collatio
1345 2444 1473 2471 beneficii
1494 2446 1523 2470 et
1544 2442 1721 2477 dispensatio
1737 2449 1825 2475 super
1842 2439 2000 2473 pluralitate
2020 2436 2175 2463 beneficio—

1172 2504 1244 2523 rum.
1262 2495 1345 2528 (Rec.
1363 2494 1405 2527 46,
1423 2501 1447 2520 ο,
1465 2493 1525 2525 510,
1542 2492 1561 2518 f.
1580 2492 1613 2518 99
1629 2493 1679 2523 vo.)

1210 2598 1350 2633 Magistro
1366 2595 1487 2632 noym-to
1503 2595 1536 2623 de
1548 2594 1686 2627 Salerno,
1699 2592 1879 2620 subdiacono
1895 2594 1921 2617 et
1933 2589 2086 2625 capellano
2103 2595 2171 2615 nos-

1172 2655 1229 2685 tro,
1241 2634 1384 2678 canonico
1397 2646 1629 2676 Constanticnsi.
1647 2644 1727 2674 Cum
1740 2643 1772 2671 in
1784 2639 2021 2672 Constantiensi
2040 2637 2172 2668 ecclesia

1169 2701 1352 2739 dignitates,
1370 2704 1555 2738 personatus
1571 2702 1600 2727 et
1615 2695 1811 2736 praebendae
1827 2694 1978 2728 minores,
1997 2691 2171 2720 mediocres

1170 2759 1200 2784 et
1223 2754 1358 2792 majores
1383 2752 1535 2787 existant,
1560 2750 1785 2780 canonicatum
1805 2746 1947 2785 eJusdem
1971 2743 2120 2773 ecclesiae
2146 2745 2175 2771 et

1172 2806 1383 2845 praebendam
1401 2805 1571 2841 integram„
1592 2811 1653 2832 non
1672 2799 1910 2834 sacerdotalem,
1927 2797 1965 2826 de
1985 2794 2171 2833 majoribus,

1169 2860 1220 2890 cui
1237 2859 1475 2889 distributiones
1490 2857 1667 2886 cotidianae
1683 2854 1869 2887 debeantur,
1889 2857 2011 2879 necnon
2028 2852 2058 2877 et
2073 2846 2172 2883 digni-

1170 2916 1265 2942 tatem
1282 2920 1336 2940 seu
1354 2914 1556 2948 personatum
1573 2908 1611 2937 de
1627 2906 1800 2945 majoribus
1817 2902 1950 2938 confert,
1965 2901 2097 2938 ejusque
2115 2905 2172 2926 no-

1170 2964 1315 2994 miue‘de
1336 2963 1401 2992 illis
1423 2963 1608 3000 magistrum
1635 2958 1802 2989 Nicolaum
1822 2956 1860 2986 de
1883 2953 2009 2988 Trebis,
2032 2958 2171 2982 camera-
