2393 3496
891 326 1134 369 CINQUIEME
1155 327 1311 362 ANNEE'.
2093 333 2151 365 935

64 414 80 431 ‚a
102 400 285 432 duodecima
316 399 439 429 mensis
466 400 675 438 septembris,
699 400 903 439 pontificatus
933 399 1065 439 predicti

66 467 81 484 ι
102 454 222 485 domini
248 452 375 482 Nicolai
402 461 481 491 pape
507 453 592 482 IIIIti
618 462 704 483 anuo
729 454 835 489 tertio,
862 452 1065 491 presentibus

67 520 82 537 ι
103 505 278 538 venerabili
294 505 329 534 in
349 505 477 535 Christo
500 510 589 544 patre
611 505 776 545 Philippo,
795 506 854 536 Dei
870 505 972 543 gratia
987 505 1065 535 Tra-

68 573 82 590 »
104 559 196 590 nensi
209 558 457 597 archiepiscopo,
472 559 625 597 Ugolino,
640 564 768 589 cantore
784 559 975 596 Meldensis,
990 558 1067 588 Leo-

67 625 83 643 »
103 612 202 643 nardo
216 612 254 641 de
270 611 385 649 Flisco,
402 612 605 649 parisiensis,
625 612 820 650 Berengario
836 611 971 647 Fredoli,
990 614 1066 641 Am-

68 679 83 695 »
103 665 280 701 bianensis,
296 665 494 704 Raymundo
510 664 763 702 Cambeveteris,
782 665 1019 699 Narbonensis,
1037 668 1068 693 et

66 730 84 748 ιι
104 719 195 749 Petro
205 717 243 747 de
253 717 405 756 piperno,
418 717 658 748 Suessionensis
668 718 832 748 canonicis
844 718 1066 754 ecclesiarum,

69 782 84 800 n
104 780 140 801 ac
154 769 340 800 Bartholino
357 770 395 800 de
415 770 614 808 Cornazano,
631 770 739 810 legum
753 771 945 809 professore,
963 769 1067 809 capel-

68 835 84 854 »
104 823 187 854 lanis
201 827 232 853 et
245 823 459 853 familiaribus
474 824 605 861 nostris,
624 824 755 854 testibus
770 825 809 854 ad
826 824 885 855 bec
901 824 1021 854 vocatis
1039 827 1070 853 et

70 889 86 908 ι
106 877 233 916 rogatis.
258 877 298 906 In
326 886 464 916 quorum
492 878 639 908 omnium
668 878 889 908 testimonium
914 886 950 908 ac
979 877 1070 907 certi-

69 943 87 961 »
107 930 249 961 tudinem
271 930 449 969 pleniorem
474 940 606 970 presens
627 931 791 970 publicum
816 932 1069 961 instrumentum

68 994 85 1014 ι
105 993 160 1024 per
180 983 351 1014 Nicolaum
375 988 405 1014 et
428 986 626 1021 Armanum,
652 985 793 1015 notarios
818 990 941 1015 nostros
970 985 1069 1013 infra-

68 1046 84 1066 ι
104 1037 244 1076 scriptos,
257 1037 372 1067 exinde
383 1037 479 1067 scribi
493 1042 522 1068 et
531 1037 688 1077 publicari
702 1038 941 1075 mandavimus,
954 1042 984 1068 et
995 1046 1070 1068 nos-

68 1101 84 1120 »
105 1093 224 1120 trorum
240 1089 420 1128 sigillorum
437 1090 572 1120 fecimus
588 1091 774 1120 munimine
791 1091 943 1121 roborari.
960 1091 999 1120 Et
1012 1099 1070 1129 ego

60 1155 83 1178 ,ι
102 1143 290 1173 Armannus
312 1143 485 1174 Mantellus
510 1144 548 1174 de
566 1144 705 1184 Parma,
729 1144 876 1183 publicus
899 1143 1070 1183 apostolica

67 1208 83 1227 ι
103 1196 286 1227 auctoritate
301 1205 336 1226 ac
352 1206 440 1227 nunc
455 1197 591 1236 predicti
614 1198 739 1228 domini
763 1197 914 1235 Gerardi,
932 1198 1070 1236 episcopi

66 1261 84 1279 ι
104 1249 300 1287 Sabinensis,
317 1250 478 1288 notarius,
495 1251 649 1290 predictis
663 1252 815 1282 omnibus
835 1260 900 1282 nna
917 1251 992 1281 cum
1009 1255 1070 1281 tes-

58 1304 83 1332 ἰ
104 1302 187 1333 tibus
204 1303 429 1343 suprascriptis
452 1304 605 1342 interfui„
618 1309 648 1335 et
664 1314 700 1334 ea
718 1305 837 1341 omnia,
858 1309 892 1334 nt
910 1313 1005 1344 supra
1026 1303 1071 1334 le-

1149 410 1164 425 »
1188 399 1290 436 gitur,
1309 398 1348 429 de
1374 399 1523 430 mandato
1545 399 1759 438 predictorum
1778 399 1983 429 dominorum
2005 400 2152 430 cardina-

1149 464 1160 478 »
1188 451 1271 482 lium
1292 461 1328 482 ac
1350 457 1477 491 rogatus
1502 463 1520 483 a
1542 453 1686 492 partibus
1715 453 1905 492 supradictis
1931 453 2042 491 scripsi
2064 458 2094 482 et
2118 453 2152 482 in

1151 518 1164 531 ¹>
1189 505 1273 536 hanc
1287 506 1451 545 publicam
1468 507 1605 537 formam
1621 507 1728 545 redegi
1745 516 1780 537 ac
1801 516 1872 537 meo
1894 507 1986 545 signo
2004 510 2154 537 consueto

1151 571 1164 585 υ
1190 559 1326 597 signavi.
1344 559 1382 588 Et
1398 569 1454 598 ego
1470 560 1622 590 Nicolaus
1639 561 1741 590 dictus
1757 560 1912 590 Novellus
1928 560 1966 590 de
1986 560 2074 596 Vico,
2094 569 2153 598 pu-

1151 624 1164 638 »
1190 611 1291 642 blicus
1316 613 1478 652 imperiali
1500 614 1685 643 auctoritate
1705 622 1741 644 ac
1765 623 1852 643 nunc
1874 613 2007 652 predicti
2031 612 2155 643 domini

1152 677 1164 691 n
1191 665 1358 695 Benedicti
1380 666 1554 696 cardinalis
1573 667 1734 704 notarius,
1754 667 1904 705 predictis
1923 666 2073 697 omnibus
2091 674 2155 695 una

1152 730 1166 744 »
1190 728 1263 748 cum
1283 719 1414 749 testibus
1439 724 1469 749 et
1490 721 1613 750 notario
1635 721 1856 759 suprascriptis
1876 720 2024 756 interfui,
2043 724 2073 749 et
2093 719 2155 748 hiis

1152 781 1167 800 n
1191 772 1353 807 omnibus,
1367 777 1400 802 ut
1416 782 1510 811 supra
1526 773 1653 810 legitur,
1666 773 1704 803 de
1718 774 1867 804 mandato
1877 773 2091 812 predictorum
2105 772 2156 802 do-

1153 837 1165 851 n
1190 825 1355 855 minorum
1379 825 1592 856 cardinalium
1617 835 1652 856 ac
1676 832 1802 865 rogatus
1826 836 1844 856 a
1873 827 2017 866 partibus
2041 834 2155 865 supra-

1152 889 1166 904 »
1192 877 1284 908 dictis
1313 887 1366 907 me
1394 879 1568 917 subscripsi
1589 884 1619 909 et
1641 880 1770 917 signum
1794 889 1903 909 meum
1925 879 2058 918 apposui
2080 888 2156 909 con-

1153 942 1166 957 »
1191 935 1327 960 suetum.

1191 982 1282 1012 Nulli
1291 991 1364 1021 ergo
1375 984 1507 1013 omnino
1516 984 1685 1014 hominum
1697 984 1882 1014 liceathanc
1893 985 2040 1023 paginam
2052 988 2157 1014 nostre

1151 1037 1408 1066 confirmationis
1418 1037 1606 1075 infringere,
1616 1037 1666 1067 vel
1679 1038 1707 1067 ei
1719 1047 1797 1067 ausu
1810 1038 1977 1067 temerario
1987 1037 2155 1067 contraire.

1153 1089 1186 1119 Si
1211 1090 1282 1128 quis
1306 1094 1413 1119 autem
1439 1090 1498 1120 hoc
1524 1095 1710 1129 attemptare
1737 1091 1982 1130 presumpserit,
2005 1090 2158 1128 indigna-

1152 1143 1272 1173 tionem
1303 1144 1530 1182 omnipotentis
1556 1144 1616 1174 Dei
1643 1150 1672 1174 et
1701 1145 1866 1174 beatorum
1896 1144 1982 1174 Petri
2007 1147 2038 1173 et
2067 1142 2160 1173 Pauli

1154 1196 1369 1235 apostolorum
1394 1198 1463 1236 ejus
1489 1206 1521 1226 se
1546 1198 1671 1227 noverit
1697 1199 1918 1228 incursurum.
1947 1197 2019 1226 Dat.
2041 1197 2158 1233 Rome,

1153 1249 1237 1288 apud
1259 1250 1409 1280 Sanctam
1436 1251 1573 1281 Mariam
1602 1252 1774 1290 Majorem,
1806 1261 1824 1281 x
1848 1251 2003 1281 kalendas
2031 1249 2158 1290 aprilis,

1154 1303 1358 1342 pontificatus
1375 1305 1477 1334 nostri
1491 1313 1576 1335 anno
1592 1305 1717 1344 quinto.
1738 1318 1753 1332 »

644 2119 696 2139 rm
719 2118 775 2139 DES
798 2118 936 2139 LETTnsss
958 2118 1129 2140 COMMUNES
1152 2119 1190 2140 DE
1212 2120 1250 2139 LA
1273 2114 1441 2144 (21NQU11'3ME
1462 2114 1575 2140 ANNI-{E-
