2393 3496
229 305 287 335 900
977 301 1214 333 REGISTRES
1238 302 1292 332 DE
1316 301 1500 332 NICOLAS
1524 303 1580 333 IV.

230 380 324 410 super
341 371 404 400 hiis
423 370 591 409 contigerit
609 370 677 399 fieri
698 369 788 399 nobis
808 377 863 408 per
881 372 948 398 tuas
968 367 1090 398 litteras
1110 368 1236 398 studeas

230 423 357 463 plenius
376 423 542 462 explicare.
562 423 633 453 Dat.
654 423 763 458 Reate,
783 431 803 451 11
821 420 975 451 kalendas
990 421 1129 459 augusti.
1155 432 1166 446 ι

302 581 418 610 ’7104
868 578 954 611 Rieti,
971 578 987 605 6
1003 579 1069 605 aont
1090 578 1166 605 1288.

266 643 411 669 Senenscs
427 642 460 667 nb
478 641 777 668 excommunicatione
794 641 924 668 absolvit.
945 640 1017 674 (Pol.
1034 640 1064 667 21
1083 641 1131 673 ro.)

273 736 424 766 Venerabili
441 736 523 774 fratri
546 759 564 765 ,.
587 736 707 775 episcopo
730 735 854 766 Senensi.
876 749 889 762 «
916 736 1056 766 Dilectus
1077 735 1164 765 filius
1181 735 1239 765 Vi-

229 792 342 821 vianus
355 790 530 829 Raynucii,
545 790 701 827 notarius,
715 789 1071 829 procni·at01·Guidonis
1083 789 1237 827 Silvatici,

227 844 400 884 potestatis,
416 847 445 874 et
456 843 592 873 aliorum
606 843 792 874 officialium
805 843 872 873 sive
887 847 1045 873 rectorum
1060 843 1239 873 secundum

227 897 374 928 ordinem
393 897 530 927 civitatis
552 896 722 934 Senensis,
741 896 889 926 videlicet
905 896 1047 926 Sti-icche
1066 897 1104 925 de
1121 895 1238 925 8311111-

227 952 319 988 bene,
338 951 468 989 Ugnctii
485 950 618 981 Orlandi
640 951 866 989 Bonsignoris,
886 950 968 980 Mini
985 951 1090 980 Preite
1105 954 1135 980 et
1151 949 1240 980 Soczi

227 1005 363 1043 Legatii,
381 1004 535 1042 militum,
555 1005 666 1034 Jacobi
684 1004 863 1041 Crescenzi,
883 1004 1107 1034 Bonaventure
1124 1003 1239 1033 Alber-

227 1059 307 1096 tini,
331 1058 527 1096 Asbergein,
555 1058 650 1087 Bindi
678 1057 811 1095 Ugolini
834 1057 873 1087 de
896 1056 1070 1094 Suvicille,
1094 1056 1240 1086 Aczolini

226 1112 464 1148 Bartholomei,
483 1112 589 1141 Tliure
607 1111 766 1146 Unanimi,
789 1111 916 1141 Viviani
933 1111 1063 1147 Jacobi,
1084 1111 1164 1140 Mini
1182 1111 1238 1140 Ja-

227 1166 308 1201 cobi,
327 1165 412 1195 Pieri
429 1165 574 1203 Uggerii,
596 1165 778 1202 Beringerii
795 1164 901 1201 Nelli,
919 1165 1143 1194 Bonaventure
1160 1164 1239 1194 Neri

225 1220 360 1254 ι10111015,
378 1219 503 1258 G[o...]‚
518 1219 604 1248 Enee
618 1218 835 1248 Bai-tholomei
852 1218 1024 1257 Maynecti,
1042 1217 1168 1255 Ugonis
1183 1217 1239 1247 Ju-

226 1273 320 1310 dicis‚
338 1273 426 1302 Gerii
443 1272 583 1312 Mont[...
600 1271 812 1310 J0]11annini,
834 1271 977 1310 Philippi
999 1269 1237 1308 Bartholomei‚

225 1325 396 1364 Arengerii
416 1324 611 1354 Bernardini
630 1324 762 1361 PrioriS,
777 1323 870 1364 A[...]
886 1323 1094 1362 Scarcialnpi,
1109 1323 1239 1353 Viviani

224 1380 360 1417 ι111111015,
375 1379 625 1417 JacobiSigerii,
645 1379 753 1408 Gratie
762 1377 1001 1418 Judicis,A[...]
1016 1377 1127 1408 Jacobi
1138 1377 1240 1415 Ugui-

226 1434 342 1470 tionis,
362 1433 482 1462 civium
506 1432 701 1462 Senensium
715 1456 722 1469 ,
745 1432 839 1462 nobis
860 1431 1030 1461 humiliter
1049 1430 1241 1470 supplicavit

226 1492 278 1522 ut,
299 1496 372 1517 cum
396 1486 475 1525 ipse,
498 1486 619 1515 habens
642 1486 681 1515 ab
707 1486 752 1515 eis
779 1485 829 1524 [ad
848 1485 908 1515 hoc
924 1482 1124 1522 mandatnm]
1150 1483 1239 1513 suffi-

225 1542 325 1577 ciens,
338 1540 556 1580 procuratorio
570 1539 704 1570 nomine
717 1539 934 1578 predictorum
951 1548 1045 1577 super
1058 1546 1240 1568 excommu-

226 1594 390 1624 nicatione
410 1603 465 1623 seu
487 1592 875 1623 excommunicationibus
892 1601 947 1631 per
963 1595 993 1621 te
1012 1591 1046 1620 in
1061 1599 1115 1621 eos
1132 1595 1240 1620 aucto-

225 1648 318 1677 ritate
348 1646 518 1686 apostolica
551 1645 760 1685 promulgatis
776 1670 782 1683 ,
815 1654 894 1684 quas
930 1644 1031 1674 iidem
1064 1644 1242 1674 incurrisse

225 1707 403 1732 noscuntur
420 1709 476 1739 pro
495 1709 531 1730 eo
551 1700 655 1739 quod,
675 1704 785 1730 contra
806 1699 995 1729 mandatum
1017 1703 1163 1729 nostrum
1185 1707 1241 1737 per

229 1755 383 1795 speciales
406 1754 527 1784 litteras
553 1754 658 1783 eidem
681 1753 843 1792 potestati,
865 1751 1000 1783 consilio
1023 1756 1053 1782 et
1073 1751 1241 1782 communi

228 1809 373 1849 ejusdem
386 1807 525 1838 civitatis
539 1807 708 1842 directum,
723 1814 848 1836 necnon
861 1809 892 1836 et
904 1810 1013 1836 contra
1026 1805 1241 1835 monitionem

229 1867 317 1893 tuam
341 1862 527 1891 auctoritate
552 1860 723 1899 apostolica
747 1860 793 1889 eis
819 1860 935 1889 factam
959 1859 999 1889 ad
1025 1859 1240 1888 turbationem

228 1920 329 1946 status
351 1916 465 1945 Tuscie
486 1918 684 1952 satagentes,
705 1917 816 1943 contra
837 1913 999 1943 civitatem
1019 1914 1189 1942 Aretinam
1211 1916 1241 1942 et

226 1969 379 2000 Aretinos
411 1968 568 1999 hostiliter
604 1967 774 2006 procedere
802 1970 1087 2005 presumpserunt,
1118 1965 1240 2004 precise

227 2028 310 2054 stare
329 2023 487 2062 juraverit
512 2021 630 2052 nostris
656 2025 686 2051 et
714 2029 846 2051 romane
874 2019 1006 2050 ecclesie
1031 2019 1240 2058 beneplacitis

227 2080 258 2107 et
277 2075 456 2113 mandatis,
480 2075 670 2114 promittens
695 2083 789 2113 super
814 2073 878 2103 hiis
899 2073 983 2112 apud
1004 2072 1104 2103 Senas
1127 2081 1240 2102 cavere

227 2130 364 2169 ydonee,
379 2129 461 2159 sicut
476 2129 523 2158 eis
539 2137 593 2167 per
607 2136 664 2158 nos
681 2126 729 2157 vel
743 2126 845 2156 alium
861 2126 1049 2156 duxerimus
1066 2126 1240 2165 injungen-

226 2183 324 2220 dum,
350 2186 443 2222 prout
467 2182 500 2211 iu
530 2182 746 2211 instrumento
772 2180 900 2219 publico
924 2179 1001 2210 inde
1021 2179 1163 2210 confecto
1184 2188 1240 2218 per

227 2246 361 2266 manum
379 2235 526 2274 magistri
543 2234 636 2264 Pauli
653 2234 691 2264 de
710 2235 824 2269 Reate,
843 2242 969 2263 camere
985 2237 1092 2263 nostre
1107 2233 1237 2270 notarii,

227 2289 354 2329 plenius
371 2289 489 2318 dicitur
502 2288 674 2325 contineri,
693 2296 745 2317 eos
760 2297 777 2317 a
792 2287 922 2326 prefatis
937 2286 1240 2317 excommunicatio-

226 2342 505 2386 nibushabsolvere
529 2342 566 2371 de
590 2341 790 2379 benignitate
811 2340 903 2371 solita
925 2340 1147 2379 dignaremuin
1172 2340 1239 2370 Nos

224 2397 335 2435 igitur,
355 2397 409 2434 qui
430 2404 538 2434 pacem
555 2394 700 2424 fidelium
719 2394 867 2433 cupimus
883 2399 913 2424 et
929 2393 1076 2430 salutem,
1096 2393 1238 2424 volentes

225 2449 477 2480 misericorditer
501 2457 594 2487 agere
622 2457 695 2478 cum
724 2448 863 2485 eisdem,
890 2448 1080 2477 fraternitati
1108 2451 1158 2477 tue
1182 2456 1238 2486 per

226 2503 396 2543 apostolica
410 2503 525 2541 scripta
541 2503 733 2531 mandamus
750 2501 916 2541 quatinus,
934 2506 1057 2540 recepta
1072 2501 1160 2540 prius
1179 2509 1237 2531 no-

224 2557 314 2587 mine
328 2561 434 2586 nostro
450 2560 480 2585 et
495 2563 627 2585 romane
645 2555 775 2585 ecclesie
791 2555 830 2585 ab
848 2555 958 2586 eodem
974 2554 1142 2585 communi
1160 2555 1237 2594 ydo-

225 2619 286 2641 nea
299 2609 447 2640 cautione
459 2608 542 2648 quod
558 2617 652 2648 snper
667 2608 832 2647 premissis
848 2607 1236 2638 excommunicationibus

224 2664 384 2695 mandatis
401 2663 518 2693 nostris
533 2666 563 2692 et
579 2662 680 2702 ipsius
699 2662 830 2692 ecclesie
846 2662 1005 2702 parebunt
1019 2661 1188 2692 humiliter
1207 2665 1237 2692 et

224 2719 353 2755 devote,
372 2721 436 2747 tam
457 2720 667 2746 memoratum
692 2719 878 2755 potestatem
897 2719 926 2746 et
944 2715 1024 2746 alios
1040 2715 1235 2754 supradictos

223 2781 321 2812 quam
340 2771 435 2801 etiam
453 2770 534 2800 alios
558 2769 706 2799 homines
730 2769 882 2799 Senensis
899 2769 1036 2800 civitatis
1052 2773 1082 2799 et
1097 2768 1235 2799 diocesis

221 2826 278 2866 qui
300 2835 337 2855 ex
363 2823 514 2864 predictis
537 2823 643 2853 causis
666 2822 793 2852 easdem
819 2822 1168 2853 excommunicationes
1187 2823 1234 2852 in-

221 2879 361 2910 currisse
377 2880 571 2914 noscuntur,
588 2885 662 2906 cum
680 2876 719 2906 ab
735 2876 780 2906 eis
796 2876 894 2906 fueris
912 2876 1099 2915 requisitus,
1116 2876 1155 2906 ab
1171 2876 1234 2906 hu-

217 2931 363 2972 jusmodi
386 2930 774 2961 excommunicationibus
795 2931 982 2961 auctoritate
1003 2934 1111 2960 nostra
1130 2929 1235 2960 absol-

221 2995 276 3016 vas
310 2986 400 3025 juxta
438 2984 574 3015 formam
612 2983 744 3014 ecclesie
775 2988 977 3021 consuetam,
1011 2983 1159 3023 injuncta
1188 2983 1234 3014 eis

1321 367 1499 407 penitentia
1517 368 1660 404 salutari,
1678 372 1708 398 et
1724 368 1809 408 ipsos
1826 368 1998 398 denunties
2013 367 2173 399 absolutos
2184 392 2191 405 ,
2209 369 2329 402 faciens

1321 421 1359 451 de
1373 420 1572 451 exhibitione
1583 421 1739 452 cautionis
1750 421 1891 460 predicte
1904 421 2017 451 confici
2032 421 2196 460 publicum
2209 422 2328 454 instru-

1321 478 1467 504 mentum
1495 473 1579 513 quod
1604 483 1668 504 una
1693 483 1766 505 cum
1793 474 1854 504 tuis
1879 473 1994 504 litteris
2021 474 2137 504 harum
2160 475 2274 505 seriem
2297 479 2328 507 et

1321 526 1473 566 quicquid
1489 527 1566 558 inde
1581 527 1693 557 feceris
1709 527 1949 558 continentibus
1963 527 2021 557 sub
2038 531 2091 557 tuo
2106 526 2213 565 sigillo
2227 527 2267 558 ad
2281 536 2328 558 ca-

1321 589 1443 611 meram
1463 585 1604 611 nostram
1621 581 1747 611 studeas
1764 589 1818 620 per
1836 580 1964 610 fidelem
1987 580 2139 610 nuntium
2156 579 2328 612 destinare.

1324 634 1394 664 Dat.
1412 634 1521 671 Reate,
1539 644 1595 664 vni
1612 635 1684 665 idus
1699 635 1840 674 augusti,
1855 643 1942 665 anno
1958 634 2072 673 primo.
2091 646 2105 661 n

1727 681 1732 692 .

1394 794 1513 823 ’2105

1358 856 1543 893 Dispensatio
1560 857 1744 884 matrimonii.
1765 856 1836 892 (Fol.
1853 857 1884 884 21
1904 857 1956 890 vo.)

1963 793 2049 826 Rieti,
2067 794 2081 821 8
2097 793 2165 820 aodt
2182 792 2260 821 1288.

1366 951 1519 982 Venerabili
1530 953 1614 990 fratri
1633 977 1652 982 ..
1665 952 1786 992 episcopo
1797 951 2002 981 pensauriensi.
2016 951 2052 982 Ei
2067 951 2198 981 mandat
2208 954 2245 981 ut
2258 959 2331 983 eum

1323 1006 1539 1043 Malatestino‚
1556 1010 1668 1045 nepote
1684 1005 1869 1036 Malatestae
1885 1005 1923 1035 de
1943 1004 2129 1041 Verruculo,
2147 1008 2179 1035 et
2194 1005 2329 1046 Agnete,

1322 1063 1397 1090 nata
1414 1059 1551 1090 Conradi
1566 1081 1573 1096 ‚
1591 1059 1718 1090 comitis
1741 1058 1988 1097 Mondsferetri,
2012 1057 2177 1098 dispenset
2194 1061 2247 1096 ut,
2265 1065 2332 1090 non

1321 1113 1466 1144 obstante
1477 1117 1589 1152 quarto
1598 1112 1888 1151 consanguinitatis
1900 1111 2013 1150 gradu.
2025 1110 2066 1141 ad
2077 1110 2236 1141 firmanda
2245 1109 2332 1150 pacis
2355 1111 2357 1117 ¹

1322 1167 1466 1204 foedera,
1483 1167 1727 1197 matrimonium
1743 1165 1931 1196 contrahere
1947 1164 2079 1203 possint.

1364 1233 1377 1247 a
1399 1220 1548 1250 Exhibita
1566 1220 1658 1250 nobis
1678 1218 1825 1250 dilecti...
1849 1235 1888 1240 —
1910 1218 1979 1248 Dat.
2004 1217 2118 1254 Reate,
2137 1226 2169 1247 VI
2188 1216 2261 1247 idus
2274 1225 2332 1248 au-

1321 1274 1420 1313 gusti,
1435 1282 1522 1304 anno
1537 1274 1651 1312 primo.
1674 1285 1687 1300 ⁷>

1394 1434 1510 1463 'aloe
1950 1431 2038 1464 Rieu,
2056 1430 2088 1458 ‘23
2100 1430 2164 1467 juin
2181 1428 2260 1457 1288.

1358 1496 1477 1524 Collatio
1494 1497 1636 1524 beneficii.
1652 1495 1725 1530 (Fol.
1743 1496 1777 1523 22
1793 1497 1841 1529 ro.)

1364 1592 1484 1633 [Dilecto
1498 1593 1556 1632 filio
1572 1592 1633 1631 [...]
1650 1592 1839 1621 archidiacono
1858 1590 2026 1621 Darochensi
2041 1590 2071 1619 in
2086 1589 2199 1619 ecclesia
2217 1588 2334 1619 Cesara-
2351 1579 2370 1631 f·

1321 1651 1448 1686 gustana.
1467 1660 1480 1673 κ
1503 1646 1625 1677 ...Cum
1644 1647 1751 1685 itaque
1767 1645 2047 1676 archidiaconatus
2064 1642 2281 1674 Darochensis
2297 1642 2332 1673 in
2368 1643 2370 1646 ’

1323 1700 1457 1731 ecclesia
1472 1699 1756 1739 Cesara[gnstana‚
1781 1698 1883 1738 quns]
1906 1698 2014 1728 existis
2034 1697 2224 1734 canonicus,
2243 1704 2280 1726 ex
2297 1703 2334 1727 οο

1324 1763 1435 1784 vacare
1459 1758 1609 1784 noscatur
1626 1753 1665 1783 ad
1683 1762 1814 1792 presens
1837 1752 1921 1791 quod
1948 1751 2122 1782 Fortunius
2137 1750 2177 1781 de
2195 1749 2332 1788 Bergua,
2371 1778 2373 1790 ς

1324 1807 1404 1848 [qui]
1421 1807 1499 1838 olim
1523 1807 1819 1836 archidiaconatum
1836 1805 1941 1844 ipsum
1964 1805 1998 1834 in
2018 1803 2151 1834 ecclesia
2165 1803 2234 1842 ipsa
2249 1801 2331 1833 ohti-
2349 1824 2355 1828 „

1324 1861 1406 1899 nuit,
1420 1861 1548 1899 negotio
1560 1860 1727 1891 electionis
1741 1860 1779 1890 de
1792 1859 1862 1898 ipso
1875 1859 1907 1888 in
1923 1858 2107 1898 episcopum
2122 1857 2225 1897 ipsius
2238 1855 2333 1887 eccle-
2347 1857 2351 1863 '

1324 1915 1370 1945 sie
1387 1915 1421 1944 in
1438 1914 1596 1945 discordia
1612 1913 1768 1944 celebrate
1784 1913 1824 1942 ad
1840 1912 1947 1942 sedem
1966 1911 2173 1951 apostolicam
2188 1909 2334 1949 legitime

1323 1966 1471 1998 devoluto
1488 1972 1517 1997 et
1531 1967 1650 1997 ibidem
1667 1966 1826 2006 pendente
1844 1974 1880 1995 ac
1895 1965 2032 1995 minime
2051 1964 2231 2000 terminato,
2251 1972 2284 1994 se
2297 1963 2333 1994 in
2352 1955 2355 1957 ⁵

1324 2021 1507 2060 episcopum
1524 2020 1816 2059 Cesaragustanum
1833 2018 2014 2050 consecrari
2029 2022 2060 2048 et
2074 2017 2197 2048 intrudi
2215 2021 2332 2048 temere

1322 2075 1516 2115 procuravit,
1534 2083 1570 2104 ac
1583 2073 1857 2105 administrationi
1873 2073 2071 2112 episcopatus
2086 2069 2332 2110 Cesaragustani

1322 2137 1403 2158 ausu
1424 2127 1548 2158 nefario
1567 2136 1599 2157 se
1614 2127 1783 2165 ingerens,
1801 2125 2100 2156 archidiaconatum
2115 2123 2238 2155 dimisit
2251 2131 2332 2154 eun-

1322 2182 1413 2219 dem,
1435 2181 1602 2220 dictusque
1622 2180 1919 2217 archidiaconatus,
1941 2182 1973 2209 ut
1989 2178 2153 2216 asseritur,
2172 2177 2256 2208 nulli
2273 2177 2332 2208 de-

1322 2236 1433 2266 beatur
1449 2235 1487 2265 de
1507 2235 1596 2274 jure,
1615 2244 1672 2264 nec
1689 2235 1730 2264 sit
1744 2233 1824 2264 alius
1843 2237 1947 2272 preter
1970 2240 2027 2262 nos
2052 2231 2110 2272 qui
2133 2230 2228 2261 illum
2254 2239 2330 2262 con·
2375 2254 2378 2257 1

1321 2290 1405 2320 serre
1422 2289 1533 2328 possit,
1550 2297 1624 2318 cum
1641 2287 1775 2318 eeclesia
1790 2286 2044 2324 Cesaragustana
2059 2288 2208 2315 noscatur
2226 2292 2332 2315 carere

1321 2347 1457 2383 pastore,
1473 2342 1513 2372 ad
1528 2342 1620 2381 cujus
1636 2341 1838 2372 collationem
1856 2340 1942 2370 idem
1958 2338 2239 2369 archidiaconatus
2255 2344 2328 2368 nos-

1321 2396 1405 2427 citur
1421 2396 1593 2435 pertinere.
1615 2395 1693 2432 Nos,
1711 2394 1854 2425 volentes
1873 2393 1928 2423 tibi
1944 2393 2080 2431 gratiam
2094 2392 2197 2422 facere
2209 2391 2329 2431 specia-

1320 2449 1398 2488 lem,
1411 2449 1709 2479 archidiaconatum
1722 2447 1827 2487 ipsum
1841 2446 1888 2477 sic
1904 2450 2079 2483 vacantem,
2094 2453 2168 2476 cum
2180 2444 2332 2475 omnibus

1317 2503 1443 2542 iuribus
1471 2507 1501 2533 et
1523 2501 1727 2542 pertinentiis
1753 2501 1835 2538 suis,
1863 2499 2036 2539 apostolica
2061 2498 2118 2529 tibi
2144 2498 2329 2529 auctoritate

1320 2557 1515 2589 conferimus
1537 2559 1566 2586 et
1589 2555 1794 2595 providemus
1815 2553 1853 2584 de
1874 2553 1930 2584 illo
1946 2561 1982 2583 ac
1999 2556 2028 2583 te
2045 2552 2083 2582 de
2097 2552 2166 2591 ipso
2183 2560 2240 2591 per
2254 2558 2328 2581 nos-

1320 2616 1405 2642 trum
1427 2610 1563 2641 anulum
1591 2608 1827 2649 presentialiter
1851 2607 2083 2638 investimus...
2111 2605 2183 2635 Dat.
2210 2605 2327 2643 Reate,

1318 2675 1385 2696 vnn
1405 2664 1560 2695 kalendas
1572 2662 1664 2703 julii,
1679 2661 1884 2702 pontificatus
1901 2659 2003 2692 nostri
2017 2668 2103 2691 anno
2118 2659 2233 2699 primo.
2251 2669 2266 2686 ι)

1388 2823 1502 2853 ’71οἮ
1940 2818 2028 2851 Rieu,
2043 2818 2077 2846 ⁴20
2093 2818 2160 2846 aont
2176 2817 2255 2846 1288.

1354 2886 1535 2914 Florentinos
1551 2885 1585 2912 ab
1602 2883 1900 2912 excommunicatione
1914 2882 2047 2909 absolvit.
2065 2881 2137 2916 (Fol.
2153 2881 2186 2909 22
2199 2882 2247 2915 ΓΦ.)

1362 2982 1515 3012 Venerabili
1537 2981 1622 3019 fratri
1647 3006 1665 3011 ..
1692 2980 1811 3019 episcopo
1837 2977 2009 3008 Florentino.
2035 2989 2048 3005 α
2075 2976 2219 3007 Dilectus
2237 2974 2325 3006 filius
