2393 3496
875 341 1088 372 REGISTRE
1110 328 1326 369 CAME'RAL.
2097 338 2160 369 955

61 425 152 457 super
167 415 227 445 hoc
243 411 492 442 misericorditer
511 411 731 449 dignaremur.
748 410 814 440 Nos
830 409 943 447 igitur,
958 411 1062 437 atten-

61 473 168 504 dentes
186 467 285 508 quod‚
303 466 386 496 sicut
400 475 482 496 onus
503 466 588 495 inter
605 466 712 505 plures
734 465 862 495 divisim
880 464 996 499 levius,
1019 462 1065 491 sic

61 526 142 558 inter
164 529 277 561 paucos
302 518 463 549 difficilius
484 518 711 558 suppo[rtatur‚
729 517 914 548 discretioni
937 520 991 545 tue
1012 524 1066 554 per

62 571 240 617 apostolica]
257 573 372 610 scripta
390 571 582 600 mandamus
598 571 762 609 quatinus,
781 571 807 599 si
826 574 872 599 est
888 571 942 604 ita,
961 567 1066 597 Deum

62 629 181 661 habens
200 634 253 665 pre
268 624 380 661 oculis,
397 623 524 653 eosdem
540 623 691 653 homines
709 623 757 661 [in
775 622 961 662 hujusmodi
978 620 1065 650 solu-

61 683 146 715 tione
161 678 303 720 pre]dicti
322 677 431 707 salarii
455 685 520 706 non
545 685 699 714 aggraves
715 676 765 706 vel
788 675 974 705 molestes..
993 673 1062 703 Dat.

63 735 171 772 Reate,
187 741 255 762 vnn
271 731 424 761 kalendas
437 730 526 769 julii.
544 742 560 757 »

133 911 245 943 *ao-27

96 975 139 1003 De
167 974 287 1010 pedagio
316 974 345 1000 in
370 973 459 1000 certis
481 972 554 999 locis
581 971 667 998 castri
693 970 842 997 Monticuli
872 970 1067 1005 percipiendo.

63 1023 133 1061 (Fet.
149 1024 180 1051 ¹7
196 1024 249 1056 vo.)

684 908 770 939 Rieti,
788 908 821 934 ⁶2?
835 908 900 942 juin
920 907 996 934 1288.

63 1117 65 1133 ³
101 1125 203 1157 Dilecto
231 1124 290 1164 filio
323 1147 342 1154 ..
373 1124 472 1153 rectom'
502 1123 625 1153 Morchie
650 1122 845 1152 Anchonitone.
872 1133 886 1148 (ι
915 1121 1069 1159 Exposuit

62 1179 153 1210 nobis
166 1178 301 1207 dilectus
321 1177 407 1207 filius
426 1176 545 1207 nobilis
562 1176 615 1205 vir
632 1175 827 1211 Guillelmus
842 1174 1012 1204 Verleonis
1031 1174 1068 1203 de

64 1236 162 1264 oestro
178 1230 346 1261 Monticuli
366 1230 470 1269 quod,
489 1229 565 1259 licet
588 1229 656 1267 ipse
679 1233 709 1258 et
728 1233 944 1257 antecessores
964 1227 1015 1256 sui
1033 1235 1069 1256 ac

64 1289 221 1317 consortes
236 1293 347 1314 eorum
362 1307 368 1318 ‚
386 1292 404 1312 a
421 1288 562 1321 tempore
581 1283 673 1321 cujus
696 1281 849 1311 memoria
866 1289 930 1310 non
949 1280 1066 1316 existit,

62 1338 182 1371 fuerint
195 1337 227 1366 in
245 1336 446 1375 possessione
466 1335 595 1374 pacifica
614 1339 644 1365 et
659 1335 765 1374 quieta
782 1334 978 1372 percipiendi
997 1342 1068 1363 con-

65 1394 187 1422 suetum
204 1390 376 1429 pedagium
392 1390 425 1418 in
443 1394 537 1427 ponte
553 1389 673 1418 Montis
689 1388 804 1417 Franci
821 1393 851 1417 et
866 1388 917 1416 via
933 1395 995 1425 que
1012 1395 1068 1416 va-

20 1470 24 1474 .
65 1443 111 1474 dit
128 1452 236 1474 versus
258 1443 411 1473 Sanctum
434 1442 626 1472 Severinum
652 1446 683 1470 et
702 1441 773 1470 aliis
793 1441 887 1470 certis
907 1439 984 1469 locis
1002 1439 1070 1469 dis-

65 1497 174 1528 trictus
205 1496 339 1536 predicti
371 1497 465 1526 castri
499 1494 687 1531 Monticuli,
722 1498 828 1523 tamen
860 1516 879 1522 ..
913 1498 1067 1531 potestas,

66 1549 232 1582 eonsilium
245 1554 457 1579 etcommnne
470 1548 572 1587 ipsius
588 1548 694 1584 castri,
711 1547 790 1576 moti
803 1546 944 1576 indebite
960 1550 1071 1576 contra

63 1603 163 1644 ipsos,
179 1603 297 1641 absque
318 1612 413 1633 causa
433 1601 638 1638 rationabili,
662 1601 801 1631 viatores
824 1609 879 1639 per
901 1601 984 1629 dicta
1001 1599 1070 1629 loca

65 1659 262 1687 transeuntes
280 1665 353 1686 cum
370 1656 436 1685 suis
454 1654 677 1685 mercimoniis
700 1653 920 1692 multipliciter
936 1653 1069 1691 inquie-

65 1711 132 1740 tant
145 1709 319 1748 quominus
341 1718 396 1748 per
417 1708 486 1738 loca
509 1708 650 1747 predicta
673 1716 746 1737 cum
764 1708 830 1736 suis
850 1706 1070 1736 mercimoniis

65 1761 162 1793 libere
187 1762 320 1791 transire
344 1761 470 1791 valeant
496 1770 532 1791 ac
559 1761 663 1790 eidem
686 1759 789 1790 nobili
816 1764 846 1789 et
869 1760 1071 1790 consortibus

67 1815 136 1855 ejus
151 1815 316 1854 pedagium
331 1814 453 1845 solvere
469 1814 699 1853 supradictum,
716 1819 912 1853 quamquam
929 1813 965 1842 in
984 1822 1072 1852 repa-

66 1868 186 1899 ratione
198 1869 273 1898 dicti
290 1869 394 1907 pontis
409 1869 557 1908 quotiens
568 1872 763 1907 oportunum
775 1867 881 1897 existit
896 1867 995 1896 iidem
1013 1875 1070 1896 no-

12 1920 13 1925 ’
66 1920 140 1952 bilis
160 1926 190 1951 et
211 1927 372 1952 consortes
395 1931 459 1951 non
478 1922 605 1951 modica
620 1921 822 1950 substineant
836 1929 934 1950 onera
955 1929 1072 1959 expen-

66 1983 182 2004 sarum.
205 1975 300 2005 Unde
325 1974 493 2004 humiliter
517 1973 740 2012 supplicabant
763 1977 796 2002 ut
821 1973 867 2002 eis
891 1981 986 2011 super
1011 1973 1072 2003 hoc

64 2028 230 2068 providere
245 2032 377 2067 paterna
394 2028 561 2066 diligentia
582 2036 780 2056 curaremus.
804 2026 887 2056 Cum
911 2026 1018 2065 itaque
1034 2035 1071 2056 ex

65 2079 209 2121 injuncto
229 2082 320 2111 nobis
341 2081 534 2120 apostolatus
559 2081 663 2111 officio
682 2079 820 2118 singulis
839 2080 1014 2109 existamus
1037 2080 1070 2109 in

66 2134 234 2165 exibitione
246 2135 369 2174 justitie
391 2135 550 2165 debitores
564 2157 571 2169 ,
589 2133 778 2163 discretioni
799 2137 851 2162 tue
872 2142 928 2171 per
946 2137 1070 2171 aposto-

65 2186 126 2218 lica
148 2187 263 2226 scripta
288 2187 480 2217 mandamus
507 2188 678 2225 quatinus,
705 2187 731 2216 si
760 2186 915 2225 premissa
940 2186 1071 2215 veritate

65 2241 226 2278 nituntur,
255 2241 383 2271 eosdem
409 2240 583 2271 consilium
607 2244 638 2269 et
665 2248 836 2270 commune
861 2243 895 2268 ut
921 2239 996 2277 (ms.
1022 2239 1071 2277 et)

65 2293 197 2333 prefatos
213 2294 356 2324 nobilem
371 2298 402 2324 et
417 2299 580 2324 consortes
596 2302 630 2322 su
638 2302 690 2332 per
702 2293 786 2322 dicto
801 2292 934 2331 pedagio
949 2292 1072 2331 aliqua-

66 2349 156 2376 tenus
182 2355 244 2376 non
272 2347 456 2383 molestent,
482 2347 537 2376 sed
552 2346 675 2384 potius,
699 2350 791 2384 prout
811 2350 1001 2375 consuetum
1023 2349 1071 2375 est

65 2397 228 2438 hactenus,
248 2409 299 2430 eos
317 2401 503 2439 permittant
523 2400 624 2438 ipsius
648 2399 775 2438 pedagii
792 2399 923 2437 pacifica
946 2407 1070 2436 posses-

67 2452 153 2483 sione
171 2454 321 2491 gaudere,
349 2454 549 2483 districtione
577 2462 640 2492 qua
662 2453 811 2482 convenit
836 2456 987 2490 potestate
1013 2451 1070 2481 tibi

66 2505 194 2544 tradita,
225 2511 316 2545 prout
346 2506 466 2536 videris
495 2506 664 2544 expedire,
693 2505 905 2544 appellatione
931 2509 1069 2543 remota,

67 2550 270 2598 compellas...
300 2560 371 2588 Dat.
391 2559 501 2596 Reate,
518 2568 538 2588 x
555 2559 709 2589 kalendas
722 2559 811 2598 julii.
830 2571 844 2586 n

137 2735 385 2766 ‘'ovs-'2081
691 2736 778 2772 Rieti,
798 2737 830 2763 22
841 2737 907 2772 Juin
923 2736 1002 2764 1288.

100 2796 205 2826 Contra
221 2800 340 2826 rebelles
354 2799 436 2834 regni
451 2799 575 2827 Siciliae.
589 2799 660 2834 (Fol.
679 2800 712 2827 17
729 2803 780 2831 vo.)

105 2898 210 2929 Dilecto
241 2900 300 2939 filio
333 2900 358 2930 F
363 2924 382 2935 .,
419 2900 502 2930 electo
542 2900 680 2940 Yporiensi
692 2926 698 2938 ,
720 2901 858 2931 'Marchie
889 2901 1076 2931 Anchonitone

67 2953 176 2982 rectori.
195 2965 208 2980 α
227 2953 337 2991 Nuper
351 2953 390 2983 ad
406 2962 550 2983 nostrum
568 2954 714 2992 pervenit
729 2955 875 2984 auditum
891 2954 975 2993 quod
996 2963 1075 2984 non-

67 3006 149 3036 nulli
166 3005 298 3036 rebelles
320 3006 405 3037 clare
429 3007 586 3038 memorie
603 3006 653 3044 C.‚
673 3009 758 3046 regis
775 3007 901 3045 Sicilie,
924 3016 961 3038 ac
981 3007 1074 3038 here-

1147 404 1226 435 dum
1249 414 1380 435 suorum
1404 414 1436 435 se
1462 404 1502 435 ad
1529 404 1757 434 Anchonitane
1785 403 1930 433 Marchie
1956 404 2156 442 provinciam

1147 458 1370 494 contulerunt,
1396 467 1518 488 moram
1541 458 1624 487 inibi
1643 456 1874 488 contrahendo.
1895 456 1977 486 Cum
1998 457 2098 494 igitur
2116 457 2157 486 ad

1148 516 1265 541 statum
1291 511 1448 541 dictorum
1474 511 1628 540 heredum
1656 514 1686 540 et
1709 510 1801 548 regni
1824 509 1993 548 pacificum
2015 513 2045 539 et
2068 514 2157 539 tran-

1149 564 1286 604 quillum
1304 564 1438 594 sollicite
1457 564 1681 600 intendamus,
1703 567 1733 593 et
1751 568 1915 602 propterea
1932 562 2070 592 nolimus
2086 571 2158 592 om-

1150 618 1228 647 nino
1249 617 1334 656 quod
1358 617 1436 647 tales
1458 617 1493 646 in
1517 616 1626 646 eadem
1648 615 1816 655 provincia
1840 620 2090 651 commorentur,
2116 624 2158 645 ne

1149 671 1228 710 quid
1253 671 1331 700 mali
1352 680 1407 709 per
1432 679 1487 700 sue
1510 670 1722 708 malignitatis
1743 669 1893 699 astutiam
1914 673 2022 698 contra
2040 673 2157 698 statum

1151 724 1327 763 predictum
1359 723 1588 753 machinentur
1619 723 1740 753 ibidem
1753 746 1761 759 ‚
1795 722 1983 752 discretioni
2018 726 2070 752 tue
2102 731 2161 761 per

1150 776 1319 815 apostolica
1334 777 1450 815 scripta
1469 776 1611 805 districte
1626 776 1831 814 precipiendo
1847 775 2039 805 mandamus
2056 775 2161 814 quati-

1151 839 1223 866 nus,
1241 830 1289 866 si,
1308 838 1403 867 super
1420 829 1480 859 hoc
1496 828 1632 858 sollicite
1647 828 1820 867 inquisito,
1838 828 1962 867 aliquos
1981 827 2114 858 rebelles
2129 832 2160 858 et

1149 882 1297 912 infideles
1317 882 1502 920 hujusmodi
1525 881 1693 919 contigerit
1712 881 1747 910 in
1769 881 1907 920 predicta
1925 882 2088 920 provincia
2103 882 2156 911 in-

1151 936 1267 972 veniri,
1281 944 1484 974 nequaquam
1498 935 1659 973 permittas
1671 934 1754 973 quod
1765 935 1824 973 ipsi
1835 943 1956 964 moram
1970 935 2160 965 contrahant

1150 990 1185 1019 in
1201 989 1332 1024 eadem,
1351 988 1413 1018 nisi
1436 988 1630 1017 sufficienter
1650 991 1799 1017 caveatur
1820 996 1874 1025 per
1896 987 2111 1026 fidejussorias
2130 992 2161 1017 et

1151 1042 1230 1072 alias
1241 1042 1383 1081 ydoneas
1392 1042 1555 1071 cautiones
1564 1040 1648 1079 quod
1661 1040 1784 1070 nullam
1797 1040 2009 1070 turbationem
2022 1039 2162 1070 nullam-

1151 1105 1213 1135 que
1235 1096 1409 1124 novitatem
1432 1098 1486 1124 ant
1505 1093 1691 1124 scandalum
1711 1098 1820 1123 contra
1838 1097 1955 1122 statum
1974 1093 2161 1122 eorumdem

1151 1148 1307 1178 heredum
1326 1153 1356 1178 et
1370 1147 1463 1185 regni
1479 1156 1535 1186 per
1553 1156 1586 1176 se
1602 1146 1652 1176 vel
1672 1146 1773 1176 alium
1792 1155 1847 1175 sen
1867 1145 1946 1175 alios
1962 1145 2161 1175 suscitabunt

1152 1202 1202 1232 vel
1218 1202 1335 1231 facient
1354 1200 1479 1239 publice
1502 1199 1550 1229 vel
1570 1199 1702 1230 occulte.
1722 1200 1770 1229 Ac
1790 1198 2026 1228 nichilominus
2041 1203 2161 1228 attente

1152 1256 1319 1295 provideas
1337 1263 1377 1284 ne
1397 1254 1463 1283 illis
1481 1254 1520 1283 ab
1537 1253 1637 1292 ipsius
1653 1253 1816 1291 provincie
1833 1252 1948 1281 incolis
1964 1256 2073 1281 contra
2089 1260 2162 1290 pre-

1152 1309 1252 1339 dictos
1269 1307 1402 1338 heredes
1418 1311 1448 1337 et
1462 1316 1621 1344 rengnum
1638 1305 1770 1344 aliquod
1783 1305 1988 1344 impendatur
2001 1304 2162 1335 auxilium

1152 1363 1202 1392 vel
1220 1363 1379 1398 favorem,
1399 1361 1443 1390 sic
1462 1369 1556 1399 super
1572 1360 1631 1389 hoc
1648 1359 1819 1396 diligenter
1836 1363 1865 1388 et
1883 1357 2018 1388 sollicite
2037 1367 2162 1396 proces-

1153 1426 1247 1447 surus
1261 1421 1305 1451 ut,
1320 1414 1508 1454 hujusmodi
1520 1414 1669 1443 mandato
1683 1417 1789 1442 nostro
1803 1411 1949 1441 celeriter
1959 1411 1998 1441 ad
2014 1412 2162 1441 effectum

1154 1470 1323 1510 perducto,
1350 1473 1402 1498 tue
1422 1467 1589 1506 vigilantie
1609 1465 1753 1496 studium
1771 1465 1887 1495 exinde
1912 1473 1978 1495 non
2000 1465 2163 1494 immerito

1153 1522 1428 1554 commendemus.
1449 1533 1463 1548 n

1193 1577 1232 1606 In
1259 1585 1286 1606 e.
1318 1584 1361 1604 m.
1391 1575 1580 1604 Hermanno
1608 1573 1646 1603 de
1671 1572 1877 1608 Urbeveteri,
1903 1571 2017 1601 rectori
2042 1571 2162 1601 Roma-

1152 1630 1269 1661 niolae.

1192 1684 1232 1713 In
1249 1692 1276 1712 e.
1294 1691 1338 1711 m.
1355 1679 1547 1719 Landulpho
1572 1680 1610 1709 de
1630 1678 1830 1718 Columpna,
1849 1677 1982 1708 ducatus
1999 1676 2163 1716 Spoletani

1153 1737 1279 1767 rectori.

1193 1790 1233 1819 In
1251 1799 1277 1819 e.
1296 1798 1338 1818 m.
1356 1787 1508 1818 Nicolino
1524 1786 1562 1816 de
1575 1785 1722 1822 Camilla,
1734 1784 1850 1815 rectori
1863 1783 2058 1814 Patrimonii
2072 1782 2164 1813 Beati

1155 1844 1242 1874 Petri
1258 1843 1293 1872 in
1306 1842 1432 1872 Tuscia.
1451 1841 1522 1870 Dat.
1543 1840 1653 1876 Reate,
1669 1848 1689 1868 x
1704 1838 1858 1868 kalendas
1872 1837 1962 1876 julii.

1228 2001 1344 2030 ’2082
1721 1996 1822 2031 Reate,
1836 1995 1945 2029 *26juin
1966 1995 2031 2022 1288
2050 1995 2091 2027 (i).

1190 2063 1234 2091 De
1244 2062 1448 2098 tranquillitate
1458 2061 1488 2087 in
1499 2061 1613 2087 civitate
1624 2059 1768 2086 Esculana
1779 2057 1967 2084 restituenda.
1981 2056 2052 2091 (Fol.
2065 2057 2097 2083 17
2108 2057 2162 2089 νο.)

1193 2159 1298 2189 Dilecto
1328 2158 1386 2197 filio
1415 2156 1557 2186 Lamberlo
1588 2155 1620 2184 de
1652 2153 1861 2192 Ripatransonis
1872 2177 1878 2189 ,
1911 2152 2014 2181 ordinis
2045 2152 2163 2190 fratrum

1153 2213 1298 2243 minorum.
1315 2212 1352 2241 Ei
1368 2210 1499 2251 mandat
1515 2214 1559 2244 ut,
1573 2209 1612 2238 ad
1629 2208 1792 2238 civitatem
1805 2205 1996 2236 Esculanam
2008 2214 2041 2234 se
2057 2212 2163 2243 perso-

1154 2267 1271 2297 naliter
1292 2265 1478 2300 conferens,
1496 2261 1670 2292 nonnullas
1693 2269 1861 2299 personas,
1879 2268 1978 2298 quae,
1996 2263 2064 2297 post
2080 2257 2165 2295 regi-

1154 2328 1229 2350 men
1243 2319 1379 2349 civitatis
1396 2326 1414 2346 a
1428 2316 1578 2355 pontifice
1594 2318 1788 2352 susceptum,
1806 2312 1960 2351 quasdam
1977 2311 2055 2340 alias
2072 2311 2164 2340 bonis

1154 2374 1220 2404 suis
1236 2372 1425 2411 spoliarunt,
1436 2379 1491 2409 per
1502 2377 1671 2399 censuram
1686 2366 1933 2396 ecclesiasticam
1945 2369 2034 2402 cogat
2046 2364 2085 2393 ad
2097 2373 2164 2393 res-

1154 2427 1337 2457 titutionem
1353 2429 1383 2454 et
1398 2424 1527 2463 plenam
1543 2421 1792 2452 satisfactionem
1809 2419 1954 2458 spoliatis
1969 2418 2162 2448 faciendam.

1196 2492 1211 2507 a
1235 2478 1367 2509 Pridem
1391 2477 1477 2506 inter
1501 2474 1712 2506 nonnullos...
1736 2489 1777 2496 —
1801 2473 1873 2503 Dat.
1902 2472 2012 2509 Reate,
2035 2481 2068 2501 VI
2090 2470 2164 2510 julii

1154 2533 1227 2574 (sie).
1249 2544 1264 2560 »

1228 2684 1348 2712 *2083
1720 2678 1822 2712 Reate,
1837 2677 1872 2704 26
1884 2676 1951 2712 juin
1969 2676 2034 2703 1288
2050 2675 2093 2710 (ι’).

1191 2747 1235 2774 De
1252 2746 1352 2773 eodem
1369 2744 1496 2779 negotio.
1512 2742 1583 2778 (Fol.
1603 2742 1633 2769 18
1648 2743 1694 2774 το.)

1196 2842 1312 2873 Dilectis
1343 2840 1410 2879 filiis
1443 2862 1462 2868 ..
1494 2837 1633 2877 potestati,
1661 2835 1771 2866 consilio
1801 2841 1826 2865 et
1854 2833 1987 2864 communi
2010 2831 2163 2862 Esculanis.

1158 2897 1212 2927 Eis
1240 2895 1373 2925 mandat
1400 2897 1435 2923 ut
1466 2892 1634 2922 Lamberto
1664 2890 1702 2920 de
1732 2888 1975 2928 Ripatransonis
2007 2885 2161 2922 consiliis,

1158 2950 1287 2982 auxiliis
1304 2953 1334 2978 et
1349 2946 1511 2977 favoribus
1528 2946 1688 2974 assistant.

1201 3018 1212 3030 ι
1232 3002 1364 3033 Pridem
1382 3000 1467 3030 inter
1482 2997 1695 3029 nonnullos...
1713 3012 1750 3018 —
1766 2996 1838 3025 Dat.
1856 2997 2010 3032 utsupra.
2027 3003 2043 3019 »
