2393 3496
752 356 938 389 LETTRES
961 355 1050 386 NON
1072 346 1405 385 ENREGISTRuEs.
1671 348 1677 354 ·
2058 351 2132 382 1029

41 430 147 460 beatae
162 427 281 457 Mariae
297 426 336 456 de
352 426 460 456 Monte
477 425 618 455 Carmeli
636 426 860 455 Trevirensem
877 429 906 454 et
921 423 1044 462 capitu-

42 481 108 512 lum
123 478 273 509 ecclesiae
289 477 491 507 Trevirensis
509 482 683 508 vertentem
699 477 859 508 decidant.

41 548 48 554 ·
83 546 97 561 «
121 532 183 563 Sua
209 531 299 561 nobis
322 530 466 562 dilecti...
489 547 528 554 -
552 531 621 560 Dat.
648 531 765 567 Rome,
789 531 873 569 apud
894 530 1045 559 Sanctam

45 586 175 618 Mariam
196 584 366 622 Majorem,
387 593 405 613 x
420 583 575 613 kalendas
590 583 716 622 aprilis,
742 592 828 613 anno
851 582 1001 613 secundo.
1029 595 1043 609 a>

44 639 190 679 (Por-ru„
208 637 332 676 22911.)

114 823 232 852 '2480

84 887 299 917 nonasterium
313 885 417 915 Sama·
427 886 522 915 Marci
533 885 566 914 de
577 885 703 914 Mantua
718 884 778 914 sub
792 884 824 914 S.
843 884 931 915 Petri
947 888 977 914 et
992 893 1049 914 sua

46 940 236 981 protectione
249 939 389 978 suscipit.

86 1005 101 1021 α
113 993 255 1031 Dignum
271 997 302 1022 et
317 991 513 1022 honestati...
527 1009 566 1012 —
582 991 653 1021 Dat.
669 991 781 1028 Rome,
798 991 883 1030 apud
899 991 1049 1021 Sanctam

39 1046 178 1078 ,Mariam
199 1046 354 1084 Maj0rem
366 1070 374 1082 ,
394 1055 414 1074 v
432 1044 587 1074 kalendas
605 1044 736 1083 aprilis,
755 1053 840 1074 anno
859 1044 1009 1083 secundo.
1033 1056 1047 1071 n

45 1101 192 1141 (Po-rm,
210 1098 335 1138 22918.)

379 821 739 856 Sainte-Marie-Majeure,
754 822 789 849 28
805 829 882 848 mars
900 821 975 849 1289.

115 1286 228 1315 ’ἵ481

84 1349 260 1379 nonasterii
278 1350 313 1378 in
329 1349 562 1386 Ηαὶερνιιηηοη,
583 1349 789 1378 cisterciensis
803 1349 936 1384 ordinis,
955 1349 1052 1377 Eiste-

48 1403 138 1432 tensis
158 1403 309 1438 dioecesis,
333 1401 506 1438 libertates,
535 1403 756 1432 immunitates
781 1407 812 1431 et
836 1403 1054 1441 exemptiones

18 1470 23 1474 ·
47 1455 224 1486 confirmat.

88 1520 102 1535 ι
124 1507 205 1538 Cum
222 1517 239 1537 a
257 1507 387 1538 nobis...
413 1525 452 1529 —
473 1508 545 1538 Dat.
566 1508 682 1543 Rome,
705 1508 789 1547 apud
811 1508 959 1538 Sanctam
985 1509 1056 1538 Ma-

49 1562 129 1592 riam
157 1562 330 1600 Majorem,
359 1571 380 1590 v
408 1561 561 1592 kalendas
585 1562 712 1600 aprilis,
741 1571 827 1592 anno
854 1562 1004 1592 secundo.
1041 1575 1055 1589 ι)

51 1614 200 1654 (Pon-Te„
218 1614 342 1654 22919.)

378 1285 738 1320 Sainte-Marie-MaJem-e,
755 1286 790 1313 23
806 1294 884 1312 mars
902 1286 979 1313 1289,

121 1802 236 1831 ’2482

91 1866 266 1895 Monasceriz'
283 1867 317 1894 in
337 1866 502 1902 Lanyltez‘m
520 1864 682 1895 libertates
700 1869 730 1894 et
746 1865 969 1894 immunitates
985 1873 1059 1894 con-

51 1919 166 1949 firmat.
193 1919 264 1948 Dat.
282 1928 301 1948 v
317 1918 471 1948 kalendas
487 1918 608 1957 aprilis,
629 1927 714 1948 anno
735 1918 885 1948 secundo.
904 1917 1057 1957 (Perre,

52 1971 175 2011 22929.)

381 1801 599 1829 Sainte-Marie·
606 1802 748 1836 Majeure,
764 1802 805 1830 28
815 1811 891 1828 mars
908 1802 986 1829 1289.

123 2158 239 2187 ’2483

93 2222 233 2259 Ejusdem
251 2222 432 2250 monasterii
443 2220 613 2260 privilegia
623 2221 802 2251 confirmat.
818 2221 888 2250 Dat.
906 2226 1057 2259 utsupra.

57 2275 201 2313 (Po‘ran
220 2274 344 2313 22921.)

383 2157 749 2192 Sainte-Marie-Majeure,
768 2157 800 2185 28
817 2165 893 2184 mars
912 2157 987 2184 1289.

127 2461 243 2490 '2484

99 2547 118 2554 ..
141 2525 273 2562 episcopo
298 2523 467 2552 Castellano
492 2523 713 2561 quaestionem
741 2522 826 2552 inter
852 2522 998 2560 Ugonem
1025 2522 1063 2552 de

58 2576 164 2606 Duino
180 2580 210 2606 et
223 2576 370 2606 abbatem
387 2575 574 2605 monasterii
590 2575 629 2604 de
647 2574 794 2612 Belligna
810 2575 848 2604 de
862 2576 935 2613 Jure
958 2579 1062 2613 patro-

21 2644 25 2648 ·
58 2635 150 2660 natus
162 2630 195 2659 in
209 2629 343 2660 ecclesia
358 2628 468 2659 Sancti
481 2629 500 2658 J
504 2629 642 2659 ohannis
660 2628 699 2658 de
714 2627 812 2658 Carso
828 2628 1063 2658 decernendam

58 2684 237 2713 committit.
254 2683 327 2712 Dat.
344 2691 366 2711 11
382 2691 484 2712 nonas
499 2681 620 2720 aprilis,
639 2690 725 2711 anno
741 2681 891 2711 secundo.
910 2681 1062 2720 (Pomm,

60 2735 183 2774 22929.)

418 2460 776 2494 Sainte-Marie-Majeure‚
795 2461 809 2486 4
825 2461 894 2487 avril
913 2460 989 2487 1289.

132 2915 248 2944 ‘2485

104 2975 277 3014 Philippum
289 2999 297 3013 ‚
316 2985 415 3014 regern
432 2977 642 3012 Francorum,
662 2975 719 3014 qui
740 2976 775 3005 in
791 2975 879 3005 curia
896 2984 953 3005 sua
969 2979 1068 3005 statu-

65 3031 131 3058 tum
157 3037 212 3058 seu
234 3033 422 3059 consuetum
445 3028 544 3058 edidit
568 3040 581 3054 a
603 3028 688 3066 quod
709 3028 741 3057 in
765 3037 801 3058 ea
825 3027 907 3057 nulli
931 3027 1068 3066 prelato—

403 2913 763 2948 Sainte-Marie-Majeure,
785 2914 814 2941 13
830 2915 900 2940 avril
918 2914 994 2941 1289.

1127 430 1199 451 rum
1225 423 1314 459 regni
1340 421 1443 452 Gallie
1462 431 1516 460 per
1536 425 1772 461 procuratorem
1794 420 2030 460 quantumlibet
2052 419 2134 458 legi-

1129 475 1203 504 time
1213 475 1422 504 constitutum
1434 484 1528 513 agere
1540 475 1633 504 liceat
1642 474 1691 504 vel
1703 474 1861 504 actionem
1873 473 1969 503 etiam
1977 473 2134 503 modicam

1128 527 1366 565 quomodolibet
1387 528 1565 560 intentare,
1592 540 1605 554 n
1628 532 1717 565 rogat
1739 527 1799 557 1100
1819 531 1973 556 statutum
1989 533 2135 555 revocare

1129 579 1177 609 vel
1195 580 1304 609 saltem
1327 585 1513 618 temperare.

1170 646 1184 660 «
1202 634 1313 672 Nuper
1331 633 1370 663 ad
1386 638 1570 663 nostrum...
1591 649 1629 655 —-
1649 634 1719 663 Dat.
1743 633 1863 670 Rome,
1883 632 1967 670 apud
1986 631 2136 662 Sanctam

1130 686 1267 715 Mariam
1303 687 1474 724 Majorem,
1511 687 1618 716 idibus
1651 686 1782 725 aprilis,
1813 694 1899 715 anno
1930 684 2081 715 secundo.
2120 695 2135 711 n

1129 739 1280 778 (Porru,
1300 739 1423 770 22935.)

1203 926 1319 955 ’ἵ486

1175 1011 1194 1018 ..
1213 988 1323 1017 decano
1338 993 1364 1017 et
1382 1011 1402 1018 ..
1418 989 1587 1026 praeposito
1606 988 1714 1017 Sancti
1733 987 1882 1016 Iohannis
1904 988 1935 1016 in
1953 987 2035 1024 Auge
2054 990 2141 1015 extra

1135 1049 1237 1070 muros
1251 1046 1277 1069 et
1295 1063 1314 1069 ..
1332 1043 1454 1070 cantori
1468 1041 1595 1078 majoris
1608 1040 1830 1076 Herbipolensis
1843 1040 2036 1069 ecclesiaram
2048 1046 2143 1068 man-

1133 1093 1186 1123 dat
1201 1094 1394 1123 sententiam
1411 1092 1751 1123 excommunicationis
1768 1092 1865 1121 latam
1880 1093 1914 1121 in
1930 1092 2141 1127 Fridericum,

1132 1148 1365 1185 burggravium
1380 1147 1419 1177 de
1436 1147 1650 1184 Nuremberg,
1667 1150 1775 1184 utpote
1789 1145 1828 1175 ad
1841 1145 2006 1184 querelam
2018 1153 2144 1175 monas·

1134 1202 1206 1232 terii
1222 1202 1256 1231 in
1270 1200 1421 1231 Steinach
1435 1209 1540 1230 coram
1552 1199 1683 1230 officiali
1698 1198 1925 1238 Herbipolensi
1936 1208 1990 1237 per
2000 1198 2144 1237 quinque

1133 1264 1236 1285 annos
1249 1259 1280 1284 et
1294 1253 1432 1292 amplius
1449 1262 1513 1284 non
1537 1257 1788 1292 comparentem.
1806 1252 1878 1281 Dat.
1897 1251 2004 1281 idibus
2019 1250 2141 1289 aprilis,

1134 1317 1220 1339 auno
1232 1308 1383 1338 secundo.
1401 1308 1549 1345 (Poma.
1568 1306 1692 1344 22938.)

1474 924 1835 959 Sainte-Marie-Majeure‚
1854 924 1886 951 13
1901 924 1972 951 avril
1990 923 2067 951 1289.

1210 1497 1323 1525 '248³'

1179 1559 1381 1593 Patriarchis,
1398 1558 1630 1594 archiepiscopis
1641 1580 1647 1592 ,
1669 1557 1828 1594 episcopis,
1849 1555 2002 1584 abbatibus
2017 1555 2148 1591 alissque

1140 1614 1331 1643 ecclesiarum
1349 1612 1495 1649 praelatis
1516 1610 1779 1644 Benevenutum,
1805 1609 1987 1647 episcopum
2003 1606 2148 1645 Eugubi-

1142 1674 1232 1702 num,
1251 1674 1347 1704 quem
1362 1665 1401 1694 ad
1414 1663 1621 1702 Rudolphum
1633 1663 1858 1701 imperatorem
1872 1660 1969 1690 mittit
1979 1660 2148 1689 internun-

1142 1720 1235 1755 tium,
1251 1717 1466 1752 commendat,
1485 1725 1602 1755 eosque
1614 1720 1702 1753 rogat
1714 1716 1742 1744 ei
1759 1723 1814 1753 pro
1831 1714 1898 1743 suis
1914 1712 2103 1743 necessariis
2113 1712 2148 1741 in

1141 1772 1244 1802 tribus
1266 1771 1357 1800 libris
1380 1769 1605 1800 turonensium
1633 1776 1802 1807 parvorum
1827 1766 1966 1804 singulis
1987 1766 2099 1795 diebus
2119 1769 2150 1794 et

1142 1833 1253 1855 securo
1265 1824 1421 1854 conductu
1433 1827 1463 1852 et
1477 1822 1511 1851 in
1526 1822 1744 1852 evectionibus
1756 1820 1934 1859 providere.
1950 1819 2021 1849 Dat.
2039 1818 2148 1848 1111110-

1141 1877 1252 1908 lendas
1269 1877 1356 1909 maii,
1373 1884 1459 1905 anno
1476 1874 1626 1904 secundo.
1643 1874 1781 1913 (POTTH.
1794 1897 1801 1909 ,
1819 1873 1940 1910 22942.)

1480 1493 1838 1528 sainte-Marie-Majeure,
1857 1492 1890 1519 20
1906 1492 1977 1518 avril
1997 1491 2072 1518 1289.

1215 2071 1330 2099 '7488

1186 2156 1206 2162 ..
1224 2136 1289 2171 regi
1305 2133 1444 2169 Anyliae.
1464 2131 1514 2161 Ad
1537 2139 1611 2160 eum
1628 2130 1728 2160 defert
1743 2129 1929 2159 ι1011001100]
1944 2128 1982 2158 de
1998 2128 2150 2165 Cadomo,

1143 2187 1334 2218 canonicum
1347 2185 1498 2214 ecclesiae
1515 2184 1625 2214 Sancti
1639 2183 1769 2212 Martini
1781 2183 1891 2220 magni
1904 2181 2151 2219 Londoniensis,

1144 2241 1201 2280 qui
1216 2240 1440 2269 canonicatum
1458 2246 1531 2267 cum
1549 2236 1731 2275 praebenda
1748 2236 1957 2266 Ehoracensis
1978 2235 2131 2265 ecclesiae
2147 2258 2153 2270 ‚

1147 2303 1200 2333 per
1216 2298 1352 2323 mortem
1371 2291 1529 2321 Bonifacii
1545 2290 1583 2320 de
1599 2290 1758 2320 Coconato
1773 2292 1951 2324 vacantem,
1967 2288 2150 2327 usurpavit,

1146 2356 1284 2385 eumque
1311 2350 1400 2383 rogat
1425 2349 1459 2374 ut
1486 2348 1576 2373 curet
1599 2343 1824 2373 canonicatum
1853 2341 1947 2371 illum
1972 2341 2155 2377 Bernardo,

1147 2399 1344 2430 thesaurario
1359 2398 1511 2427 ecclesiae
1524 2396 1735 2431 Turonensis,
1752 2395 1917 2434 capellano
1933 2402 2002 2430 suo,
2018 2394 2153 2424 restitui.

1189 2466 1201 2479 a
1221 2451 1371 2490 Exposuit
1386 2450 1478 2480 nobis
1496 2449 1669 2480 dilectus...
1686 2465 1726 2471 -
1739 2449 1810 2478 Dat.
1828 2449 1941 2485 Rome,
1959 2447 2043 2486 apud
2056 2446 2154 2476 Sanc-

1146 2511 1210 2536 tam
1228 2505 1365 2534 Mariam
1377 2504 1543 2542 Majorem,
1561 2512 1580 2532 x
1596 2502 1748 2532 kalendas
1764 2502 1856 2537 maii,
1873 2509 1960 2531 anno
1973 2500 2124 2530 secundo.
2140 2512 2154 2527 n

1145 2561 1298 2599 (POTTa..
1316 2556 1438 2594 22943.)

1493 2066 1850 2100 Sainte-Marie-Majeure,
1866 2066 1899 2092 22
1914 2066 1985 2092 avril
2003 2065 2079 2092 1289.

1221 2751 1335 2780 ¹748ss

1192 2837 1211 2843 ..
1226 2814 1395 2851 praeposito
1411 2812 1591 2840 monasterii
1610 2811 1702 2840 Vallis
1721 2810 1875 2845 Venztstae,
1892 2809 2010 2838 ordz'nis
2026 2807 2056 2837 S.
2073 2808 2159 2837 Bene-

1150 2869 1235 2897 dicti.
1254 2866 1409 2895 Curiensis
1426 2865 1575 2899 dioecesis,
1595 2863 1727 2892 mandat
1745 2867 1779 2892 ut
1797 2861 1966 2900 compellat
1981 2860 2111 2890 clericos
2130 2862 2161 2889 et

1150 2921 1247 2949 laicos
1278 2918 1446 2948 Curiensis
1462 2941 1467 2946 .
1503 2916 1705 2946 Brixinensis
1737 2921 1766 2944 et
1796 2914 2004 2944 Tridentinae
2035 2912 2158 2942 dioece-

1152 2974 1233 3003 sium
1250 2996 1257 3009 ,
1282 2972 1336 3010 qui
1360 2970 1574 3008 possessiones
1596 2969 1655 2999 sub
1678 2977 1787 2998 annuo
1810 2976 1906 2998 censu
1928 2976 1945 2996 a
1966 2964 2161 2996 monasterio

1152 3026 1285 3056 Sanctae
1300 3023 1419 3053 Mariae
1435 3023 1469 3052 in
1487 3023 1626 3060 Burgus,
1640 3021 1763 3051 ordinis
1777 3021 1809 3050 S.
1828 3019 2005 3055 Benedicti,
2023 3018 2160 3048 (1011011-

1496 2747 1854 2781 Sainte-Marie-Majeure,
1871 2747 1905 2773 22
1921 2746 1991 2773 avril
2007 2745 2084 2772 1289.
