2393 3496
143 280 199 307 72⁰

211 343 330 373 ‘¹⁸¹2

179 405 361 439 Distu-natio
376 412 463 438 nuper
478 405 634 437 plur-tinne
651 402 863 427 beneficiorum.
882 399 963 431 iltso.
982 400 1023 428 tii,
1037 406 1051 424 c
1078 397 1138 425 23¹.

141 456 151 481 1
178 455 209 481 «Π
230 460 281 483 w)

723 343 849 371 ors-teto,
866 340 896 364 21
917 339 970 364 uini
991 337 1066 364 rtet.

182 563 322 599 Muyistro
337 561 483 597 Stephano
498 560 532 586 de
550 559 677 594 ,ΙΙαιιΙυςμ
692 558 827 589 «diacono.
847 556 1061 584 arctudturono
1079 555 1138 583 Cti-

144 616 275 643 ιίίιιηώέ
296 623 325 641 ιη
344 615 460 641 ert-tesia
479 612 668 642 eboracensi,
686 611 840 647 capellano
859 615 970 637 nostro
990 607 1070 637 Cum
1086 615 1137 641 eo,

140 668 178 696 ad
201 667 459 704 supplicationem
483 664 528 697 li..
547 672 628 698 regis
646 663 840 699 Anglorutn,
857 662 1019 700 dispensat
1035 666 1068 689 ut
1087 668 1138 689 ec-

141 720 250 749 clesias
275 718 312 746 de
333 716 501 754 llayntlion
527 720 555 744 et
579 715 617 744 de
640 715 716 753 Lyz.
737 714 943 744 Eborarensis
967 712 1137 746 dioecesis,

139 778 168 800 rt
186 771 477 800 archidiaconatum
494 767 707 797 Clivilandiae
726 768 757 796 iu
777 767 909 796 ecclesia
931 765 1137 800 libor-acensi,

138 833 246 853 curant
258 823 439 851 animarum
457 821 616 854 liat-entia,
631 830 712 859 tinae
725 819 951 859 postgenerale
964 818 1137 847 roni-ilium

141 878 352 913 Lugdunenses
380 881 496 913 recepit
524 881 553 903 et
579 874 715 903 detinuit
741 874 809 903 sine
839 873 923 902 sedis
951 872 1138 910 apostolicae

138 930 384 967 dispensatione,
398 937 430 956 se
443 928 526 957 infra
541 936 662 956 annum
678 928 710 956 in
725 926 944 965 presbyterum
962 932 1137 964 promoveri

139 992 200 1013 non
219 983 354 1016 taciens,
373 982 457 1011 licite
476 987 612 1011 retinere
629 981 739 1019 possit;
757 985 801 1012 et.
819 980 845 1008 si
866 979 1019 1017 praelatas
1037 977 1138 1006 eccle-

138 1038 199 1067 sias
216 1036 263 1065 vel
280 1045 388 1065 earum
403 1036 534 1064 alteram
551 1034 718 1068 dimiserit,
736 1033 821 1062 aliud
838 1032 885 1062 vel
901 1032 963 1062 alia
979 1031 1138 1061 ecclesias-

139 1090 199 1119 tica
223 1090 392 1123 bem-nem,
410 1088 665 1118 archidiaconatu
691 1091 834 1125 excepto,
853 1086 992 1124 recipere
1015 1083 1135 1117 valeat;

138 1143 324 1176 dummodo,
344 1143 382 1171 ad
404 1141 572 1171 arbitrium
597 1140 670 1170 'boni
695 1140 772 1175 viri,
796 1139 937 1177 aliquam
962 1146 1136 1174 congruam

139 1196 313 1234 portionem
328 1195 486 1223 fructuum
502 1199 716 1232 perceptorum
729 1193 760 1221 in
775 1192 954 1221 evidentem
967 1190 1135 1221 utilitatem

136 1250 291 1279 dictorum
309 1247 512 1277 ecclesiarum
530 1252 559 1275 et
574 1246 852 1276 archidiaconatus
865 1249 1039 1274 convertat.

178 1314 190 1327 .
212 1301 387 1340 Apostoli-:e
407 1300 490 1330 sedis
511 1300 730 1337 benignitas...
750 1314 790 1321 ·-
808 1298 876 1327 Dat.
896 1297 979 1336 apud
996 1297 1135 1327 Urbem-

137 1359 286 1389 πίει-ειη,
303 1362 341 1382 xu
361 1352 511 1382 kalendas
526 1352 621 1390 junii.
639 1360 724 1381 anno
739 1356 862 1390 quarto.
883 1363 895 1376 ι»

205 1550 323 1578 5¹7³

172 1612 212 1638 Dc
237 1612 407 1639 monasterio
430 1612 600 1641 'rutettcnsi.
627 1611 841 1638 Lemoviconsis
863 1611 1020 1642 dioecesis,
1045 1611 1136 1637 corri-

134 1661 227 1695 gendo
243 1667 268 1686 et
286 1661 471 1687 rclorinando.
489 1660 571 1692 (lieu.
590 1660 632 1691 «ἱῦ,
648 1668 673 1686 ε,
686 1660 748 1694 ἵ32,
761 1660 779 1687 l'.
792 1660 823 1687 47
838 1668 883 1691 v⁰;
898 1659 1014 1694 Porta„
1025 1660 1136 1691 23676.)

719 1550 846 1583 &ti-vieto,
867 1549 896 1576 19
914 1549 968 1576 mai
988 1549 1063 1576 ¹291.

175 1790 196 1797 ..
215 1771 315 1798 aethan*
334 1770 509 1798 nimiasterii
534 1769 691 1804 l'ezi'eusi's,
713 1791 732 1798 ..
750 1770 850 1806 priori
866 1770 1090 1807 predicatorum
1110 1774 1136 1798 et

136 1845 155 1852 ..
171 1822 344 1859 quar-diano
363 1823 512 1851 minorum
530 1823 665 1857 fratrum
687 1822 833 1851 ordinum
853 1823 888 1851 de
906 1823 1015 1856 Briva,
1034 1823 1136 1852 Lemo·

136 1875 261 1903 ricensis
277 1876 408 1904 diocesis.
430 1874 624 1904 ·‹.Habentes
644 1874 677 1903 in
699 1874 866 1904 desideriis
888 1880 922 1904 ut
944 1875 1137 1905 monasteria

132 1931 161 1957 et
184 1928 247 1957 alia
266 1928 316 1966 pia
337 1927 419 1963 loca,
439 1936 492 1966 pro
511 1927 598 1957 illius
616 1927 797 1957 reverentia
812 1927 901 1966 cujus
919 1927 1018 1958 cultui
1036 1928 1134 1968 depu-

132 1985 248 2015 tantur,
274 1986 497 2019 preserventur
523 1989 540 2010 a
563 1981 667 2010 noxiis
692 1986 722 2010 et
746 1980 941 2011 salutaribus
969 1981 1137 2020 proficiant

131 2033 348 2065 incrementis.
379 2032 508 2063 illorum
539 2033 668 2063 obviare
696 2033 858 2072 periculis,
888 2042 962 2064 cum
987 2034 1136 2074 expedire

130 2087 356 2124 conspicimus,
375 2088 495 2116 intenta
509 2087 726 2117 sollicitudine
738 2096 956 2126 procuramus
974 2088 1034 2119 Pro
1049 2094 1136 2127 parte

131 2139 288 2176 siquidem
312 2140 415 2170 dilecti
435 2140 490 2170 tilii
511 2141 561 2175 tt..
578 2141 702 2170 abbatis
721 2141 907 2172 monasterii
927 2141 1133 2177 Tutellensis.

130 2192 252 2221 ordinis
272 2194 303 2222 S.
328 2193 500 2230 Benedicti,
519 2194 756 2224 Lemovicensis
774 2195 922 2231 diocesis,
943 2195 1004 2225 suit
1023 2204 1134 2235 propo-

132 2246 228 2274 situm
243 2254 347 2275 coram
371 2246 460 2275 nobis
477 2247 560 2285 quod
578 2247 728 2277 nonnulli
746 2248 846 2287 ipsius
863 2249 1049 2279 monasterii
1066 2258 1134 2280 rno-

131 2299 223 2328 nachi
245 2305 274 2328 et
297 2299 351 2328 alii
369 2300 519 2337 degentes
541 2301 572 2329 in
595 2310 631 2331 eo
650 2301 738 2339 plura
753 2302 960 2332 committunt
976 2303 1132 2336 enormia,

130 2361 191 2391 que
205 2352 315 2390 limam
329 2353 432 2382 debite
444 2354 648 2384 correctionis
664 2360 846 2393 exposcunt,
860 2360 985 2395 propter
996 2365 1132 2395 quorum

129 2414 284 2436 excessus.
305 2411 365 2435 vite
381 2407 622 2437 dissolutionem
639 2413 734 2447 atque
751 2408 906 2439 malitiam
923 2410 1044 2440 dictum
1064 2419 1133 2440 mo-

131 2460 303 2488 nasterium
322 2461 387 2489 [ore
404 2461 544 2489 noscitur
568 2461 600 2490 in
621 2462 839 2499 spiritualibus
857 2468 886 2492 et
906 2463 1133 2502 temporalibus

128 2512 268 2549 graviter
281 2511 502 2542 deformatum.
517 2517 621 2549 Quare
635 2514 738 2544 dictus
753 2515 849 2544 abbas
863 2516 956 2546 nobis
968 2516 1134 2547 humiliter

128 2564 316 2602 supplicavit
333 2570 375 2600 ut,
391 2574 463 2595 cutn
478 2575 543 2605 ipse
562 2567 599 2596 ad
617 2567 845 2598 correctionem
864 2569 987 2605 talium,
1007 2574 1133 2609 propter

128 2624 236 2647 eorum
255 2618 427 2656 potentiam
445 2624 476 2648 et
498 2619 710 2650 resistentiam
733 2621 945 2659 pertinacem,
963 2623 1132 2661 procedere

129 2677 265 2709 nequeat
285 2680 338 2709 per
358 2681 391 2701 se
416 2673 532 2710 ipsum,
558 2674 722 2711 providere
743 2684 836 2713 super
861 2675 918 2705 lioc
940 2676 970 2704 ei
997 2681 1028 2705 et
1049 2676 1132 2707 dicto

128 2724 330 2759 monasterio,
350 2734 388 2754 ne
404 2725 442 2755 de
460 2725 542 2755 malo
559 2726 682 2756 labatur
698 2727 728 2756 in
748 2728 847 2766 pejus,
867 2734 997 2767 paterna
1012 2729 1130 2759 sollici-

128 2777 237 2806 tudine
252 2778 473 2815 dignarentur.
494 2779 557 2809 Nos
575 2780 683 2817 igitur,
702 2780 827 2819 plenam
845 2788 991 2819 gerentes
1004 2782 1042 2812 de
1059 2793 1130 2813 ves-

127 2837 174 2859 tra
188 2831 475 2869 circumspectione
491 2832 634 2862 tidutiam
645 2855 653 2870 ,
673 2833 772 2872 ipsius
788 2834 911 2864 abbatis
926 2835 1129 2874 supplicatio-

127 2883 219 2913 nibus
236 2884 399 2919 incliuati,
419 2885 603 2916 discretioni
628 2892 730 2916 vestre
750 2897 804 2926 per
825 2888 996 2926 apostolica
1014 2890 1130 2928 scripta

126 2937 315 2967 mandamus
328 2944 497 2977 quatenus,
512 2939 549 2968 ad
568 2942 796 2970 monasterium
814 2941 1003 2979 prelibatum
1023 2952 1127 2981 perso-

885 270 1118 302 tit-:otsTttt-:s
1143 270 1195 299 DE
1219 268 1400 298 NtttotAs
1424 268 1477 297 tv.

1223 333 1337 363 naliter
1354 333 1539 362 accedentes
1559 337 1589 362 et
1609 332 1763 362 habentes
1786 339 1841 369 pre
1858 329 1960 360 ocutis
1977 329 2082 360 solum
2105 330 2225 367 Deum,

1219 386 1385 422 corrigatis
1407 390 1438 415 et
1460 384 1640 414 reformetis
1660 382 1779 413 ibidem
1805 387 1866 413 tam
1891 383 1924 412 in
1949 383 2050 422 capite
2071 392 2168 422 quani
2192 384 2226 413 in

1222 438 1452 476 membrisque
1474 436 1680 466 correctionis
1703 439 1733 465 et
1758 435 1993 466 reformationis
2009 435 2114 467 officio
2129 444 2225 466 nove-

1221 491 1291 520 ritis
1307 490 1469 527 iudigere,
1491 488 1760 525 contradictores,
1781 493 1840 518 etc.
1861 488 1934 518 Nou
1955 488 2099 518 obstante
2117 488 2226 518 indul-

1220 544 1328 581 gentia
1348 552 1411 581 qua
1432 542 1536 577 vobis,
1561 541 1618 571 tilii
1640 542 1726 580 prior
1746 545 1777 571 et
1794 540 1987 579 guardiaue,
2009 541 2057 571 vel
2077 542 2227 572 tratribus

1221 601 1396 625 vestrorum
1416 594 1566 625 ordinum
1590 603 1609 623 a
1629 593 1703 624 sede
1725 593 1898 633 apostolica
1919 594 2037 625 dicitur
2058 604 2127 625 esse
2147 604 2225 625 con-

1219 657 1344 678 cessum
1360 647 1443 686 quod
1461 656 1523 677 nou
1544 647 1739 683 teneamini,
1757 652 1834 682 etc..
1852 656 1952 686 usque
1969 647 2133 678 habeatur.
2155 648 2224 678 Dat.

1218 700 1302 739 apud
1320 700 1595 735 L'rbeuiveterem,
1609 708 1675 729 xuu
1690 699 1844 730 kalendas
1859 700 1955 739 junii,
1971 708 2057 730 anno
2072 704 2195 740 quarto.
2208 712 2220 727 ι

1290 871 1411 899 5¹24

1256 934 1330 960 Aeto
1345 932 1489 968 quondam
1511 932 1630 959 Galvani
1646 932 1681 958 de
1697 932 1805 967 Carpo,
1821 933 1870 967 qui
1892 940 1924 959 se
1946 933 2227 969 archipresbyterum

1219 982 1358 1008 eeclesiae
1374 981 1497 1008 Sanctae
1514 981 1618 1008 Mai-iae
1633 980 1668 1008 de
1684 980 1788 1015 Carpo,
1801 981 1975 1008 Mutinensis
1990 982 2144 1014 dioecesis.
2154 982 2228 1010 elec-

1219 1036 1278 1057 tum
1295 1039 1360 1057 esse
1376 1030 1454 1061 dicit.
1473 1038 1569 1056 coram
1586 1029 1654 1056 sede
1668 1030 1826 1065 apostolica
1840 1031 1956 1057 citatur.
1969 1029 2054 1064 (Rao⁴
2067 1030 2110 1063 ⁴6.
2126 1030 2227 1064 c.233.

1217 1080 1237 1106 ί.
1255 1079 1286 1106 4ἶ
1305 1080 1356 1110 νο.)

1803 871 1936 905 Orvieto,
1953 871 1986 899 ‘25
2005 872 2059 898 mai
2079 872 2156 899 ¹29¹.

1268 1182 1432 1210 Venerabili
1454 1182 1550 1218 [ratri
1576 1204 1594 1211 ..
1616 1181 1749 1220 episcopo
1765 1186 1790 1211 et
1809 1182 1914 1211 dilecto
1929 1182 1996 1219 lilio
2017 1204 2038 1212 ..
2057 1183 2228 1221 archipres-

1219 1235 1320 1272 bytero
1337 1235 1455 1264 ecclesie
1470 1235 1659 1264 Mutinensis.
1679 1247 1693 1261 u
1713 1234 1755 1264 Ex
1773 1239 1861 1273 parte
1877 1235 2067 1266 dilectorum
2086 1234 2229 1267 filiorum

1218 1287 1339 1322 Gilioli,
1358 1288 1506 1327 prepositi
1524 1287 1657 1318 ecclesie
1672 1288 1781 1318 Sancti
1801 1288 1932 1325 Marini,
1953 1289 2058 1327 Egidii
2074 1288 2229 1329 Symonis

1217 1340 1257 1370 de
1271 1342 1387 1371 Sancto
1402 1341 1538 1377 Marino,
1553 1341 1664 1372 Gilioli
1677 1341 1716 1372 de
1730 1341 1874 1378 Brochis,
1886 1342 2047 1373 Johannis
2063 1342 2103 1373 de
2117 1341 2227 1382 Curte,

1217 1393 1352 1424 Gerardi
1368 1393 1407 1424 de
1425 1395 1590 1431 Marduis,
1608 1395 1769 1425 Albertini
1785 1395 1824 1425 de
1842 1395 2026 1426 Belencinis
2037 1419 2044 1433 ,
2062 1396 2228 1427 Pati-iboni

1217 1451 1249 1477 et.
1272 1447 1417 1485 magistri
1444 1448 1523 1478 Picii
1550 1448 1589 1478 de
1618 1447 1806 1485 Biluitanis,
1835 1449 2064 1480 canonicorum
2096 1448 2230 1480 ecclesie

1218 1500 1333 1530 Sancte
1359 1501 1460 1531 Maris
1485 1501 1524 1531 de
1549 1501 1666 1540 Carpo,
1691 1501 1730 1532 ad
1754 1510 1921 1532 romanam
1945 1501 2113 1534 ecclesiam
2138 1501 2230 1534 nullo

1218 1553 1325 1584 medio
1341 1555 1546 1593 pertinentis,
1563 1555 1689 1585 ordinis
1701 1555 1734 1586 S.
1748 1555 1939 1594 Augustini,
1957 1555 2151 1587 Mutinensis
2164 1555 2231 1587 dio-

1218 1607 1316 1643 cesis,
1341 1608 1396 1646 qui
1420 1609 1523 1647 maj0r
1545 1612 1576 1638 et
1596 1609 1704 1638 sanior
1725 1617 1796 1647 pais
1816 1608 1947 1648 capituli
1969 1609 2073 1648 ipsius
2096 1607 2231 1640 ecclesie

1217 1661 1285 1691 fore
1300 1661 1470 1699 dicuntur,
1487 1662 1547 1691 fuit
1565 1662 1742 1701 expositum
1759 1671 1865 1692 coram
1884 1662 1975 1692 uobis
1992 1661 2078 1702 quod
2093 1661 2229 1700 dudum,

1218 1714 1353 1745 ecelesia
1368 1715 1448 1754 ipsa,
1465 1724 1521 1754 per
1535 1715 1849 1755 archipresbyterum
1865 1715 1958 1746 solita
1972 1715 2157 1754 gubernari,
2174 1723 2231 1755 per

1217 1769 1340 1799 obitum
1356 1769 1519 1808 quondam
1534 1769 1572 1800 G.
1585 1793 1592 1806 ‚
1610 1769 1881 1808 archipresbyteri
1897 1769 2042 1808 ejusdem
2053 1792 2061 1805 ,
2077 1772 2228 1807 vacante,

1217 1821 1393 1861 capitulum
1410 1823 1511 1861 ipsius
1527 1822 1672 1860 ecclesie,
1690 1823 1806 1853 vocatis
1822 1822 1973 1853 omnibus
1988 1822 2044 1862 qui
2058 1821 2227 1859 voluerint,

1217 1875 1389 1906 debuerint
1409 1880 1439 1906 et
1460 1877 1622 1916 potuerint
1643 1876 1774 1908 comode
1791 1877 1962 1911 interesse,
1981 1875 2033 1906 die
2047 1875 2089 1906 ad
2106 1875 2228 1914 eligen-

1217 1931 1295 1961 dntn
1316 1932 1450 1970 prelixa,
1471 1932 1701 1963 convenientes
1723 1932 1757 1962 iu
1783 1941 1900 1968 unuin,
1920 1939 1976 1970 pro
1997 1931 2104 1962 futuro
2122 1929 2228 1962 archi—

1219 1986 1405 2024 presbytero
1433 1986 1495 2015 sibi
1522 1985 1556 2015 in
1583 1986 1694 2016 eadem
1720 1985 1852 2016 ecclesia
1876 1984 2041 2023 eligendo,
2065 1984 2229 2024 quondam

1216 2038 1373 2068 ,Iacobum
1384 2039 1423 2069 de
1433 2039 1604 2074 anamma,
1619 2044 1694 2070 tuuc
1705 2039 1848 2078 ipsorum
1857 2038 2060 2075 canonicum,
2070 2038 2103 2068 in
2117 2046 2230 2069 eorum

1217 2096 1248 2122 et
1257 2093 1266 2122 i
1271 2093 1358 2132 psius
1369 2093 1501 2123 ecclesie
1509 2093 1824 2132 archipresbyterum
1834 2093 2010 2132 elegerunt.
2025 2092 2113 2123 Licet
2121 2097 2229 2123 autem

1216 2145 1354 2176 Thomas
1368 2146 1407 2176 de
1423 2146 1536 2185 Carpo,
1551 2147 1725 2177 eanonicus
1740 2147 1842 2186 ipsius
1855 2145 2000 2182 ecclesie,
2015 2145 2103 2185 prius
2118 2153 2228 2176 vocem

1216 2207 1308 2229 suam
1326 2198 1359 2228 in
1377 2198 1524 2237 eligendo
1537 2199 1853 2239 archipresbyterum
1868 2208 1906 2230 ac
1921 2199 2022 2230 vicem
2034 2198 2228 2238 quibusdam

1216 2262 1253 2283 ex
1268 2253 1431 2283 canonicis
1445 2253 1618 2292 prelibatis.
1632 2254 1688 2293 qui
1702 2254 1736 2283 in
1753 2253 1911 2293 prefatum
1923 2252 2081 2284 Jacobum
2095 2260 2229 2284 consen-

1216 2311 1336 2343 serant,
1353 2307 1585 2343 commisisset,
1606 2307 1842 2338 nichilominus
1859 2311 1966 2337 tamen
1983 2307 2106 2337 Actione
2121 2314 2227 2346 quou-

1215 2359 1290 2389 dam
1301 2358 1438 2389 Galvani
1454 2360 1492 2390 de
1503 2360 1616 2400 Carpo,
1631 2361 1747 2392 clerico
1757 2361 1841 2392 dicte
1856 2360 2002 2397 diocesis,
2019 2359 2228 2399 pretendente

1215 2420 1249 2442 se
1279 2421 1333 2451 per
1359 2413 1499 2444 eundem
1526 2414 1694 2450 Thomam,
1723 2423 1820 2454 quem
1848 2414 1883 2444 in
1907 2413 2049 2453 predicta
2072 2412 2228 2444 electione

1214 2470 1435 2504 contemptum
1459 2467 1558 2498 fuisse
1582 2467 1724 2505 dicebat,
1751 2467 1887 2498 electum
1912 2468 1945 2497 in
1970 2466 2074 2506 ipsius
2094 2465 2227 2497 ecclesie

1214 2519 1530 2558 archipresbyterum
1543 2520 1697 2556 extitisse,
1714 2529 1751 2550 ac
1761 2520 1926 2551 occasione
1944 2518 2132 2559 huJusmodi
2146 2517 2226 2549 elec-

1215 2571 1314 2602 tionis
1335 2573 1419 2603 inter
1439 2574 1577 2613 prefatos
1598 2574 1754 2605 Jacobum
1778 2579 1809 2604 et
1831 2575 1989 2605 Actouem
2011 2581 2106 2612 super
2119 2571 2225 2602 archi-

1214 2626 1435 2665 presbyteratu
1462 2628 1563 2666 ipsius
1585 2628 1717 2658 ecclesie
1739 2627 1875 2658 materia
1897 2626 2075 2666 questionis
2100 2629 2223 2662 exorta,

1213 2678 1362 2718 dictoque
1379 2680 1497 2711 Jacobo
1512 2690 1641 2711 causam
1663 2680 1850 2719 hujusmodi
1872 2679 1958 2719 apud
1975 2678 2084 2710 sedem
2099 2682 2223 2718 aposto·

1212 2730 1308 2762 licam
1316 2738 1537 2772 prosequente,
1545 2733 1648 2765 seticis
1657 2733 1884 2764 recordatiouis
1893 2731 2052 2762 Martinus
2059 2739 2137 2771 papa
2145 2730 2222 2768 1111,

1211 2784 1415 2823 predecessor
1431 2791 1548 2824 noster,
1566 2787 1730 2827 quondam
1744 2786 1897 2825 magistro
1911 2785 1939 2815 N
1944 2783 2045 2815 icolao
2057 2783 2097 2814 de
2112 2783 2224 2814 Terra-

1212 2846 1302 2875 cena,
1325 2839 1490 2878 capellano
1513 2850 1570 2872 suo
1591 2847 1622 2872 et
1639 2841 1740 2881 ipsius
1756 2839 1867 2880 palatii
1885 2838 2024 2870 auditori
2039 2845 2220 2874 causarum,

1210 2899 1339 2922 causam
1356 2893 1457 2931 ipsam
1475 2894 1670 2925 audiendam
1687 2893 1848 2925 commisit
1863 2897 1894 2923 et
1910 2892 1974 2922 fine
1988 2890 2096 2921 debito
2113 2890 2223 2921 termi-

1213 2945 1364 2976 nandam.
1393 2948 1539 2987 (irimque
1561 2949 1616 2978 diu
1641 2948 1752 2978 suisset
1771 2947 1803 2977 in
1829 2954 1925 2977 causa
1953 2944 2093 2984 predicta
2114 2951 2222 2975 coram
