2393 3496
213 329 288 358 1004

210 395 348 425 civitatis
362 391 601 430 Senogaliensis
616 395 645 420 et
659 393 784 428 propter
799 395 946 418 excessus
959 396 1014 425 per
1027 395 1112 418 eum.
1130 384 1221 414 utdi-

210 448 313 484 citur,
332 450 525 486 perpetratos
541 444 575 473 in
592 450 759 482 personam
779 439 1085 478 Raymundinorum
1103 442 1133 467 et
1148 436 1220 466 Pal-

211 501 306 531 merii
337 499 498 539 quondam
524 496 655 526 Martini
685 495 722 524 de
746 494 849 530 Fano,
873 502 909 523 ac
940 491 1115 522 nonnullas
1143 490 1222 520 alias

210 554 360 592 injurias,
374 551 590 582 contumacias
607 554 634 578 et
648 549 785 578 offensas
799 547 989 577 commissas
1005 546 1044 575 ab
1061 554 1097 575 eo
1112 549 1222 574 contra

211 614 376 636 romanam
395 603 574 637 ecclesiam,
592 606 729 631 rectores
743 604 772 629 et
787 599 940 630 officiales
957 598 1096 634 eosdem,
1113 598 1222 627 onmia

211 661 293 690 bona
310 667 365 687 sua
383 657 514 686 mobilia
530 661 559 685 et
577 653 758 684 immobilia
775 653 877 683 eidem
895 652 1029 683 ecclesie
1047 651 1222 681 sententia-

211 714 285 743 liter
306 711 538 744 confiscarunt,
558 709 626 748 ipso
648 707 881 738 nichilominus
899 706 1102 744 exigentibus
1121 704 1223 743 culpis

211 766 278 795 suis
294 764 332 794 ad
350 763 501 793 ultimum
520 761 713 801 supplicium
730 760 980 799 condempnato,
998 763 1123 797 propter
1139 757 1223 797 quod

211 818 349 849 incurrit
367 817 507 854 dampna
528 824 593 845 non
615 815 739 844 modica
759 819 789 844 et
810 813 938 843 exulare
961 813 1000 843 ab
1021 812 1131 842 eadem
1151 820 1224 850 pro-

211 872 316 902 vincia
339 870 461 900 diutius
479 873 526 899 est
548 872 685 898 coactus.
706 868 786 898 Cum
805 869 911 906 itaque
927 867 1029 896 dictus
1045 865 1224 896 Guiducius

213 934 268 964 pro
281 926 348 964 jam
361 923 454 953 dictis
467 922 660 957 excessibus,
672 922 813 961 injuriis,
824 920 1036 951 coutumaciis
1048 924 1077 949 et
1093 919 1224 948 offensis

210 987 337 1008 ramere
356 981 465 1007 nostre
487 976 581 1014 plene
603 975 793 1004 satisfecerit
809 975 898 1013 juxta
916 978 1056 1003 vestrum
1073 971 1224 1011 benepla-

211 1033 310 1061 citum
327 1035 356 1060 et
373 1029 573 1062 mandatum,
591 1037 627 1057 ac
646 1028 731 1057 inter
749 1028 854 1066 ipsum
874 1031 904 1055 ct
923 1025 1056 1055 heredes
1073 1025 1225 1064 predicto-

212 1094 284 1114 rum
302 1092 381 1122 quos
403 1083 518 1112 leserat
540 1082 580 1111 sit
603 1091 660 1120 pax
683 1085 714 1111 et
735 1080 904 1111 concordia
927 1079 1114 1115 reformata,
1132 1078 1224 1108 nobis

211 1137 381 1168 humiliter
395 1135 586 1174 supplicavit
599 1140 633 1164 ut
646 1144 719 1164 eum
734 1134 772 1163 ab
789 1133 909 1163 eisdem
928 1133 1030 1171 penis,
1044 1132 1223 1168 sententiis,

211 1191 411 1230 processibus
427 1193 456 1219 et
472 1188 819 1227 condempnationibus
834 1186 955 1216 absolvi
972 1186 1009 1215 de
1025 1185 1225 1223 benignitate

212 1244 304 1275 solita
328 1244 515 1273 faceremus,
540 1243 607 1272 Nos
632 1243 739 1280 itaque
764 1241 915 1270 fiduciam
938 1240 1118 1270 obtinentes
1140 1239 1225 1278 quod

211 1297 296 1327 idem
320 1296 499 1326 Gniducius
517 1295 550 1324 in
573 1295 725 1324 fidelitate
742 1303 778 1323 ac
794 1294 961 1323 devotione
976 1292 1077 1331 ipsius
1093 1291 1226 1322 ecclesie

212 1351 330 1381 futuris
356 1349 553 1388 temporibus
577 1348 779 1387 permanebit
805 1352 835 1377 et
859 1350 985 1386 propter
1007 1346 1067 1376 hoc
1089 1354 1164 1376 cum
1190 1353 1226 1375 eo

213 1413 307 1443 agere
334 1403 584 1433 misericorditer
614 1402 837 1436 intendentes,
865 1399 1059 1429 fraternitati
1090 1403 1143 1428 tue
1171 1407 1226 1437 per

211 1457 385 1497 apostolica
398 1457 513 1495 scripta
527 1455 719 1486 mandamus
733 1455 885 1494 quatinus
900 1453 1099 1483 Guiducium
1115 1461 1225 1491 supra-

213 1512 333 1542 dictum
350 1511 389 1540 ab
404 1511 555 1540 omnibus
573 1507 931 1547 condempnaffionibus,
948 1506 1128 1543 sententiis,
1147 1506 1226 1536 ban-

212 1566 281 1601 nis7
299 1563 560 1599 extradimenfis,
579 1563 670 1601 penis
693 1566 723 1591 et
746 1561 944 1601 processibus
967 1560 1227 1599 quibuscumque

211 1619 303 1648 sactis
320 1622 350 1647 et
365 1617 482 1646 habitis
497 1620 607 1646 contra
623 1624 697 1645 eum
713 1624 768 1653 per
784 1618 921 1644 rectores
937 1617 967 1643 et
981 1612 1134 1643 officiales
1152 1621 1226 1652 pre-

212 1671 340 1708 libatos,
361 1671 395 1700 in
413 1674 571 1709 quantum
592 1678 650 1699 nos
673 1673 704 1698 et
726 1676 893 1698 romanam
909 1667 1076 1697 ecclesiam
1092 1665 1143 1696 vel
1157 1674 1225 1696 rec-

214 1730 297 1755 tores
321 1728 375 1753 aut
403 1723 556 1753 officiales
581 1722 709 1752 eosdem
741 1722 934 1758 contingunt
961 1719 1010 1750 vel
1039 1720 1226 1757 contingere

214 1779 408 1818 potuissent,
438 1786 567 1816 prorsus
596 1775 740 1805 absolvas
768 1775 938 1813 ipsumque
968 1773 1007 1803 ad
1038 1773 1122 1803 bona
1154 1781 1224 1811 pre-

213 1832 298 1862 dicta
322 1832 471 1861 restituas
493 1831 531 1860 de
554 1830 656 1868 gratia
680 1829 822 1868 speciali.
846 1829 918 1858 Dat.
941 1827 1025 1866 apud
1048 1827 1226 1858 Urbemve-

214 1890 329 1921 terem,
357 1895 387 1914 w
416 1884 569 1914 kalendas
598 1883 743 1921 augusti,
774 1882 975 1921 pontificatus
1007 1881 1109 1911 nostri
1139 1889 1226 1911 anno

213 1946 335 1978 quarto.
358 1952 371 1965 n

286 2119 400 2147 '2332

250 2181 393 2208 Firmanis
409 2181 548 2216 praecipit
565 2189 599 2206 ne
615 2181 737 2206 ulterius
752 2183 850 2206 contra
865 2182 991 2206 castrum
1006 2181 1064 2206 ..et
1079 2179 1145 2213 ejus
1161 2185 1228 2213 por-

765 2116 894 2151 Orvieto‚
915 2115 1057 2150 ‘28Jui11et
1074 2115 1154 2142 1291.

215 2235 274 2257 tum
289 2230 394 2265 aliquid
409 2234 529 2257 tentent.
547 2229 618 2262 (Fol.
637 2230 669 2256 59
686 2230 733 2262 1‘0.)

255 2335 374 2363 Di'lertis
389 2334 466 2370 filiis
483 2356 502 2362 ..
522 2334 677 2370 potestati,
695 2333 822 2362 consilio
838 2336 863 2361 el
887 2330 1042 2361 communi
1057 2331 1225 2360 Firmanis.

257 2400 271 2413 «
289 2380 415 2422 Quanto
432 2396 487 2417 vos
504 2391 570 2416 et...
590 2403 630 2408 —
646 2386 718 2415 Dat.
734 2385 817 2424 apud
835 2385 1118 2420 Urbemveterem,
1136 2393 1157 2413 v
1172 2383 1227 2413 ka-

215 2440 326 2470 lendas
341 2440 481 2478 augusti,
499 2448 585 2470 anno
601 2444 725 2478 quarto.
745 2451 759 2465 »

288 2621 404 2649 2338

253 2682 294 2709 De
311 2683 479 2710 collectione
495 2682 621 2708 decimae
638 2681 665 2707 in
681 2681 798 2707 Tuscia.
816 2680 888 2713 (Fol.
906 2681 938 2707 50
953 2681 1005 2712 vo.)

797 2618 925 2652 Orvict0‚
943 2617 975 2645 ‘23
992 2619 1060 2644 aout
1079 2617 1155 2645 1‘291.

263 2785 429 2814 Venerabili
450 2785 545 2821 fratri
566 2785 595 2813 T.
610 2806 617 2820 ,
637 2785 769 2821 episcopo
790 2783 987 2820 Pistorienst'‚
1008 2783 1160 2812 collectori
1177 2781 1228 2810 de-

216 2841 291 2869 rime
303 2839 438 2867 subsidio
453 2839 540 2876 requi
552 2838 655 2867 Sict'lz'c
666 2846 699 2867 ac
711 2847 764 2874 pro
777 2838 956 2875 quibusdam
971 2836 1089 2865 ecclesie
1103 2844 1229 2864 romane

216 2893 442 2921 necessitalibus
458 2891 598 2929 deputate
615 2891 647 2920 ιή
666 2891 766 2920 Tuscia
780 2889 932 2928 partibus.
956 2889 1008 2926 Ei,
1031 2889 1086 2927 qui
1103 2892 1230 2927 propter

217 2946 341 2975 viarum
359 2945 547 2974 discrimina
563 2944 602 2973 ad
620 2943 778 2973 nonnulla
794 2943 859 2973 loca
876 2952 908 2973 se
925 2941 1137 2981 personaliter
1153 2950 1228 2971 con-

218 2999 300 3028 ferre
323 3007 386 3028 non
411 3002 527 3037 potest,
550 2997 732 3027 facultatem
749 2996 893 3026 concedit
917 2994 1093 3035 deputandi
1115 2994 1229 3025 collec-

962 318 1198 351 REGISTRES
1221 318 1275 347 DE
1297 317 1482 348 NICOLAS
1506 319 1563 348 IV.

1308 388 1389 413 tores
1412 384 1446 413 in
1471 384 1582 414 eadem
1605 384 1673 414 loca
1693 388 1723 414 et
1737 393 1755 414 a
1773 383 1993 414 collectoribus
2011 382 2075 413 illis
2093 383 2248 414 rationem
2265 392 2316 415 re-

1306 438 1458 477 cipiendi.

1349 504 1362 519 ι
1384 492 1494 530 Nuper
1521 491 1612 522 nohis
1635 500 1728 530 per...
1752 507 1792 514 —
1821 491 1894 520 Dat.
1919 490 2003 529 apud
2031 490 2313 530 Urbemveteretn‚

1307 555 1324 574 x
1338 544 1493 574 kalendas
1512 544 1715 583 septembris,
1736 543 1940 583 pontificatus
1952 543 2051 574 nostri
2067 551 2152 573 anno
2165 547 2287 582 quarto.
2300 555 2314 572 n

1381 717 1496 745 '⁷3³9
2023 715 2152 750 Orvieto‚
2170 714 2248 743 1291.

1344 778 1476 806 Senator-i
1494 778 1582 806 Urbis
1599 786 1702 805 rursus
1718 777 1836 804 mandat
1850 781 1881 804 ut
1895 778 2070 804 monasterio
2082 777 2204 804 Sanctae
2215 777 2320 806 Mariae

1308 827 1486 854 Viterbiensi
1502 828 1654 854 ecclesiam
1672 827 1771 853 Sancti
1793 826 1884 853 Sentii
1906 834 1994 861 prope
2018 825 2170 853 Civitatem
2186 825 2320 854 Veterem

1309 877 1423 903 restitui
1438 876 1534 902 faciat.
1551 875 1624 909 (Fol.
1642 875 1674 902 59
1690 876 1741 908 vo.)

1348 979 1461 1009 Dilecto
1484 979 1548 1016 filio
1572 979 1666 1008 nobili
1691 979 1758 1008 vtro
1779 978 1910 1015 Loffredo
1935 976 2009 1016 (sic)
2033 977 2111 1007 dicto
2136 975 2265 1007 Gaitano
2287 977 2321 1008 de

1308 1034 1462 1072 Anaqnict,
1480 1034 1615 1062 senatori
1634 1033 1729 1062 Urbis.

1351 1099 1364 1114 (ι
1384 1087 1473 1116 Licet
1490 1086 1548 1116 tihi
1564 1095 1658 1125 per...
1676 1103 1713 1107 —
1731 1097 1745 1112 x>

1347 1259 1599 1288 2340-12341
1644 1258 2009 1293 Saintc-Marie-Majeure,
2026 1258 2065 1284 1er
2077 1257 2191 1292 janvier
2208 1257 2287 1286 1292.

1345 1322 1544 1358 Neapolitanis
1567 1321 1683 1348 mandat
1704 1325 1734 1348 ut
1758 1321 1792 1347 de
1815 1320 1900 1347 bonis
1922 1320 2024 1347 Marini
2047 1319 2166 1355 Bulgari
2182 1319 2330 1361 ducentos*

1309 1372 1437 1398 florenos
1448 1372 1510 1398 auri
1520 1375 1548 1398 ct
1558 1379 1702 1406 expensas
1712 1379 1842 1397 camerae
1853 1370 2028 1405 apostolicae
2039 1369 2161 1396 solvant.
2175 1367 2217 1401 (F.
2229 1368 2264 1396 60
2275 1369 2322 1403 τῦ.)

1352 1475 1477 1504 Dilectis
1492 1475 1567 1512 filiis
1585 1498 1605 1505 ..
1623 1476 1781 1512 capitaneo
1793 1497 1801 1511 ‚
1829 1495 1846 1502 ..
1871 1474 1999 1503 consilio
2021 1477 2047 1502 el
2068 1473 2193 1502 comum·
2209 1473 2322 1510 Neapo-

1312 1529 1428 1558 titanis.
1456 1540 1470 1554 κ
1502 1528 1623 1566 Nuper,
1655 1527 1737 1566 [cum
1766 1527 1805 1557 de
1833 1527 1976 1566 partibus
2008 1525 2212 1565 Patrssmonii
2240 1525 2323 1556 beati

1311 1582 1397 1612 Petri
1415 1582 1449 1611 in
1465 1581 1580 1611 Tuscia
1593 1582 1755 1620 quantitas
1772 1581 1927 1611 frumenti
1944 1589 2008 1610 non
2022 1579 2148 1609 modica
2164 1587 2220 1618 per
2237 1587 2324 1610 mare

1310 1636 1345 1666 in
1360 1636 1499 1674 quodam
1515 1644 1589 1664 vase
1607 1634 1712 1664 navali
1723 1634 1763 1664 ad
1777 1643 1872 1664 usum
1888 1633 2011 1664 familie
2025 1637 2132 1663 nostre
2147 1635 2324 1672 portaretur

1310 1690 1349 1719 ad
1368 1690 1500 1725 Urbem,
1520 1689 1667 1719 Marinus
1687 1688 1858 1727 Bulgarus,
1876 1688 1957 1718 civis
1973 1687 2223 1726 Neapolitanus,
2238 1694 2323 1717 asso-

1309 1743 1401 1774 ciatis
1418 1743 1479 1772 sibi
1502 1742 1671 1772 nonnullis
1685 1742 1884 1778 hominibus,
1904 1750 1992 1771 more
2007 1740 2141 1779 piratico
2156 1740 2262 1770 subito
2276 1740 2323 1770 ir-

1309 1805 1408 1826 ruens
1429 1797 1463 1826 in
1483 1796 1692 1826 conductores
1714 1795 1798 1825 vasis
1820 1795 1983 1833 ejusdem,
2006 1794 2091 1832 ipsos
2109 1793 2193 1833 cepit
2213 1793 2324 1833 eisque
2350 1811 2356 1815 -

1310 1851 1450 1889 dampna
1470 1858 1534 1880 non
1558 1849 1683 1879 modica
1706 1853 1736 1879 et
1755 1849 1893 1888 injurias
1911 1847 2086 1886 irrogavit;
2106 1855 2166 1877 nec
2181 1855 2233 1877 eos
2250 1855 2324 1877 cum

1311 1903 1452 1943 predicto
1471 1903 1633 1932 frumento
1649 1903 1740 1941 prius
1758 1902 1903 1941 permisit
1926 1901 2014 1931 abire
2037 1900 2102 1930 nisi
2122 1900 2151 1930 ei
2169 1903 2255 1931 certa
2271 1908 2325 1939 pe-

1310 1957 1407 1988 cunie
1425 1956 1589 1996 quantitas
1613 1955 1802 1993 solveretur,
1826 1958 1954 1994 propter
1971 1953 2056 1995 quod
2073 1962 2201 1984 camera
2217 1956 2325 1984 nostra

1310 2010 1488 2048 dampnum
1505 2010 1716 2039 ducentorum
1733 2009 1929 2039 florenorum
1947 2011 1977 2037 et
1992 2015 2148 2046 expensas
2159 2005 2240 2037 alias
2255 2014 2324 2037 nos-

1311 2064 1393 2094 citur
1431 2064 1643 2093 incurrisse...
1682 2062 1895 2093 Universitati
1927 2065 2031 2091 vestre
2064 2069 2119 2099 per
2153 2059 2326 2099 apostolica

1311 2119 1428 2157 scripta
1443 2117 1636 2147 mandamus
1652 2116 1804 2156 quatinus
1815 2115 1932 2145 dilecto
1948 2114 2016 2145 filio
2031 2113 2180 2144 Johanni
2195 2112 2324 2143 Macha-

1311 2172 1359 2202 rio
1372 2172 1409 2201 de
1421 2171 1521 2207 Urbe,
1534 2169 1654 2200 familie
1672 2174 1778 2200 nostre
1790 2168 1994 2205 marescalco,
2009 2167 2101 2198 latori
2114 2166 2324 2207 presentium,

1312 2235 1409 2265 quem
1425 2225 1465 2254 ad
1480 2233 1534 2255 vos
1551 2229 1677 2263 propter
1692 2223 1751 2253 hoc
1768 2221 1950 2262 specialiter
1966 2221 2138 2258 mittimus,
2155 2219 2195 2254 dte
2209 2219 2326 2250 ducen-

1312 2280 1351 2309 tis
1367 2279 1498 2309 florenis
1516 2278 1588 2308 auri
1610 2282 1640 2308 et
1663 2277 1811 2316 expensis
1836 2275 1986 2315 predictis
2007 2275 2047 2305 de
2068 2274 2162 2305 bonis
2181 2272 2326 2313 ejusdem

1313 2332 1432 2362 Marini
1448 2331 1572 2361 faciatis
1589 2331 1766 2370 plenariam
1785 2328 2038 2359 satisfactionem
2054 2326 2238 2366 impendi...
2250 2326 2323 2357 Dat.

1313 2386 1424 2421 Rome,
1443 2384 1526 2423 apud
1541 2384 1692 2414 Sanctam
1705 2383 1842 2412 Mariam
1861 2382 2028 2421 Majorem,
2048 2379 2199 2411 kalendis
2213 2380 2326 2419 janua·
2341 2374 2347 2380 ”

1312 2439 1367 2475 rii,
1387 2438 1590 2477 pontificatus
1607 2437 1708 2467 nostri
1731 2445 1818 2466 anno
1836 2440 1960 2474 quarto.
1981 2446 1994 2461 ¹>

1353 2493 1391 2522 In
1408 2501 1435 2523 e.
1454 2501 1497 2521 m.
1516 2491 1564 2528 C.‚
1583 2490 1722 2530 principi
1738 2489 1956 2525 Salernitano,
1972 2487 2187 2527 primogenito
2198 2490 2229 2517 et
2243 2486 2327 2517 vica-

1312 2545 1361 2576 rio
1377 2545 1426 2582 C„
1444 2544 1529 2583 regis
1546 2543 1701 2583 Syciliae.

1313 2725 1428 2754 '2342
1489 2721 1802 2756 ste—Ma1=ie.31ajeurc‚
1822 2721 1885 2748 dec.
1905 2720 1969 2747 1291
1988 2728 2026 2746 ou
2043 2719 2081 2746 1²¹·
2093 2721 2174 2754 JanV.
2193 2716 2273 2746 1292.

1347 2787 1493 2815 Gaietanis
1509 2785 1624 2813 mandat
1641 2789 1671 2811 ut
1685 2786 1818 2811 'camerae
1834 2783 2009 2819 apostolicae
2028 2789 2184 2809 ccccrxxxv
2201 2780 2326 2808 florenos

1311 2838 1373 2865 auri
1388 2847 1404 2864 a
1419 2836 1592 2872 quibusdam
1607 2835 1722 2861 civibus
1738 2833 1851 2861 restitui
1867 2833 1982 2860 faciant.
2001 2831 2074 2866 (Fol.
2092 2831 2126 2858 60
2141 2831 2190 2864 ro.)

1353 2941 1472 2971 Dilecn's
1487 2940 1562 2977 filiis
1580 2961 1599 2969 ..
1617 2938 1791 2976 capitaneo,
1814 2936 1940 2966 consilio
1966 2939 1991 2964 et
2013 2935 2138 2964 comuni
2162 2931 2325 2963 Caietam}-

1315 3006 1328 3021 α
1345 2994 1426 3024 Cum
1447 2993 1635 3023 Franciscus
1654 2989 1799 3021 Philardi
1817 2993 1847 3019 et
1871 2988 2015 3018 Pax-isius
2033 2987 2136 3018 dictus
2161 2987 2323 3022 Muscata,

2372 464 2373 508 l

2373 618 2375 708 ἱ
