2393 3496
226 326 284 356 990
978 319 1214 351 REGISTRES
1236 318 1290 348 DE
1313 317 1498 348 NICOLAS
1520 319 1575 348 IV.

228 396 258 422 et
282 391 413 422 ecclesie
436 400 566 421 romane
589 390 720 420 nomine
747 389 910 426 resignare
931 391 1117 426 procurent,
1140 384 1234 414 resti—

228 445 382 475 tuendum
401 445 462 474 illis
481 445 534 483 qni
551 444 604 482 jus
623 443 738 472 habere
760 442 996 479 dignoscuntur
1019 440 1053 469 in
1078 448 1125 469 eo.
1145 438 1234 468 Alio-

227 498 306 537 quin
326 503 388 527 tam
413 501 522 526 contra
541 504 592 525 eos
609 504 704 533 quam
730 499 849 524 ceteras
869 501 1020 531 personas
1041 501 1103 531 que
1130 491 1234 520 eidem

227 551 322 582 Nello
345 552 376 580 in
403 551 460 580 hac
484 554 570 588 parte
595 548 788 587 prestiterint
812 547 991 582 auxilinm,
1012 545 1184 576 consilium
1206 548 1235 574 et

226 604 378 639 favorem,
392 602 554 641 publicum
570 606 599 631 et
612 600 783 634 occultum,
799 600 976 630 monitione
990 599 1156 638 premissa,
1170 606 1234 628 non

227 657 371 687 obstante
389 656 496 694 aliquo
519 654 703 693 privilegio,
723 653 937 693 spiritualiter
954 657 984 682 et
1004 651 1233 690 temporaliter,

226 714 317 749 prout
347 709 494 747 expedire
520 708 697 747 putaveris,
723 707 911 737 anctoritate
937 711 1042 736 nostra
1072 704 1233 744 procedas.

226 764 297 793 Dat..
316 762 397 801 apud
417 762 692 798 Urbemveterem,
710 771 727 790 x
743 760 897 791 kalendas
914 759 1114 799 septembris,
1129 759 1234 798 ponti-

226 816 338 846 ficatus
357 815 456 845 nostri
473 824 559 845 anno
579 815 679 845 tertio.
702 827 715 842 n

299 1011 418 1039 ’2282

261 1073 384 1108 Inquirit
399 1073 433 1099 de
450 1074 524 1100 sacto
540 1073 820 1099 Reum-omanorum.
838 1071 908 1102 (Fol.
926 1071 959 1097 45
975 1072 1026 1103 vo.)

937 1008 1067 1042 Orvieto,
1088 1008 1162 1035 1290.

267 1184 376 1212 Dilecto
404 1182 467 1219 filio
497 1184 643 1219 maqz'slro
672 1183 814 1210 Rasnerio
840 1182 873 1209 (Ie
903 1181 1040 1215 Casulis,
1067 1181 1234 1217 capellano.

228 1248 240 1264 ι
265 1236 380 1265 Gravis
399 1235 436 1264 ad
462 1244 518 1265 nos
545 1235 664 1265 civium
687 1235 985 1263 Beneventanoruin
1009 1232 1139 1271 querela
1165 1242 1235 1272 per-

226 1289 317 1319 duxit
332 1289 417 1328 quod
433 1288 569 1318 dilectus
586 1288 673 1317 filins
688 1288 855 1317 ¹lohannes
873 1287 978 1316 dictus
997 1287 1216 1325 Buccaporcns
1227 1309 1234 1321 ‚

226 1347 330 1373 rector
354 1343 491 1371 civitatis
516 1342 745 1371 Beneventane
771 1350 826 1379 per
852 1349 908 1370 nos
931 1340 1114 1379 deputatus,
1135 1344 1236 1369 metas

226 1405 282 1426 sue
299 1396 534 1434 jurisdictionis
553 1395 708 1425 excedens
726 1399 756 1424 et
771 1394 983 1424 familiarium
1001 1402 1131 1423 suornm
1149 1394 1235 1423 inso-

225 1449 341 1479 lentias
364 1458 426 1478 non
446 1457 667 1487 compescens,
687 1448 872 1477 memoratis
890 1447 1016 1477 civibus
1034 1446 1161 1485 justitie
1179 1446 1236 1477 de-

226 1503 329 1532 bitum
362 1511 424 1532 non
458 1502 614 1538 intendit,
645 1501 724 1540 quin
756 1501 858 1540 potins
887 1500 934 1530 eis
964 1500 1180 1530 communiter
1207 1504 1237 1530 et

227 1556 436 1594 singulariter
458 1565 490 1585 se
510 1556 706 1593 injuriosum
732 1554 956 1593 multipliciter
978 1554 1150 1590 exhibens,
1170 1553 1236 1583 illis

226 1610 364 1647 dampna
390 1617 453 1638 non
480 1608 604 1638 modica
623 1608 793 1646 irrogavit,
812 1608 851 1636 ad
867 1608 1105 1646 oppressionem
1125 1616 1236 1637 eorum

227 1667 257 1693 et
274 1668 307 1692 ut
322 1664 361 1692 ab
378 1663 424 1692 eis
443 1663 576 1701 pecunie
594 1667 743 1701 questum
768 1661 1114 1699 exani-iat.aspira1·1d0.
1135 1661 1237 1690 Acce-

226 1717 333 1755 pimus
356 1716 488 1754 insuper
516 1716 600 1754 quod
622 1715 720 1745 iidem
743 1715 844 1751 cives,
866 1723 930 1744 non
957 1715 1027 1744 sine
1052 1715 1238 1744 temeritatis

229 1770 375 1806 audacia,
388 1769 426 1799 ad
445 1769 690 1808 impediendum
704 1769 849 1807 ejusdem
867 1769 995 1798 rectoris
1009 1768 1149 1798 officium
1165 1777 1239 1798 ane-

228 1823 349 1859 lantes,
368 1823 481 1861 viginti
500 1827 648 1861 quattuor
667 1823 824 1860 sapientes
841 1822 989 1851 homiues
1007 1831 1044 1851 ex
1063 1831 1095 1851 se
1115 1822 1192 1860 ipsis
1209 1826 1240 1852 et

229 1887 281 1908 sex
296 1877 446 1916 syndicos
463 1882 722 1915 assumpserunt,
740 1885 878 1914 quornm
895 1876 1135 1914 operationibus
1152 1876 1238 1905 sran-

228 1931 369 1961 dulentis
385 1930 543 1960 maleficia
563 1939 625 1968 que
649 1930 683 1958 in
705 1929 832 1959 civitate
855 1928 1101 1958 committuntur
1127 1929 1238 1959 eadem

228 1995 284 2024 per
307 1984 445 2014 eundem
469 1988 622 2013 rectorem
654 1983 761 2022 puniri
790 1991 853 2012 non
882 1987 1028 2021 possunt,
1052 1983 1172 2021 quique
1200 1983 1239 2012 de

227 2038 389 2076 aliquibus
404 2037 606 2076 querelantes
622 2037 661 2066 ad
678 2037 778 2074 ipsius
796 2038 925 2066 rectoris
945 2037 1067 2066 curiam
1089 2037 1239 2067 accedere

228 2100 292 2121 non
312 2091 517 2129 permittunt3
536 2089 730 2119 venerabilis
752 2090 847 2119 etiam
866 2090 961 2119 frater
984 2095 1090 2119 noster
1113 2090 1237 2120 archie-

227 2147 374 2185 piscopus
391 2150 420 2174 et
437 2144 585 2174 nonnulli
605 2144 713 2174 clerici
734 2144 970 2180 Beneventani,
989 2153 1043 2182 per
1058 2144 1238 2182 iniquitatis

228 2201 375 2230 semitam
398 2199 600 2233 incedentes,
623 2208 654 2227 se
672 2198 857 2236 hujusmodi
880 2197 1132 2228 machinationis
1153 2203 1238 2228 acto-

228 2262 279 2283 res
301 2252 454 2282 exhibere
474 2260 537 2281 non
561 2256 710 2281 metuunt
732 2251 939 2290 principales,
957 2251 1033 2280 dum
1052 2255 1160 2281 contra
1181 2260 1238 2282 uos

227 2310 257 2336 et
270 2305 525 2345 jurisdictionem
542 2313 637 2343 quam
658 2304 691 2333 in
711 2304 794 2334 dicta
809 2304 936 2334 civitate
956 2312 1087 2334 romana
1103 2305 1238 2335 ecclesia

228 2359 322 2399 pleno
350 2360 422 2397 ,iure
447 2358 564 2387 habere
591 2357 767 2387 dinoscitur
794 2357 994 2395 operationes
1024 2367 1098 2388 suas
1125 2364 1237 2388 exten-

227 2412 302 2442 dere
326 2416 523 2448 satagentes,
550 2411 637 2440 idem
665 2410 923 2449 archiepiscopus
949 2411 1141 2449 capitaniam
1164 2421 1238 2442 cnm

227 2469 340 2495 xir1111⁰r
356 2464 540 2493 hominibus
562 2467 591 2493 et
614 2463 760 2502 syndicis
786 2463 978 2502 supradictis
1000 2464 1040 2494 ad
1056 2465 1237 2503 impedien-

228 2519 305 2549 dum
331 2518 431 2556 ipsius
457 2518 587 2547 rectoris
613 2517 753 2547 officium
780 2517 898 2546 dicitur
924 2519 1151 2556 assumpsisse,
1175 2523 1238 2548 tam

227 2582 280 2604 eos
296 2580 391 2611 quam
408 2576 527 2601 ceteros
547 2572 791 2601 Beneventanos
806 2571 845 2600 ad
863 2580 955 2600 suam
973 2572 1092 2601 faciens
1106 2581 1237 2610 presen—

228 2628 305 2657 tiam
330 2625 472 2661 evocari,
503 2626 594 2664 quasi
622 2625 753 2654 alterius
783 2625 914 2655 rectoris
944 2625 977 2654 in
1010 2626 1238 2664 temporalibus

227 2680 332 2711 officio
356 2679 554 2715 fungeretur,
573 2679 605 2707 in
623 2682 764 2707 nostram
786 2683 816 2708 et
841 2678 922 2708 dicte
939 2679 1023 2709 sedis
1039 2679 1192 2718 injuriam
1209 2683 1240 2710 et

227 2737 456 2772 contemptum.
472 2732 624 2762 Nolentes
642 2732 746 2770 itaque
763 2732 929 2771 premissa,
948 2732 973 2761 si
988 2732 1118 2762 veritate
1137 2733 1238 2762 nitan-

228 2792 289 2824 tur,
306 2788 488 2825 incorrepta
506 2785 648 2824 relinqui
718 2786 903 2816 discretioni
924 2791 976 2816 tue
994 2796 1047 2825 per
1067 2787 1239 2825 apostolica

228 2841 344 2880 scripta
367 2839 561 2869 mandamns
584 2839 752 2877 quatinus,
771 2839 809 2867 ad
831 2840 991 2869 civitatem
1018 2839 1191 2877 predictam
1211 2844 1238 2869 te

227 2893 436 2933 personaliter
451 2892 620 2922 conserens
637 2897 666 2921 et
682 2891 804 2921 liabens
817 2902 870 2930 pre
886 2893 987 2922 oculis
1002 2893 1104 2922 solum
1122 2893 1236 2930 Deum,

227 2956 322 2985 super
344 2945 509 2985 premissis
529 2950 589 2974 tam
616 2950 726 2975 contra
747 2945 1022 2984 archiepiscopum
1049 2950 1080 2975 et
1094 2945 1235 2981 clericos,

228 3009 353 3030 necnon
371 3004 537 3035 rectorem,
555 2999 706 3028 officiales
722 3003 752 3028 et
770 2999 942 3028 familiares
966 2999 1066 3038 ipsius
1085 3006 1115 3030 et
1139 3000 1239 3029 Bone-

1318 387 1473 413 ventanos
1491 384 1660 422 predictos,
1675 384 1765 422 juxta
1782 382 1886 412 datam
1907 381 1962 411 tibi
1984 390 2002 410 a
2019 381 2158 412 Domino
2176 381 2320 420 gratiam,

1318 436 1466 475 inquiras
1483 436 1670 474 diligentins
1686 436 1864 472 veritatem,
1885 439 1914 465 et
1931 434 2039 474 quein
2057 434 2116 464 hac
2132 439 2218 473 parte
2232 434 2322 466 inve-

1318 489 1404 519 neris
1418 489 1555 519 fideliter
1578 490 1611 518 in
1635 489 1760 528 scriptis
1779 488 1881 526 redigi
1898 488 2006 524 facias,
2026 496 2062 517 ea
2085 487 2175 518 nobis
2193 496 2265 518 cum
2284 487 2323 519 ad

1318 543 1513 581 presentiam
1540 542 1674 572 redieris
1698 541 1881 576 delaturus;
1911 541 2026 579 viginti
2045 545 2180 580 quatuor
2198 549 2323 581 quoque

1318 595 1478 634 sapientes
1490 599 1520 625 et
1535 595 1686 634 syndicos
1697 595 1905 634 supradictos,
1919 602 1999 633 quos
2015 603 2050 624 ex
2068 602 2154 624 nunc
2165 602 2324 626 cassamus

1318 654 1348 680 ot
1365 649 1532 679 irritamus
1548 654 1578 679 et
1599 658 1784 679 revocamus
1805 657 1962 687 expresse,
1993 660 2006 675 ι»
2032 656 2162 678 moneas
2183 656 2223 678 ne
2243 647 2322 680 ulte-

1318 703 1385 733 rius
1403 703 1533 733 rectoris
1549 702 1689 732 officium
1707 701 1897 741 impediant.

1391 889 1507 919 '2283

1354 951 1393 978 Ut
1428 951 1651 978 necessitatibus
1684 950 1859 977 Mokisensis
1888 950 2098 986 archiepiscopi
2128 950 2331 979 subveniatur..

1320 1000 1390 1033 (Fol.
1411 1000 1443 1027 46
1460 1001 1508 1033 ro.)

1801 887 1928 917 Orvieto,
1948 888 1978 914 17
1995 887 2160 922 septembre
2177 886 2255 915 1290.

1365 1103 1532 1132 Venerabili
1549 1104 1645 1140 fratri
1662 1103 1707 1139 8.,
1725 1104 1858 1140 episcopo
1873 1102 2062 1138 Penne-ino,
2081 1102 2241 1140 apostolice
2252 1103 2327 1134 sedin
2376 1124 2382 1140 ;,

1320 1158 1426 1195 leyam,
1444 1157 1574 1185 salutern
1595 1161 1621 1185 et
1647 1157 1843 1193 apostolicam
1868 1156 2114 1185 benediccionem.
2140 1155 2221 1185 Eum
2239 1159 2329 1194 rogat

1320 1215 1353 1240 nt
1371 1210 1415 1246 ὼ,
1435 1209 1612 1239 Mokisensi
1631 1209 1881 1247 archiepiscopo,
1903 1208 2120 1246 praesentium
2140 1207 2252 1245 latori,
2273 1209 2328 1248 qui

1318 1268 1444 1302 propter
1463 1262 1539 1292 fidei
1555 1262 1731 1292 catholicae
1754 1262 1984 1301 professionem
2000 1270 2018 1290 a
2036 1262 2162 1301 propria
2177 1261 2251 1292 sede
2273 1262 2331 1300 (le-⁴v
2379 1255 2384 1263 ⁸

1318 1316 1430 1355 pulsus
1454 1321 1515 1351 est,
1535 1321 1566 1346 et
1588 1316 1711 1345 dnobus
1728 1315 1941 1345 servientibus
1962 1315 2031 1353 ejus
2047 1315 2129 1345 vitae
2148 1315 2329 1358 necessaria

1319 1370 1500 1399 ministrari
1518 1370 1621 1400 saciat.
2328 1400 2330 1405 ,

1361 1435 1374 1449 α
1392 1422 1640 1452 Considerantes
1666 1423 1820 1452 attentius
1843 1422 1927 1461 qnod
2001 1439 2039 1443 —
2063 1422 2134 1452 Dat.
2158 1421 2242 1461 apud
2262 1421 2347 1453 Ur-.
2380 1412 2382 1434 ³

1317 1477 1554 1513 bemveterem,
1585 1485 1624 1505 xv
1647 1475 1802 1505 kalendas
1827 1475 1975 1512 octobris,
2003 1475 2207 1514 pontificatus
2230 1474 2328 1506 nostri
2342 1470 2362 1504 .’”
2382 1475 2383 1480 ’

1318 1539 1404 1560 anno
1424 1530 1526 1559 tertio.
1548 1540 1562 1555 ›>

1394 1716 1513 1745 ’2264

1356 1779 1462 1806 Contra
1483 1779 1632 1805 Romanos
1654 1782 1683 1804 et
1702 1777 1915 1805 Anibaldenses
1939 1778 1988 1813 qui
2011 1778 2185 1805 territorium
2208 1778 2331 1806 civitatis

1320 1828 1539 1855 Terracinensis
1556 1828 1774 1863 populaverunt.
1795 1827 1865 1861 (Fol.
1882 1827 1915 1854 46
1934 1833 1978 1859 1·⁰;
1995 1827 2100 1854 Po‘rm.
2117 1827 2227 1862 23416.)

1802 1715 1934 1749 Orvieto,
1952 1715 1985 1741 27
2002 1714 2166 1750 septembre
2183 1714 2261 1743 1290.

1362 1932 1472 1961 Dilecto
1492 1930 1556 1968 filio
1580 1931 1674 1960 nobili
1697 1933 1765 1960 viro
1783 1931 1920 1960 Jolmnnz·
1941 1931 1975 1960 de
2000 1931 2180 1968 Columpna,
2201 1930 2351 1963 senatori.
2387 1957 2390 1965 .

1324 1986 1423 2014 Urbis.
1445 1996 1458 2011 α
1479 1984 1608 2014 Dudum
1632 1984 1690 2013 tibi
1707 1983 1873 2022 scripsisse
1892 1983 2064 2014 recolimus
2080 1983 2163 2022 quod
2184 1982 2332 2014 nonnulli

1321 2038 1359 2067 de
1384 2037 1661 2068 Anibaldensibus
1686 2042 1716 2067 et
1740 2037 1796 2067 alii
1821 2038 1905 2067 cives
1932 2037 2068 2071 romani,
2085 2037 2153 2067 suis
2175 2036 2332 2068 limitibus

1321 2099 1386 2121 non
1412 2090 1566 2126 contenti,
1585 2089 1625 2119 ad
1647 2089 1856 2120 turbationem
1876 2094 1906 2119 et
1925 2090 2165 2128 occupationem
2183 2094 2264 2121 terre
2282 2097 2351 2121 ro--
2388 2083 2389 2091 ¹

1322 2152 1417 2173 mane
1441 2142 1574 2173 ecclesie
1601 2147 1719 2172 temere
1740 2142 1929 2181 aspirantes,
1949 2142 1988 2172 ad
2009 2142 2202 2182 capiendum
2221 2142 2350 2174 civita--

1324 2202 1386 2227 tem
1416 2197 1707 2232 Terracenensem,
1735 2205 1797 2235 qne
1828 2195 2044 2234 temporaliter
2071 2200 2102 2226 et
2128 2196 2351 2235 spiritualiter.

1322 2250 1416 2280 nobis
1440 2250 1559 2286 subest,
1583 2249 1720 2279 ostiliter
1741 2254 1954 2285 accesserunt,
1976 2254 2006 2279 et
2025 2258 2099 2280 cnm
2117 2248 2208 2279 illam
2225 2258 2333 2289 capere
2352 2287 2353 2290 Ἴ

1322 2303 1566 2342 nequivissent,
1587 2303 1625 2332 ad
1644 2303 1923 2341 depopulationem
1947 2307 1977 2332 et
2001 2303 2262 2342 depredationem
2282 2303 2332 2333 in·
2350 2320 2355 2328 ι

1323 2357 1491 2386 tendentes
1508 2357 1621 2396 ipsius,
1633 2357 1788 2386 animalia
1803 2356 1923 2387 civium
1939 2356 2078 2386 civitatis
2094 2357 2120 2396 ej
2128 2356 2249 2391 usdem,
2263 2355 2355 2388 des-³

1323 2411 1434 2441 tructis
1448 2419 1558 2440 eorum
1575 2411 1746 2449 segetibus,
1764 2410 1912 2449 nequiter
1925 2410 2128 2440 adduxerunt
2141 2411 2174 2440 in
2191 2404 2354 2449 predamj*

1322 2464 1402 2494 alias
1426 2465 1471 2494 eis
1489 2464 1629 2503 dampna
1647 2464 1888 2503 quamplurima
1906 2463 2089 2502 irrogando,
2107 2467 2234 2503 propter
2249 2462 2349 2503 quod,

1323 2518 1380 2547 tibi
1402 2518 1487 2547 inter
1502 2517 1565 2547 alia
1587 2519 1646 2548 sub
1666 2523 1750 2548 certa
1770 2518 1872 2548 soi-ina
1888 2517 2037 2547 dedimus
2053 2516 2168 2547 litteris
2186 2516 2221 2547 in
2240 2524 2353 2547 man--

1321 2571 1402 2601 datis
1427 2576 1461 2601 nt
1480 2572 1637 2610 predictos
1657 2571 1893 2601 Anibaldeusos
1912 2576 1941 2601 et
1957 2572 2043 2601 cives
2065 2579 2234 2608 romanos,
2257 2577 2339 2612 quos

1321 2625 1356 2654 in
1376 2625 1527 2663 predictis
1548 2626 1724 2664 repperires
1740 2625 1926 2665 culpabiles,
1946 2634 1981 2655 ex
2000 2624 2105 2654 officio
2125 2628 2177 2654 tuo
2192 2623 2332 2654 studeres

1322 2687 1403 2717 pena
1427 2678 1533 2708 debita
1552 2679 1722 2716 castigare,
1743 2688 1778 2708 ex
1796 2683 1883 2717 parte
1898 2682 2005 2708 nostra
2023 2677 2190 2716 predicens
2213 2676 2332 2707 eisdem

1322 2732 1419 2771 qnod,
1438 2732 1502 2761 nisi
1523 2732 1563 2762 ab
1585 2732 1769 2771 hujusmodi
1792 2731 2087 2771 presumptionibus
2104 2735 2134 2761 et
2151 2728 2332 2761 insolentiis

1320 2785 1497 2823 resilirent,
1508 2786 1591 2824 ipsos
1604 2784 1753 2816 dominos
1767 2790 1943 2815 castrorum
1955 2789 1985 2814 et
1997 2783 2207 2814 vassallorum
2219 2787 2248 2813 et
2259 2781 2334 2813 alio·

1322 2848 1394 2868 rum
1410 2839 1566 2869 bonorum
1584 2848 1646 2878 que
1663 2839 1695 2868 in
1716 2846 1797 2869 terra
1813 2838 1944 2868 ecclesie
1959 2838 2106 2868 obtinent
2121 2837 2329 2875 privaremus.

1323 2892 1442 2921 Verum
1456 2893 1541 2931 quia,
1554 2893 1636 2922 sicut
1651 2902 1751 2931 nuper
1767 2893 1828 2922 suit
1843 2892 2020 2931 expositum
2037 2899 2143 2921 coram
2160 2889 2264 2927 nobis,
2277 2896 2332 2920 no-

1323 2945 1402 2975 biles
1417 2945 1478 2975 viri
1491 2946 1684 2976 Laurentius
1699 2947 1736 2976 de
1746 2945 1922 2980 Candnlfis,
1933 2944 2036 2980 miles,
2047 2943 2227 2974 Anibaldns
2238 2942 2331 2973 etPe-

1324 2993 2332 3037 trus,filiiTransmundi,eorumquetiliietuepotes,Riccardue
