2393 3496
22 0 142 91 τ..

62 92 66 97 .
76 90 88 99 s

894 309 1136 355 CINQUOEME
1158 310 1316 348 ANNEn
2103 319 2161 350 923

73 395 137 426 suis
153 390 337 431 hujusmodi
357 389 524 427 negotium
545 388 816 426 contingentibus,
843 385 1011 425 apostolico
1039 393 1072 414 se

73 444 248 485 eonspectui
263 437 498 481 representem.
523 442 607 480 quod
628 450 724 479 super
743 439 909 479 premissis
923 438 1073 468 ordinare

72 509 126 532 sou
140 502 275 528 statuere
291 495 343 525 vel
354 495 508 525 mandare
524 495 721 525 voluerimus
737 498 900 532 recepture
911 502 945 521 ac
959 490 1074 520 nichil-

73 553 196 584 ominus
215 550 333 579 sacture
354 552 382 578 et
403 553 567 586 recepture
585 547 669 586 quod
691 546 767 577 ordo
787 545 955 575 dictaverit
974 544 1072 573 ratio-

71 614 133 642 ms.
149 604 239 635 Diem
250 610 323 632 vero
336 600 525 640 prefixionis
536 600 723 638 hujusmodi
737 604 767 629 et
778 598 929 638 quicquid
942 597 1016 626 inde
1028 597 1073 626 fe-

63 657 178 698 ffieritis
188 656 278 685 nobis
290 664 344 692 per
355 658 474 683 vestras
488 653 609 682 litteras
621 653 735 682 harum
747 652 862 681 seriem
874 651 1074 681 continentes

47 710 206 753 'fideliter
220 708 385 738 intimetis.
404 707 494 743 Quod
517 707 543 736 si
571 715 633 736 non
657 715 769 736 omnes
791 705 855 735 hiis
879 703 1074 742 exequendis

64 761 234 794 'mmeritis
252 761 424 795 interesse,
449 764 511 789 tres
533 764 673 789 vestrum
691 768 726 788 ea
746 758 980 788 nichilominus
1000 765 1073 785 exe-

66 804 94 849 172,
122 819 220 844 ntur.
238 813 308 842 Dat.
330 812 448 849 Rome,
465 812 548 850 apud
566 812 714 841 Sanctam
740 811 876 840 Mariam
900 811 1073 849 Maiorem,

61 863 314 902 ·’·’“ἰι”υ5.11]αι·ῑίἰ,
332 873 418 895 anno
439 865 564 903 quinto.
585 876 600 889 ν

404 1050 764 1085 Sainte-Marie-Majeure‚
786 1051 815 1077 15
831 1058 907 1076 mars
927 1050 1002 1077 1292.

79 1091 110 1110 t'l

69 1123 76 1126 ·
106 1114 210 1144 Abbati
231 1113 399 1140 monasterii
417 1112 516 1139 Sancti
533 1112 613 1138 Pauli
630 1112 664 1138 de
686 1111 763 1139 Urbe
782 1113 946 1138 facultatem
963 1112 1074 1138 locandi

55 1159 269 1195 -·“·ᾒ»·-’”οιιεε
291 1163 459 1189 monasterii
473 1161 615 1189 concedit.
638 1161 722 1195 (Rae.
740 1162 790 1192 46,
808 1170 833 1189 c.
855 1162 902 1196 19,
922 1162 942 1188 f.
962 1162 1010 1189 190
1026 1168 1073 1193 v⁰;

76 1206 83 1213 ²
103 1229 106 1237 ι
153 1232 186 1248 .,
200 1211 312 1245 23942.)

87 1329 89 1333 r
110 1315 228 1346 Dicentis
256 1313 333 1350 filiis
358 1313 389 1342 B.
414 1314 514 1342 abbati
535 1318 561 1341 et
583 1314 743 1342 conventui
768 1315 946 1354 monasterii
971 1313 1076 1342 Sancti

37 1355 162 1401 Α’«ςιιὶἰ
176 1368 210 1397 cle
227 1368 309 1397 Urbe.
331 1378 345 1393 α
364 1367 408 1396 Ea
424 1366 563 1396 libenter
582 1371 775 1405 quantum...
800 1366 844 1395 Ex
863 1371 949 1404 parte
972 1367 1074 1405 siqui-

92 1434 136 1450 ιιιι
159 1425 262 1451 vestra
283 1420 344 1450 fuit
363 1420 560 1459 propositum
580 1427 687 1449 coram
707 1419 799 1449 nobis
816 1421 900 1458 quod
921 1420 1075 1450 nonnulle

22 1478 33 1506 .”
66 1476 103 1510 εξέ
121 1484 183 1505 nus
199 1470 239 1504 ad
252 1474 359 1513 ipsum
378 1474 611 1504 monasterium
631 1477 808 1512 spectantes
827 1474 1076 1512 emphitheotice

76 1560 89 1563 ,
117 1527 204 1558 solite
219 1527 318 1557 locari
331 1522 520 1566 plerumque
535 1526 575 1555 ad
587 1526 708 1556 dietum
725 1528 956 1556 monasterium
972 1527 1077 1557 devol-

66 1577 200 1618 ’ns''ntur,
220 1589 332 1610 verum
347 1580 436 1618 quia,
455 1579 656 1610 obstantibus
668 1580 852 1618 juramento
866 1581 950 1619 quod
970 1586 1013 1616 tu,
1029 1580 1077 1610 fili

69 1641 83 1671 :j
101 1633 182 1670 ibas,
196 1633 236 1664 de
253 1642 318 1663 non
335 1633 479 1663 locandis
494 1633 748 1672 possessionibus
767 1633 869 1671 ipsius
888 1635 1077 1664 monasterii

62 1676 86 1704 ⁶*
117 1699 126 1713 ι
145 1674 237 1717 titisti
273 1690 304 1716 et
328 1686 453 1716 statutis
486 1687 630 1724 ejusdem
669 1686 857 1716 monasterii
890 1688 1076 1717 auctoritate

63 1728 242 1780 spostolica
259 1739 370 1777 editis,
386 1739 426 1769 de
440 1739 590 1769 domibus
608 1739 796 1778 hujusmodi
812 1745 842 1768 et
857 1740 952 1769 etiam
969 1740 1008 1770 de
1027 1750 1076 1771 ca-

69 1805 100 1823 ff:
124 1792 184 1823 'nis
194 1793 234 1823 ad
249 1793 355 1832 ipsum
374 1793 606 1823 monasterium
622 1793 772 1822 similiter
785 1793 1020 1831 pertinentibus
1031 1803 1075 1824 so-

43 1879 51 1893 .
65 1835 99 1885 4
118 1860 123 1864 ·
149 1845 316 1877 locationis
336 1846 498 1876 celebrare
522 1851 721 1876 contractum
746 1856 804 1877 nec
827 1848 999 1877 concedere
1016 1848 1077 1877 ali-

8 1903 12 1908 ‘
60 1894 150 1940 ‘'‹zfftlas
180 1909 217 1929 ex
251 1900 507 1938 possessionibus
540 1900 618 1938 ipsis
654 1905 741 1938 aptas
774 1901 813 1930 ad
849 1902 1075 1939 pastinandum

66 1946 230 1990 ··uitis‚
248 1953 336 1982 vobis
352 1958 382 1982 et
399 1953 482 1983 dicto
497 1953 692 1983 monasterio
714 1962 749 1982 ex
771 1953 831 1983 hoc
851 1963 946 1992 grave
964 1955 1079 1984 imiuet

102 2005 315 2043 trimentum;
333 2015 433 2045 quare
451 2015 546 2045 super
561 2006 620 2036 hoc
636 2011 743 2036 nostre
764 2007 955 2045 provisionis
973 2018 1076 2037 reine-

59 2054 159 2094 sum
173 2058 338 2089 humiliter
353 2058 559 2098 implorastis.
579 2059 645 2089 Nos
663 2059 773 2097 itaque
792 2059 933 2090 volentes
950 2069 1076 2090 monas-

45 2099 142 2150 therii
162 2113 304 2152 ejusdem
327 2113 558 2152 indempnitati
582 2114 751 2151 providere
775 2113 945 2143 salubriter
963 2114 998 2143 in
1018 2115 1077 2144 hac

48 2151 82 2200 ’,κ’
129 2170 167 2204 te,
181 2166 267 2205 quod
279 2167 389 2197 domos
405 2166 597 2206 hujusmodi
614 2170 643 2197 et
660 2167 812 2202 casalina,
829 2177 901 2197 cum
917 2170 1077 2198 consuetis

47 2214 85 2262 ,ᾗ
110 2219 148 2250 tis
167 2223 198 2249 et
218 2220 384 2259 canapinis
405 2220 510 2250 locare
525 2220 619 2256 aliis,
640 2220 766 2259 aliquas
788 2229 914 2259 quoque
929 2231 966 2250 ex
985 2221 1077 2251 dictis
1110 2253 1112 2255 ,

113 2273 322 2303 ssessionibus
341 2282 420 2311 quas
436 2273 589 2303 noveritis
607 2273 645 2303 ad
663 2273 722 2303 hoc
741 2278 829 2312 aptas
851 2274 890 2302 ad
911 2275 1076 2312 pastinan-

51 2314 148 2364 fsflum
170 2334 294 2356 necnon
317 2327 427 2355 vineas
450 2326 489 2355 ad
514 2326 635 2356 dictum
658 2327 889 2356 monasterium
911 2327 1077 2358 devolutas

53 2374 122 2408 <:vel
135 2379 168 2408 in
184 2384 344 2417 posterum
361 2380 590 2415 devolvendas,
609 2380 716 2410 solitas
732 2380 829 2410 locari
846 2381 894 2410 vel
911 2380 1055 2410 insolitas
1069 2406 1076 2418 ,

47 2421 160 2475 J'juxta
174 2432 308 2461 sormam
323 2437 504 2462 contractus
526 2441 621 2471 super
644 2433 704 2463 hoc
723 2433 758 2462 in
778 2433 862 2464 dicto
882 2434 1077 2464 monasterio

41 2477 197 2525 *Jsolitam
213 2485 377 2516 observari
399 2486 474 2516 dare
490 2486 591 2516 libere
608 2486 774 2516 valeatis...
795 2487 865 2516 Dat.
888 2492 923 2517 ut
938 2497 1043 2526 supra.
1061 2499 1074 2514 n

142 2669 258 2698 89⁰2

108 2728 151 2757 De
174 2732 410 2765 possessionibus
434 2734 601 2760 monasterii
625 2734 723 2761 Sancti
744 2734 894 2761 Benedicti
916 2735 950 2761 de
974 2734 1077 2769 Bagis,

75 2776 207 2806 Vioensis
221 2780 374 2813 dioecesis,
392 2782 547 2809 mutandis.
568 2782 650 2815 (Rea.
668 2783 710 2814 46,
728 2791 754 2810 c.
771 2783 819 2814 20,
837 2784 856 2810 f.
877 2784 924 2811 190
941 2785 992 2816 vo.)

404 2670 761 2706 Sainte-Mm-ie-Majeure,
782 2673 819 2698 1⁸¹·
835 2680 911 2698 mars
930 2672 1004 2699 1292.

114 2902 135 2910 ..
148 2883 250 2919 priori
263 2883 367 2912 Sancti
378 2884 472 2913 Pauli
485 2885 520 2913 de
535 2885 658 2922 Campo,
673 2886 765 2914 Barch
773 2888 929 2915 ittonensis
941 2888 1076 2924 diocesis,

75 2934 203 2964 mandat
216 2940 250 2964 nt
264 2935 409 2975 inquirat
426 2937 464 2967 de
481 2938 616 2968 utilitate
636 2939 824 2969 mutationis
841 2941 1077 2978 possessionum

75 2987 164 3026 cujus
178 2988 273 3018 abbas
291 2993 321 3018 et
336 2993 512 3020 conventus
528 2992 716 3021 monasterii
735 2992 843 3022 Sancti
863 2993 1026 3023 Benedicti
1039 2994 1078 3022 de

1156 384 1269 422 Bagis,
1297 384 1336 413 ad
1359 393 1526 414 romanam
1547 384 1712 414 ecclesiam
1739 383 1828 413 nullo
1842 383 1936 413 nedio
1958 384 2158 422 pertinentis,

1154 437 1275 466 ordinis
1293 437 1326 467 S.
1346 438 1519 471 Benedicti.
1535 438 1682 467 Vicensis
1693 437 1858 471 dioecesis,
1876 436 2040 466 licentiam
2060 437 2159 475 petiit.

1197 502 1210 517 <t
1230 490 1343 520 Dilecti
1360 491 1420 520 filii
1437 514 1456 520 ..
1475 491 1610 520 abbas...
1627 509 1665 513 -
1682 491 1753 520 Dat.
1770 490 1872 519 Rome
1884 513 1892 525 ,
1909 489 1992 528 apud
2011 489 2160 519 Sanctam

1156 543 1291 573 Mariam
1310 544 1479 583 Majorem,
1497 543 1646 574 kalendis
1663 543 1780 577 martii,
1798 551 1884 572 anno
1899 542 2023 581 quinto.
2046 554 2059 569 n

1209 715 1463 743 Saos-6914
1518 713 1874 749 Sainte—B‘larie-Majeure
1892 714 1921 740 14
1938 722 2015 740 mars
2033 714 2108 741 1292.

1192 777 1362 811 Ruginatio,
1374 777 1593 811 archiepiscopo
1608 776 1768 802 Turonensi
1780 799 1784 804 .
1798 776 1913 803 mandat
1926 781 1955 802 ut
1968 777 2093 802 officium
2107 776 2163 803 sibi

1156 826 1344 852 commissum
1361 825 1513 858 vigilanter
1528 829 1670 850 exerceat.
1691 824 1774 857 (Res.
1790 825 1833 857 46,
1850 833 1876 851 c.
1895 825 1938 854 21,
1955 825 1973 850 f.
1995 824 2039 851 191
2059 826 2106 857 ro)

1203 925 1368 955 Venerabili
1385 926 1483 961 fratri
1499 948 1519 955 ..
1538 926 1720 962 Rayinaldo,
1739 926 1960 963 archiepiscopo
1985 927 2162 955 Turonensi.

1159 992 1172 1006 ιι
1190 979 1250 1009 Cor
1269 983 1412 1007 nostrum
1427 978 1624 1016 jocunditate
1640 977 1843 1015 perfunditur
1860 983 1889 1007 et
1911 979 1943 1007 in
1970 979 2108 1008 Domino
2127 988 2164 1008 ex

1156 1031 1283 1061 intimis
1300 1031 1480 1060 exultamus
1502 1039 1572 1059 cum
1587 1055 1592 1059 .
1610 1031 1678 1068 ipso
1692 1031 1828 1060 faciente
1844 1031 1899 1068 qui
1915 1031 2117 1060 concordiam
2130 1032 2164 1061 in

1156 1084 1348 1114 sublimibus
1377 1087 1542 1122 operatur.
1572 1083 1605 1112 in
1633 1083 1778 1113 ecclesiis
1803 1084 1988 1113 vacantibus
2014 1093 2165 1122 personas

1156 1137 1355 1167 concorditer
1380 1136 1454 1174 eligi
1475 1137 1633 1175 contingit
1659 1137 1801 1175 ydoneas
1827 1138 1860 1166 in
1886 1142 2045 1176 pastores,
2073 1143 2103 1168 et
2127 1139 2166 1168 ad

1157 1190 1391 1229 expeditionem
1403 1190 1539 1219 celerem
1552 1190 1744 1220 electionum
1756 1190 1941 1229 hujusmodi
1954 1191 2165 1222 libentissime

1157 1244 1274 1273 favoris
1310 1243 1474 1281 apostolici
1510 1244 1796 1282 promptitudinem
1831 1244 2045 1283 impertimur.
2082 1245 2167 1275 Sane

1157 1298 1319 1337 quondam
1340 1297 1486 1335 Philippo
1504 1298 1542 1327 de
1560 1297 1680 1334 Canda,
1698 1298 1975 1337 archipresbytero
1995 1298 2034 1328 de
2050 1299 2167 1329 Loc'nis

1157 1352 1191 1380 iu
1210 1351 1342 1381 ecclesia
1359 1351 1559 1386 anonensi,
1584 1351 1640 1389 qui
1667 1356 1733 1390 post
1758 1352 1880 1381 obitum
1905 1353 1986 1381 bone
2010 1353 2167 1382 memorie

1158 1405 1209 1439 R,
1229 1403 1458 1441 archiepiscopi
1479 1403 1695 1439 Turonensis,
1719 1413 1737 1432 a
1757 1404 1880 1433 dilectis
1902 1404 1976 1433 filiis
2001 1427 2022 1433 ..
2048 1404 2168 1434 decano

1159 1461 1188 1486 et
1198 1457 1336 1495 capitulo
1352 1457 1550 1486 Turonensis
1565 1457 1696 1487 ecclesie
1707 1458 1746 1486 ad
1758 1458 1858 1496 ipsius
1871 1458 2001 1488 ecclesie
2018 1458 2166 1496 regimen

1158 1511 1357 1540 concorditer
1382 1510 1500 1540 electus
1531 1511 1654 1547 extitit,
1684 1516 1858 1550 antequam
1887 1511 2167 1541 confirmationem

1159 1563 1327 1593 electionis
1344 1563 1530 1601 hujusmodi
1546 1564 1705 1593 obtineret
1727 1565 1810 1593 viani
1829 1565 1978 1594 universe
1999 1565 2103 1594 carnis
2120 1564 2169 1594 in-

1158 1625 1277 1654 gresso,
1296 1617 1408 1655 prefati
1421 1616 1560 1646 decanus
1571 1622 1601 1646 et
1616 1617 1804 1656 capitulum,
1819 1617 1938 1647 voeatis
1951 1618 2102 1647 omnibus
2113 1619 2168 1656 qui

1159 1670 1345 1704 voluerunt.
1360 1669 1540 1699 debuerunt
1557 1674 1587 1699 et
1600 1674 1773 1708 potuerunt
1788 1670 1919 1700 comode
1934 1671 2099 1706 interesse,
2118 1671 2169 1701 die

1159 1724 1198 1752 ad
1223 1722 1409 1760 eligendum
1437 1723 1573 1765 prefixa,
1602 1727 1635 1752 ut
1661 1723 1760 1753 moris
1787 1728 1855 1759 est,
1880 1724 2109 1753 convenientes
2135 1725 2168 1753 in

1159 1785 1260 1805 unum
1279 1781 1307 1805 et
1323 1775 1460 1814 Spiritus
1481 1776 1588 1805 Sancti
1606 1776 1707 1813 gratia
1723 1777 1886 1812 invocata,
1905 1776 2117 1806 deliberantes
2135 1778 2169 1806 in

1160 1830 1347 1867 hujusmodi
1365 1830 1490 1867 negotio
1510 1839 1564 1868 per
1581 1831 1665 1859 viam
1683 1831 1851 1868 procedere
1863 1831 2098 1868 compromissi,
2116 1840 2168 1861 no-

1161 1892 1231 1912 vem
1250 1893 1285 1913 ex
1303 1883 1395 1913 dictis
1412 1883 1569 1921 capitulo⁷
1595 1883 1745 1912 videlicet
1765 1883 1890 1913 dilectis
1914 1884 1991 1913 filiis
2007 1885 2168 1922 magistris

1159 1937 1295 1966 Girardo
1310 1936 1349 1966 de
1365 1936 1585 1966 Monterebelli
1597 1959 1604 1970 ,
1629 1937 1904 1974 transvigeuensi‚
1923 1941 1951 1966 et
1970 1937 2113 1967 Johanni
2131 1937 2171 1966 de

1160 1990 1267 2025 Carta,
1288 1989 1530 2026 transligerensi
1546 1989 1794 2019 archidiaconis
1812 1989 1967 2019 Gaut'rido
1984 1990 2103 2023 Ysore,
2121 2000 2171 2019 ar-

1160 2043 1399 2081 chipresbytero
1415 2042 1530 2072 Sancte
1549 2043 1659 2071 Maure
1676 2043 1710 2071 in
1727 2042 1861 2073 ecclesia
1880 2043 2061 2081 supradicta
2073 2066 2080 2079 ‚
2096 2044 2169 2073 Ric-

1159 2096 1252 2126 cardo
1266 2096 1304 2125 de
1320 2095 1477 2134 Nealpha,
1494 2096 1587 2125 Petro
1599 2095 1637 2124 de
1650 2096 1810 2131 Nucariis,
1827 2096 1985 2126 Clementi
2003 2096 2168 2131 Ademari,

1161 2148 1469 2187 NicolaodeNayda,
1480 2148 1655 2178 Guillelmo
1664 2149 1702 2178 de
1714 2149 1862 2178 Naroella
1873 2148 1917 2188 (1)
1927 2149 2125 2179 etGileberto
2133 2149 2170 2179 de

1160 2202 1324 2238 Ambazffl,
1342 2202 1504 2231 canonicis
1521 2202 1664 2240 ejusdem
1684 2202 1827 2237 ecclesie,
1843 2201 2031 2240 providendi
2049 2211 2084 2231 ea
2101 2201 2170 2231 vice

1160 2264 1195 2284 ex
1207 2264 1238 2284 se
1249 2255 1327 2293 ipsis
1336 2253 1464 2284 relaliis
1476 2254 1608 2283 ecclesie
1618 2255 1756 2292 predicte
1764 2254 1802 2283 de
1811 2260 1934 2292 pastore
1944 2260 2170 2284 concesserunt

1161 2309 1355 2337 unanimiter
1372 2312 1568 2346 potestatem7
1588 2308 1808 2345 promittentes
1826 2307 1969 2336 illumin
1988 2316 2099 2336 eorum
2115 2316 2168 2336 ar-

1159 2362 1396 2400 chiepiscopum
1414 2361 1554 2399 recipere
1570 2361 1601 2390 iu
1617 2370 1712 2399 quem
1732 2361 1830 2389 iidem
1846 2360 2119 2398 compromissarii
2132 2369 2168 2389 ex

1159 2425 1191 2444 se
1207 2415 1282 2454 ipsis
1300 2414 1350 2444 vel
1369 2414 1443 2443 aliis
1464 2415 1683 2444 consentirent
1714 2419 1743 2442 et
1761 2423 1856 2452 quem
1876 2422 1960 2443 unus
1977 2424 2012 2442 ex
2032 2414 2096 2449 eis,
2113 2421 2171 2443 suo

1159 2473 1188 2498 et
1209 2468 1403 2505 collegarum
1427 2476 1558 2497 snorum
1586 2467 1732 2503 nomine,
1758 2468 1796 2496 de
1819 2467 1986 2496 communi
2011 2475 2168 2496 consensu

1159 2521 1344 2552 eorumdem
1356 2521 1497 2558 eligeret,
1515 2529 1570 2550 seu
1584 2521 1679 2549 etiam
1694 2520 1883 2560 postularet3
1898 2524 2049 2558 potestate
2060 2519 2170 2558 hujus-

1160 2575 1245 2604 modi
1263 2583 1361 2612 usque
1377 2574 1415 2602 ad
1429 2575 1706 2611 consumptionem
1718 2573 1884 2611 cujusdam
1902 2573 2033 2602 candele
2049 2582 2111 2611 que
2126 2573 2171 2602 ibi

1159 2637 1291 2658 accensa
1310 2628 1410 2657 extitit
1427 2627 1597 2663 duratura3
1615 2627 1692 2656 dicti
1708 2632 1815 2659 autem
1832 2626 2049 2656 archidiaconi
2067 2631 2096 2655 et
2114 2635 2168 2655 eo-

1161 2690 1232 2710 rum
1248 2680 1368 2718 college
1385 2680 1567 2709 secedentes
1584 2681 1617 2709 in
1635 2686 1769 2717 partem,
1787 2684 1854 2717 post
1870 2679 2059 2716 diligentem
2073 2687 2169 2716 quem

1160 2743 1254 2772 super
1274 2734 1332 2762 hoc
1353 2733 1492 2761 habuere
1510 2736 1693 2768 tractatum,
1718 2732 1750 2760 in
1774 2737 1818 2767 te,
1845 2736 1919 2761 tune
1941 2731 2169 2761 cancellarium

1161 2787 1291 2816 ecclesie
1318 2785 1516 2824 supradicte,
1540 2785 1740 2814 concorditer
1762 2789 2014 2820 consenserunt,
2044 2789 2071 2813 et
2097 2789 2170 2812 ante

1160 2839 1438 2877 consumptionem
1449 2838 1530 2866 dicte
1541 2837 1672 2867 candele
1681 2837 1820 2875 prefatus
1832 2839 1982 2874 magister
1992 2835 2168 2869 Gerendus,

1192 2953 1223 2982 (l)
1239 2953 1365 2975 Now-ella
1382 2951 1449 2972 11:an
1462 2950 1488 2973 la
1507 2950 1579 2972 bulle
1600 2950 1733 2980 originale
1749 2949 1877 2972 adressee
1895 2956 1929 2971 au
1952 2948 1992 2970 roi
2011 2947 2044 2970 de
2066 2946 2170 2969 France

1163 2999 1254 3028 (Arcti.
1271 2999 1330 3021 ,Vati
1349 2995 1372 3020 J.
1390 2996 1443 3023 099,
1459 2995 1507 3025 80).
