2393 3496
182 299 240 327 820

253 363 367 392 6099

219 425 255 451 L't
280 426 375 451 nullus
397 430 494 450 contra
515 423 669 449 inonachus.
694 422 857 447 monasterii
883 420 979 447 Sancti
1004 421 1134 455 Dionysii
1159 422 1186 446 in

666 361 790 391 [ti-vieto,
808 361 840 387 32
857 360 1019 394 septembre
1037 359 1114 386 129¹.

183 473 301 500 Francia
325 473 477 499 canonicas
504 472 661 497 sententias
685 471 756 496 serre
784 470 883 501 possit.
907 469 990 501 (um.
1012 470 1059 502 40,
1077 478 1102 495 c.
1121 468 1184 501 52³1,

182 524 199 548 1.
222 523 268 550 103
288 525 337 553 ΥΟ.)

223 645 243 652 ..
275 624 375 651 abbaci
407 627 432 650 e(
464 622 625 650 conrrulni
654 620 829 649 monasterii
860 620 964 650 Sancti
991 621 1127 657 Dyonissi
1155 622 1186 649 in

181 677 329 707 Francia,
348 675 386 702 ad
406 682 564 701 romanam
587 673 738 701 ecclesiam
762 673 847 702 nullo
871 674 967 702 medio
985 675 1184 711 perimentis,

181 728 297 756 ordinis
320 727 348 755 S.
377 725 545 760 Benedicti,
570 725 754 754 Parisiensis
778 725 909 755 diocesis.
939 738 953 753 (ι
977 727 1186 756 Attendentes

179 779 317 818 qualiter
331 778 501 806 ecclesia...
515 777 564 806 Ad
579 778 680 807 instar
694 778 795 808 felicis
809 779 1037 810 recordationis
1050 779 1187 809 Alexan-

178 832 227 860 dri
249 840 325 870 pape
346 831 415 865 1111,
435 830 666 868 predecessoris
685 832 799 867 nostri,
817 833 987 862 statuimus
1003 838 1031 863 et
1047 834 1186 863 auctori-

180 890 240 914 tate
264 883 436 922 apostolica
464 884 670 922 prohibemus
700 889 732 914 ut
760 884 842 914 nulli
871 886 1107 925 archiepiscopo
1137 886 1185 916 vel

178 938 322 976 episcopo
338 942 393 966 aut
413 936 468 966 alii
492 938 704 967 ecclesiastice
725 947 857 976 persone
874 939 913 968 sit
933 939 1055 969 licitum
1075 939 1186 969 fratres

177 995 313 1026 vestros,
344 991 411 1020 sive
439 991 558 1029 priore<
589 991 743 1021 cellarum
774 997 950 1021 vestrarum
980 993 1044 1022 sint
1069 998 1125 1022 aut
1151 993 1185 1022 in

177 1043 266 1073 cellis
292 1053 346 1073 seu
375 1043 526 1073 villarum
550 1044 701 1073 custodiis
725 1044 774 1073 vel
800 1044 877 1074 alibi
901 1045 1095 1085 ubicumque
1119 1055 1186 1076 mo-

179 1101 302 1132 rentur,
322 1101 425 1135 preter
441 1105 608 1126 romanum
627 1097 808 1135 pontificem
829 1097 878 1127 vel
895 1099 964 1136 eJus
978 1098 1130 1136 legatum,
1147 1099 1186 1129 ab

178 1149 291 1179 officiis
312 1150 431 1179 divinis
449 1150 643 1188 suspendere
660 1154 715 1179 aut
732 1150 882 1180 interdici
901 1151 949 1180 vel
966 1152 1186 1182 excommuni-

177 1203 313 1232 cationis
332 1203 490 1232 senteutia
510 1203 784 1241 condempnarem
809 1204 879 1233 Dat.
903 1204 987 1242 apud
1007 1205 1185 1235 Urbemve-

179 1260 290 1290 terem,
308 1266 324 1285 x
342 1255 494 1285 kalendas
510 1255 658 1292 octobris,
675 1264 762 1286 anno
779 1260 901 1295 quarto.
925 1268 938 1283 ι»

248 1428 370 1456 6100

212 1490 369 1517 Monachos
390 1492 556 1517 monasterii
577 1490 674 1517 Sancti
698 1491 830 1526 Dionysii
852 1493 880 1519 in
898 1492 1018 1519 Francia
1037 1494 1087 1528 qui
1108 1494 1186 1529 prio-

661 1429 787 1460 Orvieto,
804 1429 838 1456 ⁶28
854 1429 1018 1464 septembre
1036 1430 1113 1458 1291.

177 1544 266 1571 ratus,
284 1540 374 1566 officia
393 1540 435 1566 vel
450 1540 715 1567 administrationes
730 1549 780 1576 per
796 1549 897 1576 preces
912 1546 1076 1577 magnatum
1092 1548 1120 1570 et
1135 1553 1187 1579 po-

177 1589 296 1614 tentium
314 1589 501 1615 obtinuerunt
514 1589 556 1615 vel
568 1589 739 1616 obtinebunt
751 1590 785 1616 ab
797 1590 906 1617 eisdem
921 1591 1069 1619 beneficiis
1082 1594 1184 1628 privat.

182 1636 262 1668 (Rea.
280 1638 322 1671 46,
339 1646 363 1664 c.
381 1638 441 1669 525,
460 1638 478 1664 s.
500 1638 547 1666 103
563 1645 609 1669 v⁰;
629 1638 746 1673 Pori-n„
764 1639 873 1673 ζ231337.)

219 1741 346 1769 Eisdem.
368 1752 381 1766 «
406 1740 639 1770 Monasterium
659 1746 798 1771 vestrum
819 1742 944 1773 sincera
963 1743 1135 1782 diligentes
1151 1745 1185 1774 in

178 1792 316 1822 Domino
333 1793 471 1828 caritate,
490 1793 546 1823 illa
562 1793 699 1824 libenter
714 1795 921 1826 concedimus
936 1799 1068 1836 pei-'que
1085 1799 1186 1837 ipsius

176 1846 322 1875 obvietur
338 1846 516 1884 dispendiis
532 1851 562 1877 et
577 1849 723 1886 personis
738 1849 774 1878 in
790 1858 826 1879 eo
843 1849 1033 1888 degentibus
1049 1852 1186 1883 salubri-

164 1892 223 1928 ter
253 1899 448 1930 consulatur.
481 1900 531 1930 Ad
563 1901 763 1932 audientiam
795 1903 957 1942 siquidem
993 1906 1186 1944 apostolatus

176 1954 276 1982 nostri
293 1955 439 1991 pervenit
455 1955 539 1993 quod
554 1955 686 1994 quidam
702 1956 803 1995 ipsius
817 1959 1004 1989 monasterii
1020 1962 1183 1997 monachi,

176 2015 247 2036 ceca
265 2007 440 2045 cupiditate
463 2008 603 2045 seducti,
620 2009 700 2048 qnid
720 2011 905 2041 animarum
925 2012 1021 2042 saluti
1040 2015 1186 2053 expediat

176 2060 312 2090 minime
328 2060 544 2098 advertentes,
566 2071 661 2101 super
676 2064 881 2094 conferendis
898 2065 958 2096 sibi
976 2067 1183 2105 prioratibus,

176 2113 290 2143 officiis
304 2123 358 2144 seu
372 2114 446 2144 aliis
459 2115 795 2147 administrationibus
807 2119 1003 2157 principum,
1019 2122 1183 2160 comitum,

177 2172 363 2204 magnatum
378 2168 581 2207 aliorumque
599 2174 764 2208 potentum
779 2171 909 2202 illarum
925 2174 1062 2211 partium
1077 2185 1186 2213 preces

176 2220 255 2249 adeo
276 2221 419 2250 efficaces
442 2223 525 2260 apud
552 2228 600 2260 te,
624 2224 670 2253 fili
689 2224 806 2262 abbas,
831 2225 992 2264 interponi
1016 2234 1187 2266 procurant

177 2272 263 2310 quod
284 2279 313 2303 111
334 2274 569 2312 quodammodo
586 2277 708 2306 invitus
726 2287 835 2316 preces
850 2279 934 2317 ipsas
950 2281 1070 2318 cogeris
1087 2290 1185 2312 exau-

177 2325 262 2361 dire,
281 2327 388 2365 sicque
409 2328 441 2356 iu
464 2329 649 2359 obtinendis
667 2331 875 2369 prioratibus,
893 2333 1008 2364 officiis
1027 2340 1056 2364 et
1080 2336 1185 2366 admi-

176 2379 424 2410 nistrationibus
462 2382 646 2420 hujusmodi
678 2384 787 2421 dignis
824 2385 951 2424 indigni
985 2388 1186 2426 frequentius

178 2439 408 2471 preponuntur.
427 2436 459 2464 in
477 2436 664 2466 eorumdem
684 2438 914 2469 monachorum
932 2441 1117 2472 animarum
1132 2452 1185 2481 pe-

177 2486 318 2516 riculum
338 2492 367 2516 et
386 2489 486 2526 ipsius
511 2491 694 2520 monasterii
719 2491 961 2523 detrimentum.
982 2495 1047 2525 Nos
1070 2496 1184 2534 igitur,

177 2540 319 2577 ipsorum
338 2542 567 2571 monachorum
585 2543 679 2573 saluti
695 2544 835 2584 dictique
853 2548 1038 2577 monasterii
1058 2549 1186 2580 utilitati

178 2599 308 2632 paterna
326 2595 358 2623 in
380 2595 437 2624 hac
459 2601 544 2634 parte
561 2597 729 2633 diligentia
751 2599 917 2637 providere
933 2601 1093 2639 volentes,
1111 2612 1186 2634 auc-

178 2648 301 2678 toritate
317 2649 487 2686 apostolica
503 2650 679 2681 districtius
693 2652 880 2683 inhibemus
894 2664 934 2684 ne
950 2656 1022 2694 quis
1034 2657 1073 2686 de
1084 2662 1188 2688 cetero

177 2701 412 2731 monachorum
431 2703 531 2741 ipsius
549 2705 733 2734 monasterii
753 2715 848 2745 super
864 2707 1048 2738 obtinendis
1066 2710 1186 2748 priora-

179 2754 274 2790 tibus,
293 2754 406 2783 officiis
425 2764 479 2784 seu
497 2757 831 2789 11111111111511011011111115
850 2761 1052 2799 supradictis,
1069 2762 1185 2801 11111115-

179 2807 266 2836 modi
289 2817 395 2845 preces
416 2808 571 2839 dictorum
594 2811 794 2850 principum,
811 2814 982 2851 comitum,
999 2821 1186 2854 magnatum

179 2865 208 2888 et
225 2864 390 2898 potentum
408 2872 462 2900 per
479 2871 588 2892 eorum
606 2863 727 2894 litteras
746 2874 799 2895 seu
819 2865 898 2896 alias
920 2867 1091 2907 impetrare
1113 2879 1186 2908 pre-

179 2918 294 2942 sumat.
317 2913 353 2943 Et
374 2914 608 2945 nichilominus
633 2921 694 2946 tam
717 2917 790 2948 illos
810 2919 865 2957 qui
887 2920 1064 2958 prioratus,
1082 2922 1187 2953 officia

179 2974 232 2995 seu
260 2966 338 2996 alias
366 2967 663 3000 administrationes
689 2969 876 3009 hujusmodi
904 2978 1046 3011 pretextu
1074 2975 1185 3006 talium

928 294 1162 324 REGls'rREs
1185 294 1238 323 DE
1261 293 1444 323 NICOL-›xs
1468 294 1523 323 lv.

1271 367 1399 396 precum
1417 358 1562 389 obtinere
1579 364 1755 390 noscuntur
1767 368 1863 398 quam
1877 360 1932 399 qui
1949 369 1985 390 ea
2000 369 2056 399 per
2072 369 2178 400 preces
2193 362 2278 401 ipsas

1270 412 1478 449 imposterum
1507 412 1700 442 obtinebunt
1725 412 1837 442 eadem
1861 413 2046 443 auctoritate
2072 413 2278 446 decernimus

1270 464 1478 502 prioratibus,
1505 464 1618 494 officiis
1635 469 1666 494 et
1688 464 2024 496 administrationibus
2046 466 2125 504 ipsis
2148 475 2277 499 manere

1269 516 1398 554 penitus
1422 517 1612 554 destitutos,
1636 516 1756 556 illaque
1777 527 1832 556 per
1854 522 1897 554 te,
1922 519 2060 557 predicte
2082 519 2198 557 abhas,
2222 529 2277 552 5011

1269 568 1370 599 alium
1391 570 1445 609 qui
1471 570 1625 608 regimini
1650 571 1795 609 ejusdem
1822 571 2010 601 monasterii
2037 572 2188 611 prefuerit
2213 573 2279 604 [ore

1269 621 1340 652 aliis
1356 622 1489 661 ydoneis
1501 624 1644 662 personis
1657 624 1756 663 ipsius
1770 624 1968 660 monasterii,
1983 630 2074 664 prout
2085 625 2124 655 ad
2139 630 2280 658 vestrum

1269 676 1421 714 spectabit
1442 676 1583 706 officium
1596 700 1605 714 ‚
1626 676 1725 707 libere
1746 677 1950 708 conserenda.
1973 677 2064 708 Nulli
2085 687 2179 717 ergo¹
2200 683 2257 710 etc.
2271 703 2278 717 ,

1270 734 1376 759 nostre
1396 729 1603 760 inhibitionis
1621 734 1652 760 et
1669 731 1926 768 constitutionis,
1944 735 2002 761 etc.
2024 732 2094 763 Dat.
2111 733 2195 771 apud
2214 733 2279 764 Ur-

1270 782 1496 819 bemveterem,
1516 793 1562 812 1111
1580 782 1736 814 kalendas
1753 783 1900 820 octobris,
1917 793 2004 815 anno
2019 789 2142 824 quarto.
2164 797 2178 813 n

1307 1037 1439 1065 Facultas
1454 1039 1620 1065 absolvendi
1635 1048 1650 1065 a
1665 1039 1813 1066 canonicis
1829 1040 1992 1067 sententiis.
2008 1040 2090 1073 (Rau.
2103 1040 2146 1075 46,
2163 1048 2189 1068 c.
2206 1024 2281 1072 525²,

1270 1087 1288 1113 f.
1307 1087 1355 1113 104
1373 1094 1414 1120 r⁰;
1432 1087 1548 1120 Pom-Tm,
1564 1087 1676 1121 23834.)

1757 977 1884 1008 Orviet0‚
1901 978 1933 1004 ‘27
1951 978 2115 1013 septembre
2130 978 2209 1006 1291.

1310 1190 1441 1219 Eisdem.
1465 1201 1478 1216 α
1501 1190 1549 1219 Ad
1571 1199 1606 1220 ea
1623 1199 1685 1229 que
1708 1190 1876 1228 religionis
1894 1191 2036 1221 favorem
2055 1191 2212 1230 respicere
2228 1191 2280 1222 di-
2327 1206 2331 1211 ·

1270 1247 1448 1272 noscuntur
1462 1243 1654 1274 favorabiles
1667 1245 1697 1274 et
1711 1243 1871 1282 benignos
1885 1252 1943 1274 nos
1957 1245 2107 1275 convenit
2117 1244 2279 1276 exhibere.

1271 1295 1393 1326 Vestris
1410 1296 1517 1335 itaque
1535 1296 1823 1335 supplicationibus
1840 1297 2008 1334 inclinati,
2024 1298 2211 1328 auctoritate
2225 1306 2282 1329 vo-

1269 1348 1320 1379 bis
1329 1349 1530 1387 presentium
1542 1349 1753 1388 indulgemus
1765 1355 1800 1380 ut
1811 1350 1993 1381 volentibus
2006 1355 2110 1381 vestro
2120 1351 2282 1382 consortio

1269 1394 1434 1441 agregari,
1451 1403 1509 1442 qui
1530 1403 1750 1442 suspensionis
1767 1408 1822 1434 aut
1844 1404 2008 1435 interdicti
2027 1413 2084 1434 seu
2101 1412 2282 1435 excommu-

1269 1456 1440 1486 nicationis
1461 1457 1630 1486 sententiis
1653 1456 1724 1487 latis
1745 1466 1764 1487 a
1781 1465 1904 1487 canone
1923 1466 1960 1487 ac
1981 1458 2076 1488 etiam
2093 1458 2133 1488 ab
2149 1457 2282 1488 homine

1269 1509 1389 1539 fuerint
1411 1509 1575 1547 innodati,
1595 1510 1621 1539 si
1639 1519 1657 1539 a
1674 1509 1790 1540 talibus
1809 1511 1977 1541 sententiis
1995 1511 2035 1542 ab
2053 1511 2187 1542 homine
2206 1519 2281 1550 pro-

1268 1562 1422 1601 mulgatis
1436 1571 1499 1593 non
1516 1564 1580 1593 nisi
1596 1573 1651 1602 per
1666 1564 1774 1594 sedem
1790 1565 1996 1604 apostolicam
2009 1565 2134 1604 possint
2144 1564 2278 1601 absolvi,

1270 1621 1314 1652 tu,
1333 1616 1379 1646 fili
1395 1617 1492 1646 abbas
1503 1641 1510 1653 ,
1526 1617 1566 1647 ab
1581 1617 1732 1647 omnibus
1747 1618 1917 1648 sententiis
1935 1618 2124 1657 supradictis
2139 1618 2281 1649 auctori-

1270 1673 1332 1699 tate
1351 1674 1461 1700 nostra
1477 1670 1689 1701 absolutionis
1705 1671 1900 1701 beneficium
1914 1672 2005 1710 juxta
2020 1672 2157 1702 formam
2178 1671 2282 1702 eccle-

1269 1723 1316 1753 sie
1333 1723 1506 1762 impertiri,
1527 1732 1644 1762 eosque
1659 1725 1694 1754 in
1711 1728 1816 1754 vestro
1832 1725 2027 1756 monasterio
2046 1725 2083 1754 in
2103 1725 2280 1756 monachos

1270 1781 1300 1806 et
1319 1778 1352 1806 in
1374 1777 1486 1807 fratres
1506 1778 1645 1816 recipere
1661 1777 1803 1808 valeatis.
1823 1779 1872 1808 Ita
1888 1783 1994 1808 tamen
2011 1779 2096 1818 quod
2108 1803 2115 1815 ,
2134 1779 2161 1809 si
2176 1779 2281 1810 iidem

1271 1838 1326 1869 pro
1346 1831 1419 1868 jure
1444 1827 1577 1860 alterius
1597 1831 1719 1860 suerint
1741 1832 1910 1861 sententiis
1929 1832 2008 1870 ipsis
2026 1832 2167 1869 astricti,
2187 1841 2283 1872 super

1269 1882 1330 1913 hoc
1355 1883 1552 1913 satisfaciant
1576 1887 1802 1922 competenter.
1833 1883 1925 1914 Nulli
1951 1892 2044 1922 ergo,
2073 1888 2147 1922 etc„
2173 1888 2282 1915 nostre

1270 1937 1504 1973 concessionis,
1521 1941 1579 1967 etc.
1600 1937 1669 1966 Dat.
1689 1936 1773 1976 apud
1793 1937 2056 1968 Urbemveterem
2067 1961 2074 1975 ‚
2091 1947 2111 1967 v
2126 1936 2281 1968 kalendas

1269 1990 1418 2027 octobris,
1436 1999 1523 2020 auno
1541 1995 1664 2030 quarto.
1684 2004 1698 2017 n

1341 2182 1458 2211 61⁰2

1305 2244 1444 2272 Concedit
1465 2248 1496 2272 ut
1517 2245 1613 2272 clerici
1634 2246 1683 2280 qui
1703 2246 1790 2278 furta,
1816 2245 1971 2272 homicidia
1993 2250 2022 2272 et
2046 2245 2118 2272 alios
2138 2253 2280 2277 excessus

1269 2294 1468 2320 commiserint
1490 2298 1518 2320 et
1538 2294 1566 2320 in
1586 2297 1676 2320 terras
1694 2295 1861 2321 monasterii
1877 2293 1976 2321 Sancti
1992 2294 2124 2330 Dionysii
2146 2303 2179 2322 se
2199 2302 2281 2322 rece·-

1270 2344 1365 2378 perint
1389 2343 1451 2377 capi
1477 2346 1505 2369 et
1531 2342 1685 2369 ordinariis
1710 2343 1774 2369 suis
1799 2343 1943 2377 assignari
1969 2343 2091 2378 possint.
2117 2343 2201 2378 (Rau.
2227 2343 2278 2376 46,

1269 2399 1295 2418 c.
1314 2391 1374 2423 5⁵26,
1393 2392 1412 2419 f.
1430 2392 1478 2418 *104
1495 2399 1537 2424 r⁰;
1557 2391 1674 2424 Portu,
1691 2392 1802 2425 23838.)

1756 2182 1884 2217 Orviet0‚
1901 2182 1934 2210 28
1949 2183 2112 2218 septembre
2129 2183 2208 2211 1‘291.

1309 2495 1489 2531 Raymaldo,
1502 2495 1603 2524 abbati
1619 2495 1798 2524 monasterii
1812 2494 1916 2525 Sancti
1931 2496 2071 2534 Dyonisii
2083 2496 2118 2525 in
2133 2496 2277 2533 Francia,

1270 2549 1309 2578 ad
1326 2556 1489 2577 romanam
1505 2549 1657 2578 ecclesiam
1673 2549 1758 2577 *nullo
1773 2549 1871 2578 medio
1886 2549 2072 2586 pertinentis
2083 2572 2090 2585 ,
2110 2549 2231 2579 ordinis
2246 2549 2277 2579 S.

1270 2601 1435 2638 Benedicti,
1462 2602 1646 2631 Paris1·ensis
1668 2602 1803 2631 diocesis.
1828 2613 1842 2628 ι(
1867 2601 1957 2632 Sicut
1981 2601 2090 2641 petitio
2110 2606 2165 2632 tua
2188 2602 2281 2633 nobis

1270 2655 1413 2685 exhibita
1428 2655 1623 2692 continebat,
1640 2664 1713 2695 sepe
1729 2655 1886 2694 contingit
1901 2655 1985 2694 quod
2002 2655 2154 2688 nonnulli
2171 2655 2280 2687 clerici

1271 2710 1473 2740 diversorum
1492 2709 1634 2740 locorum
1650 2734 1656 2746 ,
1679 2710 1714 2739 in
1735 2710 1904 2748 reprobum
1924 2718 2056 2740 sensum
2072 2709 2159 2747 dati,
2178 2709 2278 2748 furta,

1271 2763 1443 2792 homicidia
1467 2767 1497 2792 et
1520 2762 1600 2792 alios
1622 2771 1771 2793 enormes
1798 2763 2035 2793 committentes
2057 2771 2221 2800 excessus,
2246 2767 2282 2794 ut

1269 2816 1408 2846 debitam
1432 2825 1547 2855 penam
1568 2825 1624 2855 pro
1646 2816 1832 2856 hujusmodi
1854 2815 2036 2846 excessibus
2054 2815 2101 2846 eis
2123 2824 2179 2856 per
2200 2815 2282 2848 loco-

1269 2878 1342 2899 rum
1358 2868 1538 2900 ordinarios
1553 2869 1765 2908 infligendam
1782 2869 1913 2905 evitent,
1927 2871 2001 2907 post.
2006 2869 2219 2907 patrationem
2234 2868 2281 2908 ip-

1270 2931 1380 2953 sorum
1403 2932 1590 2953 excessuum
1610 2923 1644 2952 in
1667 2927 1749 2953 terra
1769 2923 1802 2952 in
1825 2931 1888 2962 qua
1905 2922 2026 2953 dictum
2046 2922 2280 2954 monasterium

1270 2976 1469 3015 spiritualem
1492 2981 1522 3007 et
1540 2976 1748 3016 temporalem
1762 2976 2019 3016 jurisdictionem
2035 2976 2160 3007 obtinet
2177 2984 2210 3007 se
2228 2985 2281 3007 re-
