2393 3496
889 332 1100 362 REGISTRE
1122 320 1337 361 CAMnRAL.
2104 332 2160 362 949

141 401 254 432 '2⁰32

107 465 150 493 De
163 463 262 491 eodem
279 462 404 497 negotio.
421 461 493 496 (Fol.
512 463 541 488 11
559 467 608 494 vo.)

599 398 802 432 Saint-Pierrc,
818 399 833 425 4
850 399 905 425 mai
925 399 1000 426 1288.

112 560 230 590 Dilectis
252 559 327 596 filiis
356 558 491 596 capitulo
516 557 632 587 ecclesie
657 557 839 587 Sanctorum
869 539 1020 586 Jo'hannis
1048 561 1074 586 et

76 614 162 645 Pauli
176 613 210 642 de
228 611 309 646 Urbe,
324 620 438 640 necnon
455 616 480 640 et
493 612 658 648 capellanz's
674 612 861 649 capellarum
880 611 974 640 eidem
990 611 1074 639 eccle-

72 669 115 700 sie
123 667 334 704 subjectarum.
353 664 405 694 Eis
419 664 551 694 mandat
566 668 599 693 ut
615 664 760 703 episcopo
774 664 952 694 Albanensi
965 663 1075 693 devote

75 725 104 753 et
117 722 297 750 reverenter
311 718 491 747 intendant.

79 790 81 795 ν
113 785 128 802 ι
144 771 249 803 Officii
265 771 365 801 nostri
381 771 563 802 debitum...
580 788 618 792 —
636 771 706 800 Dat.
725 775 882 809 utsupra.
901 783 914 797 »

68 943 80 962 ,³
145 937 396 967 '203327034

77 993 81 1012 ¹
109 1001 324 1029 Bai-tholomaeo
353 1000 388 1026 de
418 999 523 1026 Sancto
551 999 673 1026 Gemino
696 1008 793 1026 curam
816 999 957 1026 ecclesiae
981 998 1079 1025 Sancti

60 1047 161 1078 :um-ci
184 1052 212 1076 et
235 1049 353 1076 aliarum
379 1049 566 1075 ecclesiarum
592 1048 626 1074 de
651 1047 729 1075 Urbe
753 1056 826 1082 quae
851 1048 1078 1075 cardinalatuum

62 1089 147 1137 fistuli
160 1099 318 1126 existentes
332 1101 442 1124 rectore
459 1100 557 1124 carent
571 1097 734 1125 committit.
751 1097 822 1130 (Fol.
837 1098 867 1124 11
886 1097 937 1131 vo.)

593 936 802 970 saint-pierre,
820 937 835 964 8
856 937 910 963 mai
928 937 1006 964 1288.

56 1204 83 1225 ,i
112 1194 219 1223 Dilecto
230 1193 296 1230 filio
310 1194 407 1230 fratri
423 1193 629 1222 Bar-tholomeo
643 1193 676 1221 de
687 1192 793 1222 Sancto
809 1192 943 1228 Gemino,
961 1192 1080 1221 ordinis

68 1249 206 1288 &rutrum
220 1233 251 1275 ‘ni
255 1248 323 1276 inor
328 1255 378 1275 um
384 1269 391 1276 .

52 1312 82 1343 ‡.'
114 1311 129 1328 «
144 1299 248 1330 Officii
263 1299 363 1329 nostri
382 1299 564 1329 debitum...
590 1316 629 1320 -
645 1299 716 1330 Dat.
734 1299 836 1329 Rome
850 1323 857 1335 ,
879 1299 963 1337 apud
980 1299 1079 1329 Sanc—

30 1339 140 1389 «,'jlnm
157 1352 298 1389 Petrum,
316 1362 371 1382 vin
387 1352 460 1382 idus
476 1352 567 1381 maii.
586 1363 600 1378 »

115 1417 128 1432 α
146 1405 225 1435 Item
242 1405 346 1435 eidem
369 1406 553 1436 commissio
572 1405 651 1435 facta
677 1405 736 1435 fuit
759 1404 874 1435 Sancte
893 1405 996 1435 Mario
1015 1406 1079 1436 Ro-

22 1457 27 1462 '
76 1458 172 1489 tunde
186 1463 216 1489 et
230 1458 339 1489 Sancti
356 1458 452 1489 Celsi.
472 1471 485 1486 2>

147 1617 264 1647 &1135
604 1618 810 1653 saint-pierre,
827 1619 841 1645 8
858 1619 912 1645 mai
930 1618 1007 1646 1288.

73 1678 80 1708 l
111 1680 155 1708 De
167 1680 268 1708 eodem
284 1681 410 1715 negotio.
428 1681 499 1714 (Fol.
518 1681 548 1708 11
566 1683 619 1714 v0.)

75 1803 79 1809 ,
115 1777 236 1806 Dilectis
245 1777 320 1814 filiis
329 1778 473 1814 capitulis
485 1777 590 1807 Sancti
601 1778 696 1807 Marci
704 1782 730 1806 et
739 1777 876 1817 aliarum
887 1779 1082 1808 ecclesiarum

79 1830 114 1860 de
129 1830 202 1860 Urbe
215 1839 281 1868 que,
300 1831 384 1860 titula·
397 1830 646 1860 cardinalaluum
665 1832 832 1867 miscentes,
852 1837 964 1861 rectore
978 1838 1082 1862 carent

77 1883 118 1916 ad
129 1891 259 1921 presens,
277 1892 395 1912 necnon
409 1887 435 1912 et
447 1884 614 1922 capellanis
628 1885 814 1922 capellarum
833 1886 941 1914 eisdem
954 1887 1083 1916 ecclesiis

73 1936 288 1974 subjectarum.

77 2015 81 2027 A
117 2000 132 2018 «
149 1988 252 2020 Officii
269 1990 369 2019 nostri
385 1989 569 2020 debitum...
591 2007 623 2012 -
642 1991 714 2020 Dat.
731 1994 766 2020 ut
782 1999 886 2029 snpra.
908 2003 920 2017 ι)

75 2062 80 2077 i

77 2169 90 2186 μ
147 2154 261 2184 '203ss
707 2156 793 2190 Rieu,
812 2156 844 2183 19
860 2158 914 2183 mai
935 2157 1009 2183 1288.

75 2222 80 2234 ¹
113 2215 154 2244 De
168 2217 320 2244 concordia
335 2217 409 2244 inter
423 2217 502 2244 cives
518 2217 679 2244 Esculanos
695 2218 883 2245 reformanda.
897 2218 968 2252 (Fol.
984 2220 1011 2245 11
1030 2220 1082 2252 vo.)
1112 2253 1114 2256 v

116 2313 235 2343 Dilectis
250 2314 325 2351 filiis
343 2336 362 2342 ..
381 2315 536 2350 potestati,
559 2315 685 2343 consilio
703 2319 728 2343 et
753 2316 910 2343 communi
925 2315 1083 2344 Esculanis

81 2366 205 2396 nuntiat
223 2375 256 2396 se
278 2366 317 2396 ad
338 2366 498 2396 civitatem
523 2366 713 2397 Esculanain
733 2367 915 2397 Joliannem
929 2390 937 2404 ,
962 2368 1082 2406 episco-

80 2428 154 2458 pum
170 2419 322 2456 Esinum,
341 2421 558 2458 praesentium
575 2420 726 2457 latorem,
747 2420 884 2456 mittere,
903 2421 957 2459 qui
974 2430 1082 2459 pacem

78 2476 110 2502 et
135 2470 335 2503 concordiam
362 2473 446 2503 inter
473 2474 619 2503 concives
645 2483 754 2504 eorum
782 2474 950 2511 reformet,
973 2475 1084 2514 eisque

79 2526 209 2556 mandat
228 2531 262 2556 ut
279 2527 438 2566 praedicto
453 2527 599 2566 episcopo
619 2527 780 2564 consiliis,
797 2527 929 2558 auxiliis
948 2532 978 2558 et
995 2528 1081 2558 favo-

77 2579 164 2610 ribus
178 2581 337 2610 assistant.

117 2643 132 2660 «
156 2633 308 2663 Gerentes
332 2634 366 2663 in
391 2634 508 2664 votis...
533 2651 572 2657 —
600 2635 672 2664 Dat.
699 2635 816 2672 Reate,
839 2644 905 2664 xnn
929 2634 1083 2665 kalendas

74 2693 170 2724 Juull.
188 2698 202 2714 ι)

150 2844 262 2874 '203²
704 2845 790 2876 Rieu,
812 2846 842 2873 19
859 2846 913 2873 {nai
932 2846 1007 2874 1288.

113 2904 156 2932 De
173 2906 272 2933 eodem
289 2908 413 2942 negotio.
431 2906 502 2941 (Fol.
522 2906 553 2933 12
570 2909 615 2938 νο.)

120 3001 303 3040 [Venerabili
322 3002 426 3041 fratri]
443 3003 589 3047 Johanni‘,
611 3003 742 3040 episcopo
757 3003 860 3033 Esino.
879 3014 892 3029 α
911 3002 1082 3041 Cupientes

1156 402 1190 427 ut
1220 398 1356 427 civitatis
1386 398 1544 429 Esculane
1582 403 1681 429 status
1717 399 1802 438 pacis
1838 398 1959 428 stabilis
1988 399 2162 429 commodis

1155 451 1262 481 affluat
1280 455 1309 481 et
1325 453 1522 482 successibus
1539 453 1694 491 prosperis
1712 453 1867 489 foveatur,
1887 452 1972 482 inter
1988 452 2163 482 nonnullos

1156 504 1240 534 cives
1259 504 1442 542 Esculanos,
1468 514 1578 535 eorum
1599 506 1705 535 sedata
1723 505 1899 543 discordia,
1924 510 2049 544 propter
2067 515 2163 544 quam

1156 558 1196 587 ad
1222 558 1426 596 apostolicam
1454 559 1562 588 sedem
1589 564 1799 595 accesserant,
1828 559 1913 598 pacis
1941 563 1971 588 et
1997 559 2164 589 concordie

1157 611 1263 640 federa
1285 611 1437 641 duximus
1457 612 1670 642 reformanda.
1692 612 1775 642 Cum
1802 617 1928 649 autem,
1945 613 2026 642 sicut
2043 613 2165 651 accepi-

1157 675 1240 701 mus,
1259 666 1363 695 adhuc
1379 666 1464 695 inter
1479 666 1653 697 nonnullos
1671 667 1752 698 alios
1772 676 1883 697 eorum
1909 667 2055 697 concives
2071 671 2166 696 restet

1158 717 1345 756 hujusmodi
1357 719 1539 749 reformatio
1551 719 1734 749 facienda...
1748 720 1939 749 fraternitati
1952 725 2002 749 tue
2014 729 2069 758 per
2079 729 2166 758 apos-

1159 771 1253 801 tolica
1267 771 1383 809 scripta
1400 772 1590 801 mandamus
1605 773 1772 810 quatinus,
1790 773 1828 802 ad
1845 774 2007 802 civitatem
2031 773 2165 803 eandem

1159 828 1189 854 te
1205 824 1415 862 personaliter
1430 825 1610 862 conferens,
1628 834 1645 854 a
1661 826 1798 863 siugulis
1816 828 1997 856 concivium
2015 827 2167 865 predicto-

1160 886 1232 907 rum
1255 886 1333 916 quos
1350 878 1493 907 nondum
1508 879 1592 916 pacis
1609 878 1794 916 hujusmodi
1818 879 2002 910 reformatio
2023 889 2166 918 compre-

1160 931 1287 967 hendit,
1306 935 1413 961 nostro
1429 935 1459 960 et
1474 931 1606 961 ecclesie
1624 940 1756 961 romane
1774 933 1904 962 nomine
1919 956 1924 968 ‚
1943 933 2083 971 recipere
2099 937 2166 962 stn-

1161 984 1235 1013 deas
1273 983 1477 1022 corporaliter
1509 984 1695 1023 Ju1'amenta
1733 993 1857 1014 necnon
1892 989 1921 1015 et
1959 985 2168 1023 obligationes

1161 1037 1354 1066 sufficientes
1376 1041 1405 1067 et
1425 1036 1566 1075 ydoneas
1589 1037 1627 1067 de
1648 1038 1766 1076 quibus
1789 1038 1937 1076 expedire
1957 1039 2075 1068 videris
2092 1048 2167 1068 cau-

1164 1090 1276 1127 tiones,
1301 1090 1386 1129 quod
1409 1091 1494 1120 inter
1514 1099 1546 1120 se
1572 1099 1680 1129 pacem
1705 1091 1847 1120 invicem
1867 1091 2092 1128 observabunt,
2111 1100 2168 1122 nec

1163 1143 1393 1173 dissentionem
1410 1147 1466 1173 aut
1483 1143 1696 1174 turbationem
1714 1144 1857 1182 aliquam
1874 1153 1929 1183 per
1948 1154 1980 1174 se
2002 1144 2052 1174 vel
2069 1144 2169 1174 alium

1163 1207 1219 1227 seu
1246 1196 1324 1226 alios
1350 1197 1586 1235 quomodolibet
1608 1197 1643 1226 in
1671 1197 1798 1227 civitate
1825 1197 2023 1227 suscitabunt
2047 1197 2168 1234 eadem,

1163 1250 1283 1280 faciens
1298 1251 1515 1280 instrumenta
1532 1249 1658 1289 publica
1678 1251 1791 1280 confici
1809 1259 1903 1289 snper
1919 1251 1992 1287 hiis,
2011 1259 2046 1280 ea
2064 1251 2169 1287 nobis,

1163 1312 1235 1334 cum
1253 1303 1291 1332 ad
1310 1303 1502 1342 presentiam
1519 1308 1660 1333 nostram
1681 1303 1855 1340 reddieris,
1875 1303 2076 1333 delaturus...
2097 1303 2169 1332 Dat.

1163 1361 1198 1387 ut
1214 1366 1320 1395 supra.
1340 1369 1353 1383 ))

1237 1570 1352 1600 ’7038
1793 1570 1880 1604 lue-ti,
1899 1569 1931 1596 ‘33
1947 1571 2003 1596 mai
2022 1569 2098 1597 1288.

1199 1639 1325 1666 Johanni
1342 1639 1482 1666 Maccario
1502 1639 1536 1665 de
1552 1639 1630 1665 Urbe
1647 1643 1773 1665 castrum
1789 1639 1991 1677 Valentanuni,
2008 1639 2171 1666 Castrensis

1165 1689 1317 1723 dioecesis,
1334 1689 1475 1716 concedit.
1490 1688 1561 1722 (Fol.
1580 1690 1611 1716 '12
1627 1690 1673 1722 1·⁰.)

1206 1807 1312 1835 Dilecto
1328 1806 1392 1843 fillo
1411 1805 1545 1834 „Iohanni
1563 1806 1708 1835 Maccario
1725 1806 1760 1834 cle
1781 1806 1869 1841 Urbe,
1886 1805 2041 1840 familiari
2057 1809 2169 1834 nostro.

1166 1859 1204 1888 Ei
1222 1862 1360 1888 castrum
1379 1858 1605 1895 Valentanum,
1623 1857 1803 1887 Castrensis
1818 1857 1982 1894 dioecesis,
2001 1866 2073 1887 cum
2087 1857 2170 1896 juri-

1165 1912 1224 1941 bus
1241 1916 1270 1941 et
1286 1911 1487 1950 pertinentiis
1499 1911 1578 1950 ejus,
1597 1919 1653 1950 pro
1666 1919 1774 1940 annuo
1789 1920 1885 1940 censu
1902 1911 1999 1940 trium
2016 1910 2169 1940 librarum

1166 1965 1287 1994 usualis
1300 1969 1458 2001 monetae,
1474 1973 1617 1994 camerae
1629 1964 1817 2002 apostolicae
1830 1964 1925 1993 annis
1938 1964 2074 2002 singulis
2088 1964 2171 1994 infra

1166 2018 1364 2057 quindenam
1393 2017 1578 2047 Nativitatis
1605 2017 1785 2047 dominicae
1812 2017 1974 2054 solvendo,
2006 2026 2106 2056 usque
2133 2018 2170 2047 ad

1165 2070 1401 2109 beneplacitum
1418 2071 1500 2099 sedis
1518 2060 1707 2109 apostolicae
1723 2070 1878 2100 concedit.

1208 2136 1221 2150 α
1237 2124 1302 2153 Tne
1314 2123 1491 2153 devotionis
1505 2128 1572 2153 et...
1585 2140 1622 2144 —
1636 2123 1706 2152 Dat.
1721 2123 1830 2159 Reate,
1847 2133 1866 2152 v
1882 2122 2140 2161 kalendasjunii.
2156 2136 2169 2149 >i

1239 2339 1357 2367 '2039
1796 2338 1882 2372 Rieu,
1900 2339 1933 2366 ‘39
1951 2339 2004 2365 mai
2023 2339 2100 2366 1288.

1204 2408 1245 2434 De
1262 2416 1331 2443 pace
1348 2409 1374 2434 in
1390 2408 1537 2442 provincia
1551 2407 1673 2434 Tusciae
1691 2407 1899 2434 restabilienda.
1917 2408 1986 2441 (Fol.
2007 2408 2036 2434 1²3
2054 2412 2098 2439 rw)

1207 2522 1325 2552 Dileclis
1337 2522 1410 2560 filiis
1425 2545 1445 2552 ..
1458 2524 1609 2560 potestati,
1625 2545 1644 2552 ..
1660 2525 1828 2560 capitaneo,
1841 2522 1966 2552 consilio
1980 2529 2005 2553 el
2017 2533 2156 2553 commun
2167 2527 2171 2539 ³

1167 2575 1361 2605 Florentinis,
1386 2576 1466 2605 Cum
1491 2576 1529 2605 ad
1559 2580 1674 2606 statum
1700 2576 1839 2606 'civitatis
1864 2577 1966 2605 Aretii
1996 2577 2170 2606 reforman-

1167 2630 1243 2659 dum
1260 2629 1415 2666 intendat,
1432 2639 1563 2668 sperans
1579 2639 1633 2668 per
1649 2630 1708 2660 hoc
1726 2631 1820 2659 totius
1836 2630 2021 2668 provinciae
2039 2631 2170 2660 Tusciae

1167 2685 1266 2723 quieti
1283 2684 1458 2723 providere¹
1477 2685 1638 2723 hujusque
1656 2674 1775 2723 negotii
1793 2694 1887 2715 causa
1903 2686 2079 2724 praedictae
2096 2686 2171 2715 civi*

1168 2738 1242 2767 tatis
1260 2743 1290 2767 et
1308 2737 1363 2767 alii
1385 2737 1627 2767 ambassiatores
1645 2738 1729 2777 apud
1753 2738 1858 2768 sedem
1876 2738 2081 2776 apostolicam
2101 2748 2168 2777 per-

1168 2791 1320 2821 sonaliter
1343 2791 1506 2821 constituti
1526 2791 1607 2826 sint,
1625 2792 1836 2828 Florentinis,
1855 2792 1906 2830 qui
1926 2791 2058 2821 hostiles
2074 2800 2167 2830 appa*

1166 2849 1253 2875 ratus
1279 2845 1417 2881 faciunt,
1437 2845 1568 2874 mandat
1592 2849 1627 2874 nt
1651 2855 1669 2875 a
1694 2845 1834 2884 quolibet
1854 2845 1962 2875 hostili
1980 2854 2124 2884 processu
2142 2850 2170 2874 et

1167 2898 1308 2927 novitate
1324 2906 1405 2936 [June
1421 2906 1530 2935 pacem
1546 2898 1703 2936 impedire
1720 2899 1817 2936 possit
1834 2899 2025 2928 abstineant.

1208 2962 1222 2975 «
1238 2949 1403 2980 Intellecto
1419 2950 1542 2988 pridem
1556 2951 1676 2990 quod...
1693 2969 1731 2973 —
1745 2952 1816 2982 Dat.
1831 2952 1938 2987 Reate,
1958 2960 2003 2980 nn
2019 2951 2170 2981 kalenda:-

1163 3003 1261 3042 junil.
1282 3016 1293 3028 n
