2393 3496
230 299 287 329 892
979 298 1212 329 REGISTREs
1236 301 1288 329 DE
1310 300 1494 331 NlCOLAS
1516 302 1571 331 [v.

270 365 307 394 Iu
326 375 351 395 e.
374 375 415 394 m.
434 390 454 396 ..
473 365 629 394 wallensi
648 369 675 394 et
696 364 922 394 Middelsexiae
945 365 978 394 in
999 365 1130 395 ecclesia
1149 366 1233 396 Lon-

229 418 374 448 donieusi
393 418 635 448 archidiaconis.

298 602 414 630 (3302
832 600 959 630 Orvieto.
977 603 990 627 7
1009 603 1064 628 mai
1083 602 1158 630 1291.

261 664 364 690 Contra
385 663 539 694 Jacobum,
562 671 657 696 regem
681 662 862 697 :xi-agonum,
885 667 913 690 et
938 663 1060 690 Siculos.
1079 664 1162 698 (Rea.
1180 665 1228 697 46,

224 721 249 739 c.
272 713 312 741 ¹3,
330 713 348 738 s.
370 712 414 738 164
432 712 483 743 vo.)

270 814 434 841 Venerabili
451 814 546 849 fratri
564 813 609 850 B„
626 814 758 851 episcopo
775 814 960 850 Peneslrino,
978 816 1136 852 apostolice
1151 817 1229 845 sedis

223 867 329 903 legyalo.
351 865 481 894 mandat
504 870 537 895 ut
555 865 711 904 publicari
733 867 827 896 saciat
847 868 991 897 eamdem
1009 869 1135 898 veniam
1157 877 1227 899 om-

222 918 316 948 nibus
350 918 382 947 in
415 918 527 948 Sicilia
560 919 758 948 morantibus
790 920 844 959 qui
876 921 909 949 in
939 921 1086 950 conflictu
1118 926 1228 951 contra

219 971 387 1007 Jacobum,
402 971 525 1001 Siculos
539 976 569 1001 et
582 971 661 1001 alios
675 972 827 1002 ecclesiae
841 977 870 1002 et
882 973 966 1011 regis
979 973 1109 1003 Siciliae
1121 974 1226 1004 hostes

221 1025 335 1053 mortui
363 1030 456 1053 erunt
479 1029 574 1063 atque
599 1025 876 1055 transfretantibus
900 1027 931 1055 iu
957 1027 1072 1056 Terrae
1093 1028 1226 1057 Sanctae

220 1077 401 1107 subsidium
421 1077 565 1107 concedi.

262 1143 274 1156 α
295 1131 432 1168 Exurgat
453 1131 611 1161 Dominus
624 1131 784 1170 judicet...
802 1150 839 1154 —
856 1133 927 1162 Dat.
946 1134 1027 1171 apud
1047 1134 1225 1165 Urhemve-

219 1188 335 1219 terem,
357 1184 450 1214 nonis
470 1184 562 1219 maii,
583 1193 668 1214 anno
684 1190 807 1223 quarto.
828 1198 842 1212 »

286 1368 406 1396 8703

250 1431 388 1456 Prot-ossus
405 1431 514 1457 habitus
538 1433 565 1457 in
586 1433 628 1458 dic
647 1441 708 1459 cene
726 1434 838 1461 Domini
858 1437 954 1461 contra
968 1437 1114 1470 Jattobum,
1133 1446 1223 1472 quon-

213 1480 277 1504 dam
304 1481 376 1505 Petri
399 1480 464 1505 olim
487 1481 557 1513 reyz‘s
577 1482 737 1514 Araqonum
761 1484 867 1517 filium,
888 1487 911 1510 et
932 1484 1048 1513 Siculos,
1065 1486 1149 1519 (Rea.
1173 1487 1222 1522 46,

212 1536 238 1554 c.
258 1528 301 1557 14,
320 1528 337 1553 t*⁴
361 1528 405 1554 104
425 1529 474 1560 vo.)

794 1371 920 1403 Orvieto,
939 1373 971 1400 19
986 1374 1054 1400 avril
1074 1374 1151 1402 1291.

250 1631 409 1666 Nicotaus,
427 1636 479 1659 etc.
498 1632 543 1660 Ad
557 1633 771 1663 certitudinem
785 1637 974 1671 presentium
994 1643 1020 1666 et
1040 1640 1222 1668 memoriam

210 1685 400 1719 futurorum.
413 1683 590 1714 Confirmat
605 1689 635 1714 et
650 1686 781 1716 innovat
793 1696 956 1726 processus
973 1689 1097 1720 habitos
1113 1697 1222 1722 contra

210 1736 408 1774 praedictum
425 1736 580 1767 Jacobum
600 1743 630 1767 et
646 1739 788 1776 stetim,
807 1740 928 1780 hosque
950 1748 1059 1773 mouet
1082 1749 1115 1774 ut
1137 1745 1222 1775 infra

209 1787 363 1818 kalendas
380 1789 499 1819 mensis
516 1792 641 1829 augusti
658 1793 803 1830 proximo
820 1799 983 1825 secuturas
999 1796 1038 1826 ad
1054 1806 1110 1827 sua
1127 1807 1220 1828 man-

209 1841 282 1870 data
298 1842 440 1871 redeant.
460 1856 471 1868 n
494 1843 537 1874 Ut
551 1848 658 1874 autem
677 1845 862 1885 hujusmodi
880 1853 987 1879 noster
1002 1859 1168 1888 processus
1181 1853 1221 1882 ad

209 1903 416 1924 communem
445 1896 593 1927 omnium
624 1898 770 1928 notitiam
800 1900 992 1939 deducatur,
1023 1909 1125 1933 cartas
1154 1906 1220 1935 sive

208 1948 414 1978 membranas
436 1958 620 1988 processum
636 1953 838 1983 continentes
855 1955 993 1985 eundem
1010 1956 1043 1985 in
1064 1959 1220 1996 presentis

208 2001 397 2031 cathedralis
415 2003 546 2033 ecclesie
566 2004 769 2036 Urbevetane
785 2008 922 2046 appendi
948 2009 996 2039 vel
1018 2011 1108 2049 affigi
1130 2012 1220 2042 ostiis

207 2064 262 2085 seu
280 2065 375 2095 super
393 2055 601 2087 liminaribus
620 2059 784 2089 faciemus.
805 2072 817 2087 η

249 2120 261 2135 «
277 2108 362 2139 Olim
381 2109 481 2139 felicis
498 2111 763 2142 recordationis..
779 2131 817 2135 —
835 2115 948 2145 Actum
965 2116 998 2145 in
1015 2117 1216 2156 Urbeveteri‚

206 2161 241 2190 in
265 2161 406 2200 predicta
430 2162 559 2192 ecclesia
588 2164 810 2202 Urbevetana‚
835 2167 869 2196 iu
889 2168 940 2198 die
963 2178 1041 2199 cene
1063 2170 1215 2210 Domini,

206 2215 408 2252 pontificatus
428 2216 528 2246 nostri
548 2226 633 2248 anno
652 2223 774 2257 quarto.
797 2231 810 2246 »

275 2399 394 2428 (3204
783 2405 911 2438 Orvieto,
930 2408 962 2435 19
977 2409 1048 2435 avril
1065 2410 1143 2437 1291.

241 2462 380 2488 Processus
401 2466 498 2490 eontra
513 2465 656 2496 sanctam,
674 2467 740 2492 olim
758 2468 963 2501 Cesalzcdensem
980 2472 1032 2504 (1),
1054 2475 1078 2498 et
1097 2473 1216 2499 Tancre-

202 2511 285 2542 dum,
302 2512 368 2538 olim
389 2513 615 2540 Neucaslrensem
634 2516 774 2549 episcopos.
792 2517 874 2551 (Rea.
891 2518 939 2553 46,
956 2527 982 2547 c.
1000 2520 1047 2555 15,
1063 2520 1082 2547 f.
1102 2522 1151 2549 165
1168 2523 1215 2556 r⁰.)

245 2613 595 2645 Excommunicatiouis
626 2621 656 2646 et
684 2617 897 2657 depositionis
928 2622 1104 2653 sententias
1135 2623 1214 2655 latas

201 2671 313 2696 contra
341 2667 491 2697 Junctam
523 2673 553 2698 et
583 2669 782 2701 Tancredum
814 2673 947 2704 innovat
974 2680 1004 2706 et
1027 2677 1211 2716 confirmat,

201 2724 369 2758 cartasque
387 2729 568 2758 processum
587 2723 789 2755 continentes
805 2727 893 2756 ostiis
909 2728 1101 2760 cathedralis
1117 2731 1212 2762 eccle-

202 2773 269 2803 siae
286 2773 510 2804 Urbevetanae
525 2776 663 2813 appendi
679 2777 762 2808 facit.

243 2837 258 2852 α
277 2826 408 2865 Propter
425 2827 533 2866 culpas
552 2828 783 2868 multiplices...
802 2844 815 2859 n

229 2965 263 2996 (i)
279 2965 353 2989 Dans
368 2965 392 2989 le
409 2972 489 2997 corps
505 2966 538 2991 de
554 2967 579 2991 la
596 2969 668 2992 bullo
685 2976 690 2993 ε
706 2972 931 2999 Cesalundensis.

1386 366 1503 396 6705
1891 368 2017 404 Orvieto,
2036 370 2068 397 19
2083 371 2152 397 avril
2170 371 2247 400 1-291.

1350 428 1489 454 Processus
1504 432 1599 455 contra
1617 430 1728 456 Pisanos
1743 433 1768 456 et
1783 430 1933 457 Guidonem
1948 431 1978 457 de
1994 431 2166 464 Mutat-filtro.
2179 432 2260 467 (Rea.
2273 435 2315 469 46,

1313 484 1339 503 c.
1358 476 1404 511 16,
1421 477 1440 504 s.
1461 478 1507 504 165
1524 481 1570 510 ro.)

1354 579 1525 609 Processus
1549 583 1657 609 contra
1675 579 1810 610 Pisanos
1826 585 1856 610 et
1870 580 2051 611 Guidonem
2069 582 2108 612 de
2125 583 2317 618 Monteflltro
2340 623 2342 629 Ι

1309 632 1375 670 Jam
1400 632 1525 662 habitos
1547 632 1717 662 confirmat
1739 638 1770 663 et
1787 633 1934 671 innovat,
1952 634 2161 674 Guidonique
2178 637 2317 678 injungit

1314 691 1348 715 ut
1373 686 1456 715 iufra
1475 686 1561 715 diem
1580 686 1780 716 dominicum
1799 688 2041 726 praecedentem
2065 689 2181 720 festum
2198 691 2316 722 Ascen-

1312 738 1413 768 sionis
1438 738 1620 769 dominicae
1644 740 1790 778 proximo
1817 745 1987 770 venturum
2014 741 2151 772 civitatis
2176 744 2335 782 regimen.

1312 792 1450 821 dimittat
1466 797 1496 821 et
1511 800 1615 822 coram
1634 792 1707 822 sede
1723 793 1892 832 apostolica
1909 803 1964 832 per
1981 799 2218 833 procuratorem
2235 805 2318 841 com·

1312 849 1439 883 pareat;
1462 845 1589 874 Pisanis
1615 854 1688 875 vero
1706 846 1837 876 mandat
1855 851 1889 876 ut
1906 847 1991 877 inira
2013 848 2210 886 praedictum
2233 843 2335 882 diem*

1311 897 1490 927 Guidonem
1518 898 1556 928 de
1579 899 1736 929 territorio
1753 899 1871 929 Pisano
1889 900 2049 938 expellant.
2067 905 2098 931 et
2114 909 2221 932 coram
2245 901 2332 935 sede*

1309 951 1480 989 apostolica
1502 960 1556 989 per
1577 951 1750 990 syndicum
1771 958 1985 991 compareant.
2004 953 2115 984 Cartas
2135 962 2315 992 processum

1309 1005 1508 1034 continentes
1531 1005 1620 1034 ostiis
1639 1005 1832 1035 cathedralis
1852 1005 2003 1036 ecclesiae
2022 1007 2245 1039 Urbevetanae
2265 1017 2316 1049 ap-
2336 1044 2339 1046 v

1308 1057 1403 1096 pendi
1421 1058 1505 1087 facit.

1350 1123 1363 1137 ιι
1385 1111 1512 1141 Dudum
1528 1111 1568 1141 ad
1587 1116 1764 1144 nostram...
1785 1124 1798 1139 ι,

1379 1297 1496 1326 θ’ἵθθ
1883 1298 2015 1331 Orvieto,
2034 1300 2066 1327 19
2081 1299 2152 1326 avril
2167 1299 2244 1328 1291.

1343 1364 1484 1391 Prot-assus
1506 1366 1601 1390 contra
1625 1364 1741 1390 nubilem
1761 1366 1854 1390 virum
1877 1365 2078 1398 Maynardmn,
2100 1365 2196 1392 ducem
2217 1365 2316 1399 Garin-

1307 1413 1370 1439 thie.
1391 1412 1472 1445 (Rue.
1490 1413 1533 1444 46,
1551 1421 1576 1439 c.
1595 1413 1637 1446 17,
1656 1413 1674 1440 f.
1694 1413 1742 1440 165
1758 1414 1811 1445 νο.)

1348 1515 1562 1554 Maynardum
1577 1539 1583 1551 ,
1601 1515 1715 1544 ducem
1732 1514 1936 1552 Carinffliae,
1956 1515 2012 1554 qui
2034 1515 2069 1544 in
2094 1516 2232 1547 termino
2253 1516 2314 1548 sibi

1305 1569 1466 1607 assignato
1487 1577 1592 1598 coram
1618 1569 1691 1598 sede
1712 1568 1885 1608 apostolica
1905 1577 1969 1598 non
1992 1570 2185 1608 comparuit,
2208 1581 2222 1597 α
2241 1569 2314 1601 licet

1305 1627 1525 1661 procuratores
1540 1622 1694 1661 quosdam
1711 1622 1836 1651 duxerit
1855 1622 2080 1659 destinandos,
2095 1623 2152 1662 qui
2169 1622 2313 1655 illusores

1305 1676 1406 1714 potius
1420 1676 1482 1706 dici
1498 1680 1638 1714 possunt,
1654 1688 1667 1702 >1
1681 1675 2025 1706 excommunicationis
2038 1675 2167 1706 vinculo
2180 1676 2314 1708 innodat

1304 1733 1476 1767 monetque
1493 1733 1527 1758 ut
1545 1729 1630 1758 infra
1647 1729 1732 1758 diem
1752 1729 1951 1759 dominicum
1969 1733 2044 1759 ante
2059 1729 2175 1759 festum
2191 1730 2312 1760 Ascen-

1304 1782 1404 1812 sionis
1417 1782 1599 1811 dominicae
1614 1782 1757 1820 proxime
1768 1787 1940 1812 venturum
1952 1782 2035 1812 bona
2046 1786 2076 1811 et
2088 1783 2161 1821 jura
2171 1783 2314 1823 episcopo

1303 1836 1493 1866 Tridentino
1507 1836 1652 1865 restituat
1669 1840 1698 1865 et
1712 1844 1766 1874 per
1779 1844 1811 1864 se
1825 1835 1874 1865 vel
1889 1845 1943 1874 per
1959 1840 2193 1874 procuratorem
2207 1844 2313 1867 coram

1304 1889 1377 1919 sede
1392 1889 1564 1928 apostolica
1577 1893 1769 1928 compareat.
1789 1889 1897 1918 Cal-tas
1915 1897 2096 1928 processum
2113 1889 2313 1921 continentes

1302 1943 1392 1972 ostiis
1408 1942 1600 1972 cathedralis
1616 1943 1767 1972 ecclesiae
1785 1943 2007 1973 Urbevetanae
2021 1943 2160 1982 appendi
2175 1943 2262 1974 facit.

1345 2009 1357 2021 ‘r
1378 1996 1508 2026 Pridem
1526 1996 1565 2025 ad
1582 1996 1791 2035 apostolice...
1811 2008 1825 2023 n

1373 2189 1629 2219 evoe-(3208
1862 2189 1995 2223 Orvieto,
2014 2190 2046 2217 15
2067 2198 2144 2217 mars
2160 2189 2238 2218 1291.

1336 2254 1447 2288 Regem
1463 2258 1492 2279 et
1508 2253 1636 2287 reginam
1654 2252 1771 2279 Sei-viae
1790 2260 1949 2287 eorumque
1969 2260 2091 2287 regnum
2113 2253 2168 2280 sub
2190 2261 2244 2280 suo
2259 2261 2310 2290 pa·
2340 2247 2342 2249 ¹

1300 2303 1421 2330 trocinio
1437 2302 1569 2337 suscipit.
1588 2302 1671 2335 (Rea.
1687 2301 1732 2336 46,
1747 2310 1772 2329 c.
1791 2301 1834 2334 18,
1850 2301 1871 2329 f.
1891 2301 1940 2328 166
1960 2309 2002 2333 1·⁰;
2022 2300 2137 2333 Pow‘ru..
2153 2301 2263 2336 23601.)

1340 2406 1503 2436 Carissimo
1520 2407 1552 2435 in
1569 2405 1686 2435 Christo
1708 2406 1772 2442 filio
1789 2404 1954 2442 Stephano,
1975 2406 2040 2441 reyt'
2057 2404 2162 2435 Servie
2177 2405 2305 2436 illustri.

1341 2472 1355 2486 a
1373 2460 1499 2495 Quanto
1515 2458 1668 2488 devotiori
1684 2457 1826 2488 studio...
1842 2473 1881 2480 —
1897 2457 1968 2488 Dat.
1988 2457 2075 2496 apud
2096 2457 2306 2489 Urbemvete-
2331 2493 2339 2506 -.

1298 2522 1378 2550 rem,
1398 2512 1503 2542 idibus
1521 2511 1641 2549 martii,
1660 2519 1746 2540 anno
1762 2515 1886 2549 quarto.
1902 2522 1916 2537 »

1340 2566 1377 2595 lu
1394 2574 1421 2595 e.
1442 2574 1483 2594 m.
1502 2564 1636 2601 Eleuae,
1655 2563 1788 2602 reginae
1804 2563 1946 2593 Serviae.

1367 2757 1484 2787 8209
1868 2755 1996 2790 Orvieto‚
2014 2755 2046 2782 15
2061 2763 2138 2782 mars
2154 2754 2233 2783 1291.

1331 2819 1464 2847 Facultas
1488 2819 1611 2854 eligendi
1631 2819 1839 2846 consessorem.
1861 2817 1944 2852 (Res.
1968 2817 2016 2850 46,
2037 2825 2064 2846 c.
2086 2817 2134 2852 19,
2154 2817 2175 2845 f.
2193 2817 2243 2846 166
2259 2824 2302 2851 ¹⁸⁰3

1295 2867 1411 2900 Pomm„
1430 2868 1540 2903 23602.)

1334 2972 1433 3001 Eidem
1454 2972 1558 3010 reqine
1572 2971 1717 3009 indulget
1735 2974 1767 3000 ut
1785 2970 1912 3000 fratrem
1932 2968 2103 3000 Nicolaum
2118 2968 2157 3000 de
2175 2969 2300 3008 Vosica,
2387 2961 2393 3021 t]

2332 3434 2393 3496 ’Μ
