2393 3496
226 330 283 360 992
975 325 1212 357 REGISTRES
1234 325 1288 355 DE
1311 324 1496 355 NICOLAS
1519 326 1575 355 1V.

299 397 417 425 ²2⁷0
757 394 883 426 Orvieto.
902 393 934 420 1⁶2
951 393 1068 419 octobre
1086 391 1163 419 1290.

263 459 305 485 De
321 459 421 486 eodem
440 459 562 491 negotio.
580 457 651 490 (Fol.
669 457 699 483 47
717 457 764 488 1¹⁰.)

266 562 386 590 Dilectis
403 561 478 597 filiis
496 582 515 590 ..
534 559 636 596 priori
655 558 761 587 Sancti
775 557 887 594 Anyeli
907 562 933 586 et
951 580 969 587 ..
992 558 1116 595 plebano
1132 556 1237 586 Sancti

224 615 375 644 Iohannis
391 614 583 642 ecclesiarum
605 613 639 640 de
654 613 750 640 Monte
765 612 838 646 alto,
857 610 1021 640 Castrensis
1036 611 1170 639 diocesis.
1184 610 1236 639 Eis

225 666 355 696 mandat
376 669 409 694 ut
431 665 577 694 homines
597 665 652 702 qui
672 663 873 693 venditiones
897 663 1070 702 praedictas
1094 663 1237 693 fecerunt

225 719 263 748 ad
282 718 550 748 contribuendum
570 717 603 746 in
621 716 762 746 collectis
780 721 810 746 et
825 716 920 746 datiis
938 716 1140 755 compellant.

267 782 280 801 <t
302 772 455 801 Mirantes
474 780 577 810 nuper
593 770 814 810 accepimus...
831 786 872 793 —
888 771 959 800 Dat.
979 775 1012 799 nt
1029 778 1134 809 supra.
1155 782 1168 796 n

296 944 408 972 '222¹
754 943 881 973 Orvieto,
903 943 928 969 11
949 943 1066 969 octobre
1087 943 1162 970 1‘390.

259 1004 302 1031 De
319 1006 499 1032 absolutione
515 1005 636 1031 Conradi
653 1005 688 1031 dc
704 1005 886 1031 Montcfiltro.
903 1005 973 1037 (1³01.
994 1006 1024 1032 47
1042 1008 1094 1038 vo.)

264 1109 375 1137 Dilecto
393 1108 458 1144 filio
479 1109 573 1137 nobili
594 1108 658 1137 viro
677 1109 805 1145 Αῃαρίιο
823 1108 857 1136 tle
880 1107 1061 1146 Coln[n1pna
1075 1131 1082 1145 ,
1105 1109 1236 1138 Marchie

223 1162 432 1191 Ancltonitane
453 1160 597 1200 vicar1'0],
618 1161 749 1190 mandat
766 1166 800 1190 ut
817 1160 963 1191 Conrado
982 1161 1021 1191 de
1040 1162 1237 1192 Montefiltro

223 1219 324 1244 castra
350 1219 380 1243 et
407 1215 489 1244 bona
513 1224 570 1244 sua
597 1215 629 1243 in
658 1213 887 1244 Anchonitana
918 1214 1061 1244 Marchia
1091 1215 1237 1245 restituat

223 1276 361 1307 eumque
380 1268 426 1297 ire
443 1278 498 1306 per
515 1273 614 1297 terras
630 1268 772 1307 ejusdem
791 1268 952 1297 marchiae
970 1267 1016 1297 vel
1042 1269 1075 1297 in
1100 1269 1145 1298 eis
1164 1277 1234 1299 mo·-

222 1321 302 1356 rari,
324 1321 472 1351 Urbinati
489 1324 519 1350 et
535 1321 744 1350 Pensarieusi
760 1321 943 1351 civitatibus
962 1321 1118 1360 exceptis,
1138 1321 1236 1352 libere

223 1374 396 1412 permittat.

265 1440 277 1453 ιι
298 1427 380 1457 Cum
401 1427 534 1457 dilectus
552 1427 678 1458 filius...
698 1444 736 1450 —-
756 1428 828 1457 Dat.
846 1429 931 1466 apud
950 1428 1233 1466 Urbemveterem,

222 1491 242 1510 v
260 1481 334 1510 idus
352 1481 501 1517 octobris,
520 1481 722 1519 pontificatus
741 1481 843 1511 nostri
860 1490 946 1511 anno
964 1482 1065 1511 tertio.
1087 1494 1099 1508 n

294 1649 408 1676 '2272

258 1709 300 1736 De
317 1710 417 1736 eodem
436 1712 561 1745 negotio.
579 1710 649 1742 (Fol.
666 1711 697 1737 47
716 1712 768 1744 νο.)

751 1649 883 1683 Orvieto,
904 1649 931 1675 tt
951 1649 1068 1675 octobre
1086 1649 1162 1676 1290.

265 1813 384 1842 Dilectis
399 1814 476 1850 filiis
490 1815 646 1842 universis
661 1815 841 1851 rectoribus,
857 1815 1054 1852 potestatibus
1073 1820 1099 1844 et
1117 1814 1235 1851 officia-

225 1864 314 1902 libus,
333 1867 583 1896 universitatibus
594 1873 619 1896 et
635 1869 814 1897 comunibus
829 1869 990 1905 ceterisque
1001 1869 1178 1897 hominibus
1192 1869 1236 1898 ci-

224 1920 368 1956 vitatum,
397 1924 569 1949 castrorum
589 1922 784 1958 aliorumque
811 1922 944 1951 locorum
964 1931 1018 1960 per
1038 1923 1236 1959 provinciam

224 1973 401 2003 Romaniole
417 1978 442 2002 et
458 1975 703 2003 Anchonitanam
724 1975 893 2004 Marchiarn
910 1977 1094 2005 constitutis.

265 2039 279 2054 «
297 2026 379 2057 Cum
398 2027 531 2057 dilectus
548 2027 672 2057 filins...
690 2043 728 2050 --
746 2028 825 2058 Data
842 2033 876 2058 ut
894 2038 999 2067 supra.
1019 2040 1033 2056 »

295 2194 413 2222 ’⁷223

257 2256 300 2283 De
316 2258 456 2283 electione
472 2258 623 2292 potestatis
638 2258 664 2283 in
682 2261 776 2284 castro
793 2257 898 2284 Setiae.
916 2257 987 2291 (Fol.
1006 2258 1037 2284 47
1054 2259 1106 2291 νῦ.)

708 2194 837 2228 Orvieto,
854 2194 886 2221 ‘20
903 2195 1066 2227 septembre
1084 2195 1161 2222 1290.

263 2360 372 2389 Dilecto
391 2360 456 2397 filio
479 2383 499 2389 ..
522 2361 687 2398 Campanie
707 2361 917 2398 Maritimeque
938 2362 1066 2390 vicario.
1089 2374 1103 2388 «
1124 2361 1236 2400 Nuper

221 2412 262 2442 ad
275 2422 333 2443 nos
350 2414 412 2443 fide
427 2413 525 2451 digna
542 2413 697 2443 relatione
711 2415 856 2453 pervenit
869 2414 953 2453 quod
967 2414 1001 2444 in
1018 2419 1120 2445 castro
1136 2414 1232 2452 Sene,

222 2466 466 2496 Terracinensis
477 2467 624 2503 diocesis,
641 2467 805 2497 occasione
819 2467 982 2498 electionis
997 2468 1159 2507 potestatis
1173 2477 1235 2507 que

222 2519 416 2549 imminebat
432 2520 577 2550 facienda
590 2520 711 2550 ibidem
729 2521 836 2559 gravis
850 2525 897 2551 cst
912 2526 1017 2551 exorta
1036 2522 1182 2558 turbatio,
1196 2531 1233 2552 ex

222 2582 297 2612 qua,
313 2573 377 2602 nisi
395 2573 521 2603 salubre
538 2583 573 2603 ac
590 2574 713 2604 celebre
729 2579 906 2613 apponatur
924 2575 1115 2613 remedium,
1127 2584 1233 2614 perso-

222 2635 338 2656 narum
357 2635 391 2656 ac
412 2636 521 2656 rerum
540 2627 682 2666 pericula
698 2628 948 2658 formidantur...
971 2629 1163 2659 Discretioni
1183 2633 1234 2659 tue

221 2689 278 2720 per
300 2680 472 2719 apostolica
495 2681 611 2719 scripta
636 2681 828 2711 mandamus
851 2682 1003 2720 quatinus
1029 2682 1067 2712 ad
1091 2687 1231 2713 castrum

220 2733 326 2772 ipsum
342 2734 551 2772 personaliter
566 2734 636 2763 sine
654 2743 741 2764 moia
759 2739 786 2764 te
806 2735 988 2773 transferas,
1002 2736 1127 2765 animos
1145 2736 1232 2765 mili·

222 2791 289 2817 tum
311 2792 342 2817 et
357 2787 499 2826 peditum
518 2787 620 2826 ipsius
639 2787 697 2817 loci
719 2788 758 2817 ad
777 2789 981 2818 concordiam
999 2789 1126 2819 studeas
1143 2798 1233 2819 revo-

220 2849 311 2878 care,
330 2840 488 2870 inducens
507 2849 560 2870 eos
580 2845 613 2870 ut
629 2850 683 2879 per
700 2841 888 2871 electionem
906 2843 1095 2872 concordem
1117 2843 1177 2872 stbi
1194 2842 1232 2872 de

221 2898 373 2933 potestate
397 2893 522 2932 ydonea
547 2894 695 2923 studeant
716 2895 891 2933 providere.
916 2896 1126 2926 Precaventes
1148 2896 1231 2934 quod

221 2952 331 2977 contra
351 2947 610 2977 constitutionem
628 2957 722 2986 super
739 2949 892 2978 electione
911 2954 1100 2988 potestatum
1117 2955 1146 2979 et
1164 2958 1231 2979 rec-

224 3004 325 3031 torum
345 3001 378 3030 in
398 3001 490 3030 terris
507 3001 638 3031 ecclesie
654 3002 769 3031 editam
791 3011 854 3032 non
873 3003 1014 3039 veniant,
1032 3012 1090 3034 nec
1107 3004 1144 3034 de
1161 3013 1230 3042 per-

1275 389 1281 394 '
1322 399 1399 421 sona
1424 391 1462 420 ad
1491 400 1660 430 personam
1689 401 1744 421 seu
1772 391 1850 421 alias
1881 391 2024 422 fraudem
2056 392 2173 422 faciant
2200 401 2325 433 quoquo

1321 444 1426 480 modo,
1442 444 1537 483 ipsos,
1553 446 1578 474 si
1593 449 1702 474 contra
1715 444 1849 474 fecerint
1862 444 1911 474 vel
1926 444 2030 474 forsan
2046 444 2163 474 facturn
2177 450 2234 484 est,
2245 455 2326 485 pena

1320 497 1425 527 dehita
1437 497 1632 536 castigando.
1646 497 1681 528 Si
1695 506 1778 534 vero,
1794 498 1876 536 quod
1891 497 1990 527 absit!
2005 506 2057 527 eos
2073 497 2110 528 ad
2125 499 2324 532 concordiam
2372 529 2373 535 ,

1320 558 1467 580 revocare
1491 551 1694 589 nequiveris,
1716 550 1754 580 de
1776 550 1905 588 juribus
1927 549 2118 580 electionum
2139 555 2324 589 potestatum

1320 603 1550 634 celebratarum
1571 603 1691 633 ibidem
1707 604 1893 633 auctoritate
1913 608 2019 633 nostra
2036 612 2217 641 cognoscas,
2234 613 2324 636 man·
2372 626 2374 630 -

1319 657 1400 687 dans
1413 657 1460 686 eis
1473 657 1533 687 sub
1550 666 1630 695 pena
1646 657 1736 687 mille
1753 657 1957 687 marcharum
1971 657 2095 695 argenti
2111 657 2324 697 quod‚hujus-
2373 658 2375 663 ’

1320 710 1405 740 modi
1438 710 1631 740 electionum
1658 710 1816 748 pendente
1845 710 1970 747 negotio
1983 733 1991 747 ,
2015 710 2054 739 ad
2083 710 2226 748 regimen
2250 710 2324 742 dicti

1320 763 1414 794 castri
1429 764 1594 792 neminem
1608 763 1780 794 electorum
1795 763 1967 793 admittant
1983 772 2041 793 nec
2054 763 2194 802 aliquam
2211 763 2326 796 faciant

1320 817 1508 847 novitatem.
1526 817 1660 846 Interim
1679 820 1783 846 tamen
1801 826 1856 856 per
1874 822 1901 847 te
1920 816 1968 847 vel
1985 826 2040 856 per
2055 816 2155 847 alium
2171 816 2233 847 aud
2247 817 2326 849 alias

1320 870 1464 910 ydoneas
1486 878 1637 909 personas
1657 870 1732 899 dicti
1750 870 1844 900 castri
1863 879 1918 899 seu
1939 869 2071 900 aliunde
2090 869 2240 909 perficere
2259 874 2324 901 stu-

1319 924 1394 954 deas
1409 924 1464 963 qui
1482 923 1562 953 illud
1580 932 1689 961 regere
1704 924 1806 953 valeat
1823 923 1958 954 sollicite
1973 932 2009 954 au
2028 924 2212 962 prudenter,
2228 923 2326 955 donec

1320 977 1382 1010 sibi
1397 978 1435 1007 de
1451 981 1603 1016 potestate
1619 977 1817 1016 providerint
1829 977 1878 1007 vel
1893 978 2018 1016 questio
2033 985 2128 1015 super
2140 975 2235 1007 dictis
2249 976 2328 1008 elec-

1320 1031 1462 1061 tionibus
1489 1030 1585 1060 fuerit
1610 1030 1799 1067 terminata3
1826 1030 1972 1060 invocato
1997 1029 2038 1060 ad
2063 1029 2124 1060 hoc
2148 1029 2175 1060 si
2202 1038 2327 1061 necesse
2376 1039 2378 1046 ’

1319 1084 1417 1114 fuerit
1451 1083 1573 1114 auxilio
1602 1083 1748 1113 fidelium
1778 1083 2106 1122 circumadjacentum
2135 1082 2325 1113 vicinorum.

1321 1138 1393 1167 Dat.
1414 1137 1498 1176 apud
1521 1137 1804 1174 Urbemveterem‚
1829 1146 1871 1166 xn
1895 1136 2050 1167 kalendas
2073 1135 2225 1175 octobris,
2243 1144 2328 1168 anno
2377 1142 2380 1167 l

1322 1191 1422 1220 tertio.
1446 1202 1459 1217 ι)

1393 1372 1509 1401 '2274
1903 1369 2031 1403 Orvieto,
2051 1368 2082 1395 13
2097 1369 2164 1396 aout
2181 1368 2258 1396 1290.

1356 1434 1463 1460 Abbati
1483 1438 1512 1460 et
1532 1433 1688 1460 conventui
1709 1432 1876 1459 monasterii
1902 1431 2048 1458 Farfcnsis
2069 1430 2202 1458 concedit
2217 1433 2249 1458 ut
2265 1438 2329 1459 cas-

1319 1486 1395 1509 trum
1412 1482 1520 1509 Montis
1535 1481 1657 1509 Cretacii
1680 1486 1708 1508 et.
1722 1482 1905 1508 fortellicium
1923 1480 2067 1515 quondam
2084 1479 2206 1506 Sanctae
2225 1479 2327 1507 Mariae

1319 1532 1354 1558 de
1370 1532 1520 1564 Sculcula,
1537 1532 1570 1558 ad
1588 1532 1795 1558 monasterium
1812 1530 1943 1565 ipsorum
1960 1530 2146 1565 pertinentia,
2163 1530 2191 1556 in
2212 1528 2329 1557 Ancho-

1320 1581 1417 1608 nitana
1434 1581 1562 1608 Marchia
1575 1582 1631 1608 sita
1646 1582 1770 1607 vendere
1787 1581 1909 1615 possint.
1926 1579 1998 1612 (Fol.
2016 1579 2046 1605 47
2065 1579 2117 1611 vv.)

1360 1686 1481 1715 Dilectis
1511 1684 1587 1722 siliis
1614 1685 1737 1720 Jacobo,
1761 1685 1875 1719 abbati,
1905 1688 1931 1712 ct
1959 1683 2124 1713 conventui
2153 1681 2329 1712 monasterii

1319 1740 1490 1776 Farsensis,
1509 1739 1548 1768 ad
1568 1747 1730 1767 romanam
1746 1739 1898 1767 ecclesiam
1915 1737 2001 1767 nullo
2019 1737 2118 1766 medio
2133 1735 2327 1775 pertinentis,

1320 1792 1438 1822 ordinis
1453 1792 1484 1821 S.
1502 1792 1664 1828 Benedicti,
1682 1791 1859 1821 Sabinensis
1875 1791 2011 1820 diocesis.

1361 1858 1374 1873 α
1440 1862 1477 1867 -
1494 1845 1564 1875 Dat.
1582 1845 1665 1884 apud
1682 1844 1958 1880 Urhemveterem,
1975 1842 2082 1873 idibus
2097 1841 2237 1881 augusti,
2254 1850 2328 1881 pon-

1321 1899 1458 1929 tificatus
1476 1898 1577 1928 nostri
1592 1906 1678 1928 anno
1698 1898 1798 1927 tertio.
1823 1909 1836 1924 ι»

1391 2086 1510 2115 ’ἵὲἵῦ
1806 2084 1934 2116 Orvieto,
1949 2084 1984 2112 25
1999 2084 2163 2119 septembre
2180 2082 2258 2111 1290.

1354 2148 1475 2176 Nursini
1492 2156 1588 2175 coram
1603 2148 1672 2174 sede
1687 2147 1844 2183 apostolica
1859 2147 1993 2174 citantur.
2012 2146 2084 2181 (Fot.
2100 2146 2134 2174 48
2149 2147 2198 2180 νο.)

1360 2252 1468 2281 Dilecto
1484 2252 1548 2288 filio
1566 2275 1585 2282 ..
1603 2251 1715 2280 rectori
1730 2251 1856 2280 ducatus
1871 2250 2038 2287 spoletani,
2052 2250 2182 2279 satutem
2198 2254 2225 2279 et
2239 2257 2327 2288 apos-

1319 2306 1440 2335 toticam
1458 2306 1702 2334 benedictionem.
1720 2316 1733 2330 a
1750 2304 1799 2334 Ad
1812 2303 2011 2333 audientiam
2024 2307 2164 2334 nostram
2179 2311 2243 2334 non
2257 2302 2328 2333 sine

1320 2359 1500 2390 turbatione
1517 2359 1663 2398 pervenit
1684 2358 1767 2397 qnod
1786 2381 1806 2387 ..
1825 2362 1960 2396 potestas
1975 2360 2005 2387 et
2024 2356 2218 2387 universitas
2233 2354 2347 2387 castri-

1317 2414 1356 2443 de
1373 2413 1509 2448 Nursia,
1527 2412 1660 2442 ecclesie
1678 2420 1810 2441 romane
1829 2410 1979 2447 rebelles,
1998 2410 2167 2449 Spoletane
2182 2408 2326 2447 diocesis,

1318 2476 1382 2497 non
1399 2466 1540 2496 contenti
1558 2465 1643 2505 quod
1662 2466 1701 2495 ab
1718 2465 1795 2495 olim
1814 2464 1982 2495 ecclesiam
1999 2464 2100 2503 ipsam
2119 2463 2216 2493 variis
2234 2466 2265 2493 et
2278 2462 2326 2492 di-

1317 2520 1418 2550 versis
1442 2519 1573 2558 injuriis
1596 2519 1817 2553 offenderunt,
1845 2518 1884 2547 ad
1909 2521 2048 2547 castrum
2077 2517 2195 2547 Montis
2219 2514 2326 2547 Sancti

1320 2573 1465 2609 Martini,
1496 2573 1580 2611 qnod
1606 2572 1644 2602 ad
1669 2580 1836 2601 romanam
1864 2570 2030 2601 ecclesiam
2056 2569 2211 2609 pertinet,
2235 2568 2327 2608 pleno

1313 2628 1386 2666 jure
1412 2626 1571 2656 hostiliter
1596 2625 1793 2662 accedendo,
1821 2625 1976 2664 capiendo
2000 2623 2102 2663 ipsius
2126 2623 2273 2654 homines
2296 2625 2326 2652 et

1317 2680 1493 2711 nonnullos
1514 2688 1549 2709 ex
1573 2679 1619 2709 eis
1639 2679 1734 2708 etiam
1753 2677 1945 2714 occidendo,
1964 2677 2157 2708 succidendo
2171 2677 2282 2707 vineas
2295 2678 2326 2706 et
2354 2702 2358 2706 .

1315 2735 1443 2765 arbores
1471 2738 1501 2763 et
1525 2733 1588 2762 alia
1613 2733 1695 2762 bona
1720 2733 1863 2770 ipsorum
1891 2731 2038 2770 nequiter
2062 2729 2255 2761 devastando
2275 2731 2323 2766 et,

1315 2789 1399 2828 qnod
1416 2787 1628 2818 execrabilius
1645 2785 1771 2823 existit,
1789 2786 1942 2815 dilectum
1965 2785 2068 2815 filium
2088 2783 2271 2814 Rolandum
2285 2781 2324 2813 de

1315 2843 1501 2878 Ferentino,
1521 2840 1721 2880 capellanum
1745 2844 1899 2876 nostrum,
1922 2844 1995 2869 tunc
2012 2839 2145 2869 ducatus
2160 2834 2323 2877 Spoletani

1316 2902 1483 2931 rectorem,
1500 2896 1555 2933 qui
1577 2895 1615 2924 ad
1633 2904 1741 2933 pacem
1758 2898 1787 2923 et
1803 2893 2006 2923 concordiam
2025 2893 2109 2922 inter
2127 2891 2210 2930 ipsos
2225 2889 2322 2920 resor-

1314 2949 1466 2979 mandam
1486 2953 1677 2985 accesserat,
1698 2955 1835 2986 suosque
1857 2946 1958 2976 socios
1977 2950 2007 2975 et
2027 2944 2201 2975 familiares
2222 2941 2322 2982 ipsius

1314 3012 1394 3033 ausu
1412 3001 1566 3040 sacrilego
1581 3002 1736 3041 rapiendo
1752 3005 1782 3031 et
1796 3000 1963 3039 spoliando
1979 2999 2075 3029 etiam
2091 2998 2183 3029 bonis
2197 2997 2274 3035 suis,
2286 3002 2322 3026 ae
