2393 3496
245 307 302 337 950
992 300 1228 332 REGISTRES
1250 301 1304 330 DE
1327 300 1510 329 NICOLAS
1534 301 1589 329 IV.

318 373 572 402 2040-’56142
877 368 962 400 Rieti.
980 368 1014 395 29
1030 368 1084 394 mai
1104 367 1178 394 1288.

284 436 324 463 De
341 436 440 462 eodem
459 433 670 469 110g0110.(1·*01.
691 432 719 458 1‘2
738 433 788 464 νο.)

293 538 459 568 Venerabili
485 537 578 572 fratri
602 557 622 565 ..
647 536 778 571 episcopo
798 533 982 562 Florentino.
1007 532 1042 561 Ei
1066 531 1197 560 mandat
1218 536 1253 560 ut

245 590 448 621 Florentinos
466 588 638 623 diligenter
659 586 789 615 inducat
805 586 842 615 ad
863 585 1082 615 desistendum
1104 594 1121 614 a
1139 585 1252 624 quovis

245 643 352 673 hostili
370 646 531 680 apparatu.
548 649 599 669 eos
617 650 670 677 per
687 639 1030 669 excommunicationis
1046 643 1075 668 et
1090 638 1250 669 interdicti

244 697 429 730 sententia&
448 695 471 723 si
490 702 616 722 necesse
634 693 739 730 suerit,
757 693 995 731 compescendo.

285 760 298 776 ι
320 747 485 777 Intellecto
502 746 624 784 pridem
640 745 762 784 qnod...
778 762 818 768 —
841 746 909 774 Dat.
931 750 1086 784 utsupra.
1109 758 1122 773 n

285 802 320 831 Ιιι
340 810 366 830 e.
386 810 428 829 m.
451 824 469 829 ..
490 800 636 838 episcopo
652 799 789 829 Senensi
807 804 915 829 contra
933 804 1128 837 potestatem,
1147 800 1251 829 consi-

242 855 324 884 lium
342 857 369 883 et
386 862 557 883 commuue
574 854 743 882 Seuenses.

283 907 320 937 In
339 916 366 936 e.
386 916 429 936 ιιι.
448 928 468 936 ..
487 906 645 945 potestati,
664 905 798 936 consilio
814 910 844 935 et
858 906 1025 935 communi
1040 906 1249 936 SenensibuS.

315 1065 569 1094 2043-20—‘14
873 1065 960 1094 Rieu.
976 1064 1009 1091 30
1025 1067 1080 1092 mai
1102 1066 1178 1093 1‘288.

278 1127 320 1155 De
336 1128 436 1154 eodem
453 1129 578 1161 nogotio.
597 1127 671 1162 (Fol.
690 1128 719 1154 12
736 1129 788 1161 vv.)

286 1230 453 1259 Venerabili
468 1231 562 1266 fratri
579 1252 599 1259 ..
618 1231 750 1267 episcopo
767 1231 952 1260 Florentino.
971 1231 1008 1260 Ei
1025 1236 1181 1262 memorat
1196 1241 1250 1261 su-

241 1283 398 1322 pradictas
421 1283 557 1318 litteras,
575 1282 726 1321 additque
745 1295 750 1312 ε
773 1295 786 1310 α
807 1283 966 1313 Nolumus
983 1288 1087 1314 tamen
1109 1285 1192 1324 quod
1211 1285 1250 1315 ad

241 1336 585 1367 excommunicationis
612 1337 805 1366 seutentiam
830 1337 864 1366 in
888 1347 1038 1376 personas
1064 1338 1251 1377 hujusmodi

241 1389 436 1428 generaliter
454 1389 687 1428 proferendam,
708 1390 756 1419 vel
772 1390 811 1419 ad
828 1391 1071 1429 supponendam
1088 1392 1249 1422 civitatem

242 1443 376 1472 eandem
393 1442 608 1472 ecclesiastico
621 1443 788 1473 interdicto
804 1444 962 1482 procedas,
977 1445 1037 1473 uisi
1056 1445 1141 1483 prius
1156 1455 1251 1484 super

241 1496 304 1526 hiis
323 1496 438 1534 no(l1i)s
454 1496 583 1525 duxeris
599 1496 825 1527 consulendos.
841 1498 893 1527 Set
905 1498 937 1526 in
955 1499 1251 1537 potestatem,capi-

240 1553 370 1579 taneum
393 1555 423 1579 et
442 1550 622 1587 singulares
645 1559 797 1589 personas
816 1560 895 1590 quas
915 1551 949 1580 in
972 1551 1157 1590 hujusmodi
1179 1561 1249 1591 pro-

240 1604 399 1634 movendo
421 1605 550 1641 negotio
573 1605 814 1643 principaliores
831 1614 899 1634 esse
917 1607 1103 1643 cognoveris
1123 1616 1250 1637 excom-

241 1657 473 1687 municationis
503 1658 695 1687 sententiam
711 1682 716 1694 ,
744 1658 771 1687 si
800 1667 878 1696 opus
906 1659 1018 1694 suerit,
1049 1660 1251 1698 promulgare

240 1719 402 1749 procures.
431 1711 522 1746 Quod
545 1716 652 1740 autem
678 1712 711 1740 in
736 1711 795 1741 hac
821 1716 906 1750 parte
930 1712 1040 1741 seceris
1064 1716 1093 1742 et
1115 1714 1252 1752 qualiter

242 1764 343 1793 iidem
360 1767 506 1802 potestas,
523 1764 720 1803 capitaneus,
736 1765 907 1794 consilium
925 1771 954 1795 et
971 1774 1142 1796 commune
1159 1777 1253 1806 super

242 1816 303 1847 hoc
326 1817 487 1847 mandatis
509 1818 689 1855 apostolicis
712 1818 841 1848 obedire
864 1819 1052 1855 intendant,
1075 1824 1108 1849 ut
1128 1821 1249 1859 credis,

242 1870 335 1900 nobis
349 1880 404 1908 per
418 1874 485 1899 tuas
503 1870 623 1901 litteras
640 1871 756 1901 harum
773 1872 890 1901 seriem
906 1872 1109 1903 continentes
1125 1874 1252 1904 studeas

242 1931 339 1962 quam
355 1923 449 1952 totius
466 1924 630 1954 iutimare.

282 1987 297 2003 «
321 1976 407 2006 Licet
428 1976 484 2006 tibi
502 1986 593 2015 per...
613 1994 651 1999 -—
671 1978 741 2008 Dat.
763 1978 877 2015 Reate,
894 1988 927 2008 111
947 1978 1099 2010 kalendas
1115 1980 1212 2018 junii.
1235 1993 1249 2008 η

281 2029 319 2059 In
335 2038 362 2059 e.
383 2038 426 2059 ni.
445 2052 466 2059 ..
483 2031 627 2069 episcopo
644 2031 791 2062 Senensi.
808 2032 880 2061 Dat.
900 2036 1055 2071 utsupra.

311 2189 427 2218 '2045
884 2191 972 2227 Rieu,
990 2191 1004 2218 3
1016 2194 1081 2227 Juin
1100 2193 1177 2220 1288.

275 2252 350 2287 Regi
367 2252 505 2279 Castellae
525 2253 636 2280 nuntiat
651 2261 683 2280 se
698 2255 764 2288 ejus
780 2254 889 2281 litteras
906 2256 1065 2290 accepisse,
1083 2257 1251 2287 gratulatur-

240 2309 296 2335 que
313 2301 347 2327 de
366 2302 431 2335 ejus
450 2303 596 2336 proposito
620 2303 792 2337 procedendi
808 2308 907 2330 contra
923 2304 1022 2331 hostes
1038 2305 1112 2337 fidei,
1135 2308 1251 2341 promit-

239 2350 378 2395 {itque-se
395 2351 420 2376 ei
437 2351 552 2377 auxiliis
566 2354 593 2377 et
609 2352 756 2379 favoribus
772 2353 943 2388 opportunis
953 2353 1060 2380 adfore.
1075 2354 1145 2388 (Fol.
1161 2355 1191 2382 13
1205 2356 1251 2391 νο.)

281 2454 455 2492 [Carissimo
471 2456 503 2484 in
520 2455 636 2484 Christo
650 2457 715 2493 filio
732 2478 753 2486 ..
768 2458 835 2494 reqi
851 2457 988 2495 Legionis
1003 2464 1028 2487 et
1044 2458 1190 2497 castella]

281 2519 294 2534 α
314 2507 413 2545 Regie
431 2508 629 2538 celsitudinis
645 2509 805 2540 litteras...
824 2527 861 2532 —
878 2511 949 2540 Dat.
966 2511 1076 2549 Reate,
1094 2521 1129 2541 111
1148 2521 1250 2543 nonas

236 2569 334 2601 Junll.
352 2572 367 2588 »

312 2720 429 2749 '2048
856 2722 948 2758 Rieu,
965 2724 1078 2759 10¹·juin
1097 2725 1175 2753 1288.

272 2783 425 2811 Terminus
440 2784 570 2818 assignat
589 2784 695 2819 quibus
711 2794 864 2813 commune
880 2786 999 2813 Esinum
1017 2795 1146 2815 camerae
1162 2798 1248 2824 apos-

237 2834 339 2861 tolicae
353 2834 403 2860 tri-‘v
419 2834 492 2859 milia
504 2833 640 2860 librarum
652 2840 837 2862 ravennatum
847 2836 958 2863 solvere
966 2836 1156 2872 debeat.(F01.
1168 2839 1245 2873 131·0;

237 2882 354 2919 Po‘rrii.⁷
372 2882 479 2918 22729.)

277 2973 387 3002 Dilecto
407 2972 472 3010 filio
496 2973 547 3009 F.,
572 2973 659 3002 electo
687 2973 861 3011 yporiensi,
883 2975 1016 3004 Marchie
1037 2976 1245 3008 Anchonitane

1334 367 1453 396 rectort'.
1480 378 1494 392 «
1518 366 1560 395 Ex
1586 369 1672 404 parte
1695 365 1842 394 comunis
1868 364 1955 394 Esini
1981 364 2072 394 nobis
2094 363 2153 393 fuit
2176 363 2342 395 humiliter
2390 401 2391 405 Ἰ

1334 419 1548 458 supplicatum
1567 418 1662 457 quod,
1680 427 1751 447 cum
1769 418 1807 447 de
1825 426 1951 447 summa
1969 416 2078 446 decem
2098 416 2225 446 milium
2244 416 2340 447 libra-

1334 481 1405 501 rum
1431 476 1640 501 ravennatum
1666 471 1699 500 in
1721 471 1838 510 quibus
1859 478 2030 500 commuue
2052 469 2156 507 ipsum
2184 478 2220 498 ex
2248 469 2342 501 certis

1333 524 1677 562 condempnationibus
1703 528 1732 552 et
1760 524 1850 563 penis
1875 532 2004 553 romane
2025 522 2157 552 ecclesie
2178 522 2342 553 tenebatur

1334 582 1454 606 restent
1466 577 1571 606 adhuc
1585 578 1643 606 tria
1655 577 1744 606 milia
1756 576 1965 616 persolvenda
1975 581 2002 605 et
2013 584 2151 614 graveac
2162 575 2292 605 difficile
2301 576 2342 606 sit

1335 631 1453 659 eisdem
1475 630 1598 660 solvere
1614 630 1749 659 insimul
1769 630 1940 669 predictam
1958 629 2093 668 pecunie
2112 628 2341 667 quantitatem,

1334 683 1371 712 ad
1394 683 1582 713 solvendum
1602 684 1740 722 predicta
1758 684 1817 712 trin
1833 683 1923 712 milia
1941 683 2149 720 dignaremur
2165 682 2210 711 eis
2227 689 2340 712 conce-

1334 737 1408 767 dere
1431 737 1555 776 aliquos
1581 738 1735 767 terminos
1753 741 1979 776 competentes.
2002 736 2066 765 Nos
2086 735 2210 774 itaque,
2231 743 2341 765 eorum

1335 790 1621 829 supplicationibus
1646 791 1809 827 inclinati,
1835 791 1880 819 eis
1907 790 1945 819 ad
1975 789 2142 828 pecuniam
2169 788 2341 827 predictam

1334 843 1520 873 solvendam
1551 843 1627 873 tales
1656 844 1809 873 terminos
1834 843 2037 881 assignamus
2059 855 2064 871 :
2090 841 2238 872 videlicet
2257 841 2342 880 quod

1334 897 1424 926 mille
1450 896 1546 926 libras
1568 897 1598 926 in
1621 897 1698 926 festo
1717 896 1958 935 Assumptiouis
1977 896 2066 925 beate
2090 895 2191 924 Marie
2207 894 2343 933 virginis

1334 950 1479 989 proximo
1501 955 1635 980 venturo
1655 955 1685 980 et
1706 949 1827 988 reliqua
1850 949 1912 979 duo
1935 949 2026 978 milia
2044 948 2186 987 quolibet
2203 956 2289 978 anno
2307 947 2342 978 in

1334 1003 1432 1032 simili
1447 1004 1524 1033 sesto
1537 1012 1572 1033 ex
1589 1010 1662 1033 tnnc
1678 1003 1861 1032 immediate
1873 1002 2078 1041 sequentibus
2091 1002 2182 1031 nobis
2195 1005 2225 1031 et
2238 1000 2344 1031 eidem

1335 1057 1465 1086 ecclesie
1481 1057 1605 1095 integre
1622 1056 1744 1086 solvere
1763 1060 1940 1086 teneantur.
1959 1055 2065 1091 Quare
2081 1055 2226 1085 volumus
2240 1058 2271 1084 et
2284 1053 2344 1085 tihi

1335 1110 1531 1148 presentium
1548 1111 1733 1140 auctoritate
1750 1110 1942 1139 mandamus
1954 1109 2116 1148 quatinus,
2135 1108 2162 1138 si
2174 1108 2212 1138 de
2225 1107 2344 1147 predio-

1336 1163 1375 1192 tis
1395 1164 1495 1193 tribus
1514 1163 1645 1192 milibus
1669 1168 1775 1193 nostre
1794 1171 1918 1192 camere
1943 1161 2161 1201 persolvendis
2180 1161 2344 1192 cautiones
2392 1162 2393 1178 ³

1335 1217 1530 1246 sufficientes
1551 1217 1721 1253 habentur,
1743 1217 1823 1246 bene
1846 1216 1991 1255 quidem,
2015 1215 2158 1255 alioquin
2177 1215 2345 1245 cautiones

1335 1270 1523 1308 hujusmodi
1546 1271 1586 1299 ab
1609 1270 1720 1300 eodem
1745 1270 1910 1300 communi
1936 1269 2070 1308 recipias
2093 1269 2178 1307 quod
2203 1268 2344 1308 predicta.

1335 1324 1394 1353 tria
1415 1324 1505 1352 milia
1521 1324 1603 1353 dicte
1619 1333 1744 1353 camere
1764 1333 1836 1353 cum
1855 1323 2038 1361 integritate
2057 1322 2212 1361 persolvet
2229 1323 2264 1352 in
2281 1326 2345 1356 terr

1335 1378 1433 1407 minis
1450 1377 1653 1416 supradictis.
1675 1378 1743 1406 Dat.
1767 1377 1877 1413 Reate,
1894 1376 2042 1406 kalendis
2055 1376 2154 1415 junii.
2173 1387 2187 1403 n

1406 1583 1520 1611 ‘2042
1819 1583 1912 1614 Rieti,
1929 1582 1966 1609 du
1983 1582 1998 1609 8
2014 1591 2049 1609 au
2067 1582 2099 1609 12
2112 1582 2176 1617 juin
2195 1582 2272 1610 1288.

1371 1645 1414 1672 De
1421 1645 1574 1672 concordia
1581 1646 1655 1672 iuter
1662 1645 1740 1672 cives
1750 1645 1971 1672 Anchonitanos
1979 1644 2168 1672 reformanda.
2177 1643 2250 1680 (Fol.
2259 1643 2349 1680 13r0.)

1377 1756 1495 1784 Dilectis
1510 1755 1586 1792 filiis
1604 1779 1622 1784 ..
1638 1756 1778 1792 potestati
1793 1760 1819 1783 et
1839 1776 1859 1784 ..
1877 1755 1983 1792 populi
1998 1764 2032 1784 ac
2050 1777 2070 1785 ..
2088 1756 2207 1784 artium
2223 1759 2250 1784 et
2267 1763 2347 1785 mer·

1336 1814 1471 1838 catorum
1490 1810 1667 1846 capitaneis,
1686 1817 1800 1837 necnon
1820 1809 1945 1837 consilio
1963 1813 1989 1837 ec
2010 1809 2168 1837 communi
2188 1809 2345 1838 Anchoni-

1337 1864 1429 1891 tanis.
1460 1862 1587 1891 Dudum
1613 1861 1791 1891 Guillelmo
1809 1862 1846 1891 de
1874 1862 2048 1898 Bacaneto,
2067 1861 2191 1891 ordinis
2210 1861 2346 1892 fratrum

1336 1916 1519 1951 minorum,
1551 1919 1580 1945 et
1607 1915 1753 1954 potestati
1782 1915 2010 1945 Auchouitauo
2037 1924 2092 1953 per
2124 1923 2198 1945 suas
2223 1914 2344 1946 litteras

1336 1970 1503 1999 mandavit
1524 1974 1559 1999 ut
1586 1969 1624 1999 ad
1655 1969 1811 1998 sedandas
1841 1969 2028 1998 inimicitias
2058 1968 2144 1998 iuter
2172 1968 2345 1999 Nicolaum

1337 2023 1424 2052 Petri
1454 2022 1586 2061 Angeli,
1620 2022 1804 2052 Joliaiinem
1832 2022 1971 2051 Mathaei
1997 2026 2027 2052 et
2056 2022 2219 2058 Marcum,
2245 2021 2345 2061 hujus

1336 2077 1485 2113 fratrem,
1507 2086 1543 2106 ex
1560 2082 1647 2115 parte
1667 2085 1748 2112 una,
1768 2082 1797 2105 et
1815 2075 1989 2105 nonnullos
2007 2075 2087 2105 alios
2107 2076 2192 2105 cives
2211 2075 2344 2105 Ancho-

1336 2131 1484 2167 nitanos‚
1517 2139 1552 2160 ex
1587 2130 1706 2166 altera,
1738 2138 1866 2167 operam
1894 2129 2092 2168 praeberent.
2127 2128 2208 2159 Cum
2237 2133 2345 2159 autem

1336 2185 1485 2224 praedicti
1501 2184 1586 2213 cives
1604 2183 1703 2222 parati
1720 2183 1784 2212 siut
1800 2183 1928 2213 obedire
1945 2182 1979 2212 in
1998 2183 2056 2212 hac
2073 2187 2158 2221 parte
2174 2181 2348 2221 apostolico

1334 2239 1544 2277 beneplacito,
1558 2238 1665 2277 jubet,
1688 2241 1719 2267 ut
1739 2237 1900 2275 negotium
1918 2236 2118 2266 commodius
2136 2235 2344 2272 terminetur,

1335 2301 1468 2331 poenas,
1500 2291 1762 2321 codemnatioues
1794 2295 1824 2320 et
1852 2290 1959 2320 banna
1989 2290 2048 2320 hac
2079 2289 2246 2320 occasione
2280 2288 2347 2318 lata

1334 2345 1485 2376 revocari.

1376 2411 1389 2426 α
1408 2399 1473 2428 Etsi
1491 2408 1526 2428 ex
1544 2398 1689 2428 debito...
1707 2414 1746 2419 —
1761 2397 1830 2427 Dat.
1852 2396 1914 2436 [...]
1931 2396 2006 2427 idus
2019 2396 2115 2436 junii.
2135 2407 2148 2423 n

1405 2599 1521 2627 *2048
1975 2596 2064 2632 Rieu,
2081 2596 2097 2623 9
2108 2595 2174 2631 juin
2191 2594 2270 2622 1‘288.

1367 2661 1504 2689 Nicotaus
1520 2661 1555 2687 de
1571 2661 1720 2694 Rubiano,
1740 2661 1879 2692 clericus,
1897 2668 1993 2687 coram
2013 2659 2081 2686 sede
2096 2658 2254 2694 apostolica
2269 2657 2345 2685 cita-

1330 2713 1386 2738 tur.
1402 2710 1474 2744 (1³01.
1494 2710 1523 2738 13
1540 2711 1591 2743 νο.)

1372 2820 1481 2849 Dilecto
1508 2819 1574 2857 filio
1601 2841 1621 2850 ..
1643 2820 1745 2847 abbati
1765 2818 1944 2847 monasterii
1967 2816 2139 2853 Farfensis,
2164 2815 2284 2845 ordinis
2307 2813 2341 2845 S.

1330 2873 1497 2908 Benedicti,
1515 2873 1554 2902 ad
1572 2881 1733 2901 romanam
1754 2873 1907 2901 ecclesiam
1927 2871 2013 2900 nullo
2032 2870 2129 2899 medio
2147 2868 2336 2908 pertinentis.

1330 2925 1365 2955 Ei
1384 2926 1515 2955 mandat
1532 2929 1564 2955 ut
1581 2925 1749 2955 Nicolaum
1766 2925 1804 2955 de
1821 2924 1980 2960 Ruinam,
1993 2922 2156 2959 clericum,
2175 2921 2242 2960 qni,
2259 2931 2273 2948 α
2291 2927 2342 2950 as-

1329 2979 1455 3009 sociatis
1483 2979 1544 3009 sihi
1567 2979 1760 3018 quibusdam
1785 2977 1964 3017 iniquitatis
1993 2976 2087 3013 filiis,
2116 2974 2255 3014 spoliare
2282 2981 2340 3012 per
