2393 3496
240 295 303 325 954

246 370 266 391 a
282 360 420 391 Domino
437 359 572 397 gratiam
590 358 736 396 inquiras
751 356 937 394 diligentius
953 355 1130 394 [veritatem
1147 358 1177 384 et
1191 363 1252 393 que

246 414 409 444 inveneris
421 412 558 442 fideliter
572 412 606 440 in
618 410 743 449 scriptis
759 409 862 447 redigi
879 409 987 446 facias,
1005 417 1041 437 ea
1059 408 1162 444 nobis,
1178 416 1251 437 cnm

245 466 286 497 ad
313 465 505 506 presentiam
530 468 669 493 nostram
694 461 839 500 redieris]
863 461 1039 491 delaturus.
1065 460 1252 490 Contradic-

244 524 345 555 tores‚
373 523 431 549 etc.
449 518 556 547 Testes
572 520 689 551 autem,
714 519 772 545 etc.
798 514 870 544 Dat.
892 514 1008 551 Reate,
1026 523 1078 543 xvx
1099 513 1252 544 kalendas

241 572 330 613 julii.
350 584 364 598 »

316 742 435 771 *²068

280 804 322 831 De
338 804 439 831 eodem
459 803 584 838 negotio.
602 802 675 837 (Fol.
693 802 724 830 16
740 804 793 838 νο.)

871 739 958 774 Rieu,
978 739 1009 766 17
1020 740 1086 774 juin
1103 739 1181 767 1288.

285 906 401 936 Dilectis
432 906 502 945 filiis
534 905 637 935 civibus
666 904 882 941 Beneventanis,
917 903 1026 934 ecclesie
1053 913 1164 933 romane
1192 912 1254 933 vas-

241 960 330 991 sallis.
347 961 398 989 Eis
412 959 544 989 mandat
554 963 586 989 ut
603 959 753 996 Henrico,
766 958 952 998 presbytero
964 958 1114 988 ecclesiae
1125 957 1252 988 Ancho-

242 1014 385 1050 nitanae,
407 1017 549 1051 pareant.

285 1078 298 1093 ι
320 1066 402 1096 Cum
419 1075 514 1105 super
529 1065 750 1095 excessibus...
771 1081 807 1087 —
825 1065 896 1095 Dat.
915 1065 1024 1101 Reate,
1041 1073 1082 1094 xv
1100 1064 1254 1095 kalendas

238 1120 326 1161 julii.
346 1132 359 1147 ‚2

315 1292 430 1321 '2069

278 1355 321 1381 De
338 1355 439 1382 eodem
455 1355 581 1389 negotio.
599 1353 671 1388 (Fol.
689 1353 721 1380 16
737 1356 787 1385 νο.)

867 1290 954 1322 Rieu,
974 1290 1006 1316 17
1019 1291 1083 1325 juin
1103 1290 1180 1317 1288.

284 1457 391 1489 Dilecto
416 1457 475 1496 filio
505 1457 618 1488 Nicozao
645 1457 790 1491 nze-otini,
820 1457 870 1485 civi
898 1466 1019 1486 romano.
1052 1456 1090 1486 Ei
1123 1442 1254 1486 niandat

243 1516 279 1542 ut
306 1511 518 1551 personaliter
545 1511 595 1542 vel
620 1520 676 1550 per
703 1515 939 1550 procuratorem
964 1519 1071 1541 coram
1099 1511 1251 1548 Henrico‚

243 1566 429 1605 presbytero
447 1565 599 1595 eeclesiae
615 1565 875 1601 Anchouitanae,
894 1569 1085 1604 compareat.

285 1631 299 1646 α
315 1619 399 1649 Cum
415 1628 510 1658 super
525 1619 744 1650 excessibus...
762 1635 801 1641 —
817 1619 890 1649 Dat.
907 1628 948 1649 xv
966 1618 1119 1649 kalendas
1132 1618 1219 1658 Julii.
1238 1630 1252 1646 ³>

318 1794 435 1823 ’2⁰20

280 1857 324 1883 De
341 1857 441 1883 eodem
456 1856 580 1891 negotio.
599 1856 671 1890 (Fol.
688 1856 719 1884 16
734 1857 786 1890 νο.)

873 1792 961 1824 Rieu,
978 1793 1007 1819 17
1021 1793 1086 1827 juin
1103 1793 1181 1820 1288.

289 1959 442 1989 Venerabili
478 1959 560 1997 fratri
601 1982 618 1988 ..
653 1958 853 1997 archiepiscopo
889 1962 914 1988 ct
950 1958 1056 1988 dilectis
1087 1958 1156 1996 filiis
1183 1959 1254 1988 clero

240 2014 450 2044 Beneventanis.
466 2013 520 2043 Eis
535 2012 667 2042 mandat
684 2016 718 2042 ut
734 2013 887 2048 Heni-ico,
900 2012 1084 2052 presbytero
1100 2011 1253 2043 ecclesiae

240 2068 500 2103 Anclionitanae,
519 2076 613 2106 super
633 2067 815 2106 praemissis
834 2070 976 2106 pareant.

286 2134 298 2149 ι
314 2121 396 2151 Cum
416 2130 511 2159 super
528 2120 749 2151 excessibus...
768 2138 808 2142 —
824 2120 895 2150 Dat.
916 2124 952 2150 ut
967 2128 1072 2159 supra.
1095 2131 1110 2148 x·
1124 2140 1132 2147 .

313 2300 396 2329 ⁸20?
405 2302 425 2329 Ι

276 2362 320 2390 De
330 2363 436 2390 ,eodem
452 2363 579 2398 negotio.
595 2362 665 2395 (Fol.
684 2363 715 2390 17
731 2363 779 2396 ro.)

866 2299 954 2332 Rieti,
974 2300 1005 2326 17
1018 2300 1083 2334 juin
1101 2300 1179 2328 1288.

281 2465 327 2505 [...
347 2465 501 2494 Beneventi.
528 2465 563 2495 Ei
579 2465 711 2495 mandat
728 2469 763 2495 ut
782 2465 933 2503 Henrico,
950 2465 1136 2504 presbytero
1151 2465 1251 2496 eccle-

240 2518 307 2548 siae
324 2519 583 2555 Ancbonitanae,
599 2528 693 2557 snper
707 2518 902 2557 exequendis
918 2519 1102 2558 praemissis
1114 2519 1248 2549 assistat.

283 2583 296 2598 α
315 2570 397 2601 Cum
415 2581 510 2611 super
526 2572 743 2602 excessibus...
762 2589 801 2593 —
816 2572 886 2601 Dat.
906 2576 940 2602 ut
958 2581 1063 2611 supra.
1085 2583 1099 2599 »

313 2751 428 2780 ’2022
866 2752 953 2783 Ricti,
973 2752 1004 2779 19
1016 2752 1082 2787 Juin
1100 2752 1178 2779 1288.

276 2813 419 2849 Bet-ardo,
435 2813 572 2848 episcopo
596 2812 781 2846 Pencstrino,
804 2814 923 2841 Palliani
944 2818 972 2842 et
999 2814 1132 2842 Seri-onis
1155 2818 1251 2842 castra

240 2862 382 2890 concedit.
400 2862 472 2895 (F'ol.
490 2862 520 2889 17
538 2864 584 2894 ro.)

286 2964 438 2994 Venerabili
464 2965 545 3003 fratri
574 2964 705 3000 Berardo,
737 2964 858 3003 episcopo
883 2966 1051 2996 Peneslriuo.
1084 2978 1097 2992 α
1124 2965 1250 3002 Quanto

993 288 1229 320 REGJSTRES
1251 289 1305 319 DE
1327 289 1509 319 NICOLAS
1531 291 1587 320 IV.

1334 354 1368 384 in
1385 354 1554 386 ecclesia...
1572 356 1645 386 Tibi
1661 356 1798 386 Palliani
1815 359 1845 386 et
1860 356 2007 387 Serronis
2023 361 2135 395 castra,
2154 358 2341 390 penestrina

1335 407 1527 445 diocesis‚ad
1535 417 1701 438 romanam
1709 408 1874 439 ecclesiam
1883 409 2342 448 immediatespectantia,cum

1334 461 1487 491 omnibus
1499 461 1626 500 juribus
1643 466 1673 492 et
1689 462 1891 501 pertinentiis
1907 462 1973 492 suis
1987 471 2050 502 que
2061 462 2143 492 dicta
2160 463 2292 494 ecelesia
2307 464 2342 496 in

1335 515 1446 544 castris
1468 514 1546 554 ipsis
1565 515 1707 545 noscitur
1729 515 1892 551 obtinere,
1911 515 2015 554 quoad
2041 516 2159 546 vixeris
2184 515 2223 546 de
2242 516 2343 555 gratia

1335 567 1541 598 concedimus
1559 568 1728 607 speciali...
1746 568 1818 599 Dat.
1835 578 1890 599 11111
1909 568 2064 599 kalendas
2077 568 2166 608 julii.
2188 581 2202 596 n

1409 747 1526 778 '2023

1372 809 1416 836 De
1432 809 1531 836 eodem
1549 810 1674 845 negotio.
1693 809 1764 844 (Fol.
1784 810 1814 836 17
1831 811 1877 842 ro.)

1964 747 2050 781 Rieu,
2070 747 2102 775 19
2113 748 2179 783 juin
2195 748 2273 776 1288.

1378 913 1492 943 Dilectis
1525 912 1592 951 filiis
1626 912 1778 942 hominibus
1808 912 1928 942 Palliani
1960 917 1984 942 et
2017 912 2145 943 Serv-onis
2179 917 2344 952 castrorum,

1336 967 1497 995 Penestrine
1518 966 1638 995 diocesis.
1666 966 1718 996 Eis
1737 966 1869 996 mandat
1891 970 1924 996 ut
1947 966 2086 996 Berardo
2099 990 2107 1004 ‚
2124 966 2347 1008 episcopopo-

1338 1020 1494 1056 nestrino,
1511 1024 1663 1059 tanquam
1680 1019 1797 1049 rectori
1812 1028 1869 1049 sno
1886 1023 2027 1058 pareant.

1379 1085 1394 1100 «
1411 1073 1493 1103 Cum
1510 1076 1612 1103 castra
1626 1077 1769 1103 vestra...
1793 1084 1806 1099 »

1411 1252 1662 1282 *sou-voss
1966 1251 2053 1283 Rieu,
2070 1251 2103 1279 23
2116 1252 2181 1287 μὴ,
2198 1251 2275 1280 1288.

1374 1315 1541 1346 Benedicto,
1555 1314 1652 1341 Sancti
1668 1314 1780 1341 Nicolai
1796 1315 1823 1341 in
1840 1314 1960 1341 Carcere
1973 1314 2103 1341 Tulliano
2119 1314 2238 1342 diacono
2252 1314 2348 1342 cardi-

1338 1365 1408 1395 nali,
1429 1364 1623 1390 castellaniam
1645 1367 1674 1390 et
1693 1363 1852 1390 dominium
1873 1363 1987 1390 Roccae
2008 1362 2175 1390 Summonis
2191 1367 2219 1391 et
2234 1363 2350 1392 Roccae'

1337 1412 1430 1439 Casti-i
1446 1412 1587 1439 concedit.
1606 1412 1674 1446 (Fol.
1694 1413 1723 1439 17
1741 1413 1790 1445 ιώ.)

1379 1514 1484 1544 Πίὶνσῑο
1517 1515 1575 1553 filio
1608 1514 1769 1550 Bencdicto,
1802 1513 1895 1544 Sancti
1932 1514 2040 1545 Nicolaz‘
2071 1515 2100 1544 in
2135 1514 2250 1546 Carcere
2284 1515 2349 1546 Tul-

1338 1569 1411 1598 aiano
1429 1568 1537 1597 diacono
1551 1569 1695 1597 cardinali.
1717 1581 1730 1594 u
1749 1569 1795 1598 De
1809 1573 1861 1597 tue
1876 1569 2209 1607 circumspectionis...
2226 1568 2348 1600 Castel—
2368 1591 2370 1594 >

1338 1621 1458 1651 laniam
1489 1626 1519 1652 et
1549 1622 1733 1652 dominium
1760 1622 1862 1651 Rocce
1888 1622 2088 1659 Summonis,
2118 1622 2158 1652 ad
2183 1631 2349 1653 romanam
2379 1622 2384 1626 “

1338 1675 1504 1705 ecclesiam
1525 1675 1724 1714 pertinentis,
1743 1684 1816 1705 cum
1833 1675 1986 1705 omnibus
1998 1676 2129 1714 juribus
2145 1676 2184 1706 ad
2203 1676 2348 1707 castella-

1338 1729 1425 1758 niam
1443 1733 1473 1758 et
1488 1728 1671 1758 dominium
1689 1728 1799 1759 eadem
1824 1729 2061 1767 spectantibus,
2085 1729 2184 1760 libere
2208 1739 2227 1760 a
2244 1734 2274 1760 te
2291 1739 2348 1768 ge-

1337 1782 1438 1812 renda
1454 1782 1487 1811 in
1505 1782 1728 1820 spiritualibus
1743 1785 1772 1811 et
1793 1781 2033 1820 temporalibus,
2052 1792 2152 1822 usque
2167 1783 2206 1812 ad
2221 1787 2347 1822 aposto·
2372 1818 2380 1823 ,

1337 1835 1399 1866 lice
1413 1835 1498 1865 sedis
1512 1835 1762 1875 beneplacitum,
1779 1835 1966 1866 auctoritate
1983 1836 2179 1875 presentium
2196 1836 2349 1868 duximus
2366 1850 2379 1874 ⁴

1336 1888 1577 1919 committenda.
1598 1888 1670 1918 Dat.
1689 1889 1800 1926 Reate,
1820 1898 1890 1918 vnn
1905 1888 2060 1918 kalendas
2075 1888 2164 1928 julii.
2183 1900 2197 1916 »

1376 1943 1414 1972 In
1446 1951 1473 1972 e.
1501 1951 1545 1971 m.
1577 1942 1682 1972 eidem
1708 1941 1929 1972 castellaniam
1958 1947 1988 1972 et
2017 1942 2200 1972 dominium
2227 1942 2348 1974 Roccae
2372 1983 2374 1986 Ι

1335 1995 1439 2026 Casti-i
1455 1995 1611 2026 concedit.

1408 2169 1524 2197 ‘20³2ss
1963 2167 2050 2202 Rieti,
2069 2167 2179 2204 23juin
2197 2169 2275 2197 1288.

1370 2231 1487 2257 Mandat
1513 2235 1543 2257 ut
1568 2239 1682 2257 summa
1707 2231 1845 2266 pecuniae
1875 2230 1910 2257 ab
1936 2230 2103 2258 hominibus
2128 2231 2215 2259 castri
2240 2231 2346 2260 Montis

1336 2279 1433 2307 Sancti
1459 2280 1535 2306 Petri
1557 2281 1662 2307 rectori
1678 2279 1824 2307 Mai-chiae
1840 2280 2062 2308 Ancbonitanae
2080 2280 2217 2308 solvenda
2236 2281 2348 2308 minua-

1335 2332 1391 2356 tur.
1405 2328 1476 2362 (1³01.
1492 2330 1521 2356 17
1536 2330 1582 2364 ro.)

1377 2431 1481 2461 Dilecto
1510 2432 1567 2471 filio
1598 2457 1618 2461 ..
1645 2432 1766 2462 Marchie
1791 2432 1977 2461 Anchom'tane
2005 2432 2115 2464 rectori.
2145 2445 2157 2459 1(
2188 2433 2231 2463 Ex
2261 2435 2348 2472 parte

2369 2360 2383 2370 μ

1335 2485 1506 2515 hominnm
1523 2487 1617 2515 castri
1640 2486 1758 2516 Montis
1780 2486 1888 2516 Sancti
1906 2486 2012 2523 Petri,
2031 2486 2182 2517 Firmane
2199 2487 2344 2523 diocesis,
2371 2500 2373 2508 ⁴

1335 2539 1395 2568 fuit
1407 2539 1499 2568 nobis
1512 2540 1691 2578 expositum
1701 2539 1796 2578 quod,
1807 2539 1880 2569 licet
1893 2539 1952 2578 ipsi
1966 2539 2163 2578 temporibus
2172 2539 2346 2578 retroactis,
2371 2575 2374 2579 .

1335 2592 1453 2631 quibus
1469 2596 1609 2621 castrum
1627 2593 1733 2631 ipsum
1750 2593 1982 2622 habitatoribus
1999 2596 2065 2622 erat
2081 2592 2224 2632 plenum,
2242 2597 2346 2632 potes-

1336 2646 1389 2675 tati
1414 2650 1444 2676 et
1466 2646 1537 2676 aliis
1562 2647 1753 2676 officialibus
1770 2647 1825 2686 qui
1846 2655 1901 2685 pro
1926 2651 2067 2686 tempore
2086 2646 2219 2676 ruerunt
2235 2655 2346 2677 eorum

1335 2700 1486 2737 regimini
1514 2699 1655 2738 deputati
1683 2705 1812 2730 centnm
1840 2700 2053 2739 quadraginta
2080 2700 2224 2739 quinque
2249 2699 2346 2730 libras

1335 2757 1546 2784 ravennatum
1565 2763 1620 2793 pro
1640 2753 1755 2784 salario
1773 2755 2000 2784 consueverint
2020 2753 2199 2793 persolvere
2221 2748 2345 2785 annuass

1334 2806 1409 2843 tim,
1429 2810 1462 2836 tu
1483 2811 1605 2844 tamen,
1625 2816 1688 2837 non
1711 2807 1878 2837 attendens
1894 2807 1977 2846 quod
2001 2807 2121 2837 dictum
2143 2810 2280 2836 castrum
2299 2812 2346 2837 est

1334 2859 1525 2898 hujusmodi
1553 2861 1785 2891 habitatoribus
1812 2869 1875 2891 non
1904 2860 2069 2890 modicum⁴
2095 2860 2293 2890 diminutum
2316 2863 2346 2890 et

1334 2913 1521 2952 collapsum,
1542 2922 1594 2944 eos
1613 2914 1651 2943 ad
1668 2914 1826 2952 integram
1845 2913 2038 2944 solutionem
2056 2912 2221 2952 compellis
2237 2912 2344 2943 salarii
2389 2932 2392 2935 ,

1333 2967 1519 3006 supradicti.
1532 2968 1636 3004 Quare
1649 2968 1816 2998 humiliter
1827 2967 2050 3007 supplicabant
2067 2971 2099 2996 ut
2116 2966 2280 3006 providere
2297 2966 2344 2997 eie
