2393 3496
65 392 144 434 apud
165 391 312 422 Sanctam
334 391 468 420 Mariam
490 393 660 435 Maiorem,
679 403 747 423 xnn
763 393 918 423 kalendas
933 393 1063 432 aprilis,

52 450 147 477 'anno
161 445 282 484 quinto.
301 455 316 471 »

105 498 141 528 In
170 506 198 527 e.
223 506 267 527 m.
294 497 414 528 decano
441 503 471 528 et
499 500 671 529 conventui
702 500 846 538 ejusdem
878 499 1065 530 monasterii

66 551 193 583 mandat
208 555 241 580 ut
255 550 359 581 eidem
376 552 479 581 abbati
496 552 634 582 debitam
649 549 863 583 obedientiam
880 553 1064 592 praebeant.

103 605 141 635 Iu
163 613 190 633 e.
214 612 258 634 m.
285 604 429 634 vassallis
452 606 639 635 monasterii
663 605 850 636 Casinensis
875 606 1007 635 mandat
1031 610 1067 635 ut

63 658 167 689 eidem
182 657 287 686 abbati
305 657 396 687 solita
411 658 543 687 servitia
561 664 591 688 et
605 660 678 697 jura
694 664 864 698 praestent.

63 892 67 902 ⁵
101 905 204 932 Statuit
219 909 248 932 ut
266 906 443 941 quicumque
457 907 601 933 licentiam
618 908 646 933 in
662 907 848 933 facultatibus
869 905 1065 932 universitatis

49 951 234 991 &carisiensis
249 955 405 982 obtinuerit
421 964 521 990 regere
537 959 564 982 et
584 955 687 982 docere
705 955 809 990 ubique
825 958 905 981 extra
920 955 1064 981 civitatem

52 1000 251 1038 Qarisiensem
268 1005 369 1038 possit.
389 1004 469 1035 (Res.
488 1005 531 1038 46,
548 1012 574 1031 c.
591 1004 634 1037 30,
651 1004 669 1030 f.
691 1003 737 1031 193
754 1005 805 1036 ro.)

55 1049 75 1078 ὖ

395 843 756 878 Sainte-Marie-Majeure,
773 844 807 871 ‘23
824 852 900 870 mars
915 843 994 871 1292.

54 1094 75 1140 :¹⁴
101 1107 218 1137 Dileclis
227 1107 302 1144 filiis
317 1108 531 1137 universitatis
547 1108 765 1144 magistrorum
783 1111 809 1135 et
824 1107 988 1135 scolarium
1008 1107 1065 1135 Ρα-

47 1141 249 1195 {flu-tensium.
271 1172 284 1187 α
309 1161 395 1190 Dum
417 1165 536 1190 attente
560 1160 852 1190 considerationis..
861 1159 1065 1198 Cupientes

51 1199 166 1252 {taque
180 1217 214 1243 ut
229 1213 394 1243 studentes
409 1214 443 1242 in
459 1222 536 1251 agro
549 1214 681 1243 scientie
699 1213 782 1251 apud
798 1213 958 1242 civitatem
975 1212 1066 1241 Pari-

47 1250 198 1302 {diensem
213 1267 254 1296 ad
268 1267 448 1305 magisterii
466 1267 615 1306 bravium
631 1267 818 1297 animentur
834 1271 864 1296 et
882 1267 915 1296 in
935 1265 1064 1295 faculta—

42 1303 144 1401 {ihus
161 1319 198 1349 in
218 1320 335 1358 quibus
354 1320 504 1350 cathedra
525 1320 670 1350 decorari
690 1320 869 1349 merueiint
889 1319 1067 1357 magisnali

39 1380 42 1388 ⁴
59 1371 189 1409 ¹functos
209 1373 329 1412 ubique
352 1373 479 1403 valeant
502 1373 647 1408 erudire,
668 1374 864 1412 presentium
885 1378 993 1402 tenore
1011 1373 1066 1402 de-

47 1382 220 1459 {Ernimus
234 1431 268 1456 ut
282 1428 480 1465 quicumque
497 1437 533 1456 ex
551 1427 758 1456 universitate
772 1432 874 1456 vestra
890 1426 973 1464 apud
987 1426 1067 1455 civi-

95 1484 156 1510 tem
173 1480 346 1518 predictam
365 1480 404 1510 ab
420 1480 485 1510 illis
504 1490 559 1519 per
576 1489 656 1519 quos
679 1481 844 1510 consuevit
863 1479 1068 1509 licentiandis

45 1522 98 1575 *fin
108 1533 200 1563 dictis
213 1533 415 1564 facultatibus
431 1534 616 1564 auctoritate
632 1533 802 1572 apostolica
818 1534 950 1572 regendi
966 1533 1067 1563 licen-

54 1579 108 1617 fiia
125 1586 269 1624 elargiri,
292 1592 382 1625 prout
403 1592 449 1617 est
468 1588 514 1617 ibi
536 1588 689 1617 hactenus
709 1588 928 1623 observatum,
946 1587 1067 1617 exami-

46 1632 157 1672 'Hiatus
169 1645 200 1670 et
211 1640 402 1679 approbatus
419 1642 516 1671 suerit
535 1646 565 1670 et
580 1642 619 1671 ab
636 1641 682 1671 eis
701 1641 889 1680 hujusmodi
904 1641 1069 1671 licentiam

40 1677 236 1724 Johtinuerit
255 1695 289 1723 in
312 1695 488 1733 theologice
507 1695 555 1724 vel
571 1695 653 1733 juris
671 1695 819 1725 canonici
835 1700 890 1724 aut
908 1695 1069 1725 medicine

47 1728 120 1791 ἥξει]
139 1746 320 1777 liberalium
338 1748 458 1777 artium
479 1747 682 1777 facultatibus
702 1757 736 1777 ex
761 1751 836 1777 tuuc
854 1748 976 1786 absque
995 1757 1067 1778 exa-

51 1793 239 1845 'Jminatione
253 1800 302 1830 vel
316 1801 542 1839 approbatione
557 1800 686 1839 publica
699 1800 748 1830 vel
762 1802 884 1840 privata
898 1800 947 1830 vel
961 1801 1068 1840 aliquo

52 1851 126 1883 falio
146 1862 227 1884 novo
247 1854 405 1892 principio
426 1854 559 1892 regendi
579 1859 673 1893 atque
692 1854 828 1884 docendi
847 1855 965 1893 ubique
983 1854 1067 1884 loco-

10 1903 12 1908 ’
46 1901 134 1938 frum
143 1911 229 1937 extra
239 1908 401 1937 civitatem
412 1907 587 1946 predictam
600 1908 734 1937 liberam
747 1908 861 1937 habeat
871 1907 1066 1945 facultatem,

39 1955 121 1994 ⁴{zuen
132 1970 150 1990 a
163 1969 324 2000 quoquam
339 1961 441 1990 valeat
457 1961 632 2000 prohiberi.
651 1961 723 1991 Non
739 1962 937 1991 obstantibus
953 1961 1068 2000 aliqui-

43 2000 122 2046 sshus
141 2015 307 2044 contrariis
323 2014 611 2044 consuetudinibus
626 2014 675 2043 vel
692 2014 827 2051 statutis,
847 2020 887 2049 et,
907 2015 972 2043 sive
992 2014 1069 2044 velit

52 2055 170 2105 fregere
196 2067 264 2097 sive
286 2076 364 2104 non,
387 2068 421 2097 in
446 2067 649 2097 facultatibus
672 2067 838 2106 prelibatis
862 2076 917 2106 pro
941 2067 1067 2098 doctore

51 2117 293 2151 'nichilominus
308 2120 473 2150 habeatur.
493 2120 583 2150 Nulli
601 2129 686 2158 ergo,
704 2124 775 2155 etc„
795 2124 901 2150 nostre
914 2120 1068 2151 constitu—

65 2172 169 2211 tionis,
186 2178 244 2203 etc.
262 2174 334 2203 Dat.
353 2174 465 2209 Rome,
483 2173 565 2212 apud
580 2173 729 2203 Sanctam
748 2174 881 2203 Mariam
899 2174 1065 2211 Majorem‚

64 2235 83 2257 x
99 2227 250 2258 kalendas
264 2228 388 2267 aprilis,
405 2236 490 2258 anno
506 2228 628 2267 quinto.
647 2240 659 2253 ι

115 2415 362 2444 8833—6937
414 2415 774 2449 sainte-Mane-Majeure,
795 2415 823 2440 14
841 2421 917 2440 mars
936 2413 1013 2440 1292.

100 2476 262 2504 Bet-nardus
273 2478 413 2504 ecclesiae
424 2477 607 2505 Gerundensi
622 2477 778 2512 episcopus
794 2476 968 2511 praeficitur.
982 2475 1065 2509 (Rae.

64 2525 107 2559 46,
119 2534 145 2554 c.
156 2526 199 2561 31,
215 2527 235 2554 f.
252 2526 300 2554 193
312 2529 362 2559 νῦ.)

110 2626 274 2656 Venerabili
297 2628 393 2664 fratri
419 2627 589 2663 Bernarclo,
615 2628 748 2664 episcopo
776 2625 974 2655 Gerundenst.
1002 2625 1064 2655 Va-

64 2679 148 2709 canti
164 2679 367 2710 Gerundensi
385 2679 536 2710 ecclesiae
552 2689 607 2718 per
623 2679 745 2709 obitum
768 2679 941 2715 Bernardi,
962 2687 1066 2717 quon-

65 2731 138 2762 dam
152 2733 300 2772 episcopi,
320 2733 532 2770 ssernardum,
552 2737 626 2762 tunc
643 2732 907 2762 archidiaconum
926 2731 1067 2761 Valenti-

65 2792 155 2823 num,
171 2786 324 2824 praeficit.

106 2850 121 2866 «
146 2839 431 2869 Licetcontinuata
448 2839 784 2877 supervenientium...
801 2855 839 2859 —
857 2839 928 2868 Dat.
948 2838 1065 2875 Rome,

65 2891 148 2930 apud
168 2891 316 2922 Sanctam
340 2892 475 2922 Mariam
501 2892 672 2930 Majorem,
695 2901 715 2920 n
739 2891 810 2921 idus
833 2892 958 2926 martii,
982 2900 1068 2921 anno

66 2944 188 2983 quinto.
207 2957 221 2971 ι)

106 2998 143 3027 111
168 3007 195 3027 e.
222 3007 264 3027 m.
291 2998 516 3028 archidiacono
542 3002 571 3026 et
596 2997 734 3036 capitulo
761 2997 912 3027 ecelesiae
941 2997 1067 3027 Gerun—

890 318 1133 364 CINQUIE'JME
1156 319 1314 359 ANNEE.
2096 335 2153 364 927

1148 394 1255 423 densis
1280 395 1411 425 mandat
1433 401 1464 425 ut
1485 397 1587 426 eidem
1611 397 1757 436 episcopo
1777 397 1916 427 debitam
1939 398 2152 429 obedientiam

1146 447 1329 485 praebeant.

1187 500 1224 529 In
1242 510 1269 530 e.
1287 510 1330 530 m.
1351 501 1434 531 clero
1449 503 1588 532 civitatis
1605 508 1635 532 et
1650 504 1803 534 dioecesis
1819 504 2053 534 Gerundensis.

1188 553 1227 582 In
1244 563 1271 584 e.
1291 563 1334 583 m.
1356 555 1471 593 populo
1487 556 1623 586 civitatis
1639 561 1669 585 et
1684 557 2082 588 dioecesisGerundensis.

1487 637 1848 672 Sainte-Marie-Majtaure‚
1863 639 1896 665 ‘25
1913 647 1990 665 mars
2008 639 2084 666 1292.

1188 695 1227 724 In
1251 705 1278 725 e.
1304 706 1347 726 m.
1374 697 1520 727 vassallis
1543 699 1694 729 ecclesiae
1710 700 1948 732 Gerundensis.
1968 706 2001 730 ut
2018 702 2046 731 ei
2064 701 2157 731 solita

1149 748 1220 786 jura
1239 753 1270 777 et
1287 750 1416 779 servitia
1440 756 1611 788 praestent.
1640 752 1711 782 Dat.
1739 753 1875 789 Romae,
1899 754 1983 792 apud
2006 754 2155 784 Sanctam

1149 800 1285 842 Mariam
1308 802 1480 840 MaJ'orem,
1507 813 1563 833 vm
1588 805 1742 834 kalendas
1763 807 1894 845 aprilis,
1922 816 2008 837 anuo
2030 807 2154 846 quinto.

1147 852 1206 891 (En
1223 855 1355 893 marye.)

1201 1039 1457 1069 8938-8340
1495 1042 1858 1079 Sainte-Marie-Majeure,
1880 1046 1913 1072 23
1929 1054 2006 1072 mars
2028 1047 2102 1073 1292,

1183 1101 1314 1129 Jacobus
1342 1105 1517 1131 monasterio
1543 1105 1750 1141 Pomposiano‚
1777 1107 1973 1135 Comaclensis
1998 1109 2156 1143 dioecesiS,

1149 1151 1323 1185 praeficitur.
1342 1152 1425 1185 (Rea.
1450 1154 1498 1185 46,
1520 1162 1546 1182 c.
1569 1155 1616 1189 32,
1634 1156 1652 1182 f.
1673 1156 1786 1189 1941-0.)

1189 1268 1308 1304 Jacolm,
1334 1270 1436 1298 abbati
1458 1272 1635 1300 monasterii
1658 1272 1869 1310 pomposiani,
1894 1282 2020 1303 romane
2042 1276 2159 1304 ecclesie

1150 1322 1236 1350 nullo
1260 1323 1355 1351 medio
1370 1324 1570 1360 pertinentis,
1591 1326 1710 1354 ordinis
1731 1326 1836 1355 Sancti
1859 1327 2026 1365 Benedicti,
2050 1330 2159 1358 Coma-

1151 1375 1257 1403 elensis
1285 1377 1420 1405 diocesis.
1452 1376 1646 1407 Monasterio
1673 1385 1802 1408 vacante
1831 1390 1885 1418 per
1909 1381 2032 1411 obitum
2060 1382 2158 1419 Petri,

1151 1428 1315 1465 quondam
1338 1429 1476 1466 abbatis,
1497 1436 1672 1460 conventus
1698 1446 1709 1457 «ι
1738 1432 1911 1471 Biaquino,
1934 1435 2033 1473 priori
2052 1435 2158 1465 claus-

1153 1481 1222 1510 trali
1236 1481 1313 1511 dicti
1324 1484 1524 1519 monasterii,
1540 1484 1679 1522 eligendi
1698 1491 1758 1515 tres
1770 1487 1808 1516 de
1821 1487 1904 1517 dicto
1915 1494 2086 1525 conventu,
2107 1490 2160 1528 qui

1152 1539 1337 1572 potestatem
1361 1536 1516 1566 habereut
1539 1536 1672 1567 liberam
1696 1540 1735 1568 ab
1753 1540 1873 1569 eisdem
1893 1541 2034 1579 eligendi
2053 1552 2156 1580 perso·

1153 1597 1227 1617 nam
1243 1589 1403 1627 ydoneam
1415 1590 1449 1618 in
1459 1590 1605 1620 abbatem
1615 1592 1757 1630 ejusdem
1767 1595 1965 1631 monasterii,
1975 1595 2157 1626 facultatem

1151 1640 1286 1671 liberam
1303 1647 1539 1672 concesserunt.
1559 1656 1572 1670 ³>
1590 1644 1735 1684 Cumque
1751 1647 1838 1684 prior
1857 1648 2011 1678 Jacobum
2034 1655 2063 1679 et
2079 1650 2156 1680 Gui-

1152 1694 1268 1724 donem
1285 1695 1324 1724 de
1340 1696 1486 1725 Ferraria
1503 1702 1533 1726 et
1550 1697 1692 1727 blasium
1711 1698 1749 1728 de
1765 1699 1982 1732 Colletanleno
1999 1702 2155 1741 elegisset,

1151 1748 1199 1777 hii
1227 1749 1398 1783 Jacobuin,
1430 1750 1645 1788 monachum,
1674 1752 1853 1790 elegerunt,
1879 1755 1934 1792 qui
1954 1756 1993 1785 ab
2015 1756 2157 1788 Honorio

1151 1810 1230 1840 papa
1247 1802 1337 1831 IIII¹⁰
1353 1802 1540 1832 electionem
1556 1803 1646 1833 iilam
1662 1805 1846 1836 confirmari
1864 1809 1969 1846 petiit;
1988 1811 2041 1839 sed
2059 1812 2157 1841 Anto-

1152 1854 1206 1884 nio
1224 1855 1262 1884 de
1280 1854 1444 1890 Bononia,
1461 1856 1593 1886 Nicolao
1611 1857 1649 1886 de
1670 1858 1816 1888 Ferraria
1831 1865 1861 1889 et
1876 1862 2069 1899 quibusdam
2085 1864 2157 1894 aliis

1151 1909 1338 1938 monasterii
1364 1910 1529 1939 monachis
1557 1911 1633 1940 'nuic
1659 1912 1808 1942 electioni
1841 1923 1873 1943 se
1901 1918 2155 1955 opponentibus,

1151 1961 1303 1990 Nicolaus
1317 1971 1396 2000 papa
1412 1963 1458 1999 L„
1478 1962 1658 1993 Ostiensem
1675 1971 1704 1994 et
1718 1965 1946 1997 Velletrensem
1960 1970 2154 2009 episcopum,

1151 2014 1331 2044 auditorem
1362 2017 1504 2053 partibus
1533 2017 1639 2053 dedit,
1671 2041 1690 2047 ..
1722 2020 1931 2059 episcopoque
1958 2023 2156 2055 Ferrarieusi

1151 2068 1317 2097 mandavit
1338 2074 1380 2105 ut,
1405 2069 1443 2098 ad
1463 2072 1692 2100 monasterium
1713 2073 1962 2111 Pomposianum
1983 2078 2154 2114 accedens,

1151 2121 1394 2159 inquisitionem
1419 2122 1458 2151 de
1480 2131 1576 2152 causa
1598 2124 1733 2161 faceret;
1759 2131 1788 2154 et
1810 2126 1952 2163 demum,
1977 2131 2157 2160 examinata

1149 2183 1284 2212 persona
1296 2184 1351 2212 per
1369 2175 1417 2210 R,
1434 2175 1544 2205 Sancti
1556 2177 1655 2206 Marci
1667 2178 1902 2217 presbyterum,
1916 2186 1945 2210 et
1959 2182 2004 2218 «Γ,
2023 2182 2157 2214 Sanctae

1151 2228 1271 2257 Mariae
1286 2228 1319 2256 in
1341 2228 1397 2257 Via
1417 2228 1480 2257 lata
1497 2229 1667 2259 diaconum
1689 2232 1884 2269 cardinales,
1908 2235 2064 2266 Jacobum
2088 2246 2157 2267 mo-

1150 2280 1290 2309 nasterio
1307 2280 1454 2309 abbatem
1475 2282 1639 2319 praefecit,
1663 2284 1756 2322 eique
1780 2286 2013 2318 benedictionis
2036 2298 2154 2319 munus

1149 2342 1204 2371 per
1215 2332 1266 2369 G.,
1281 2333 1492 2363 Sabinensem
1505 2335 1699 2374 episcopum,
1717 2337 1864 2377 impendi
1879 2340 1965 2370 fecit.

1191 2398 1203 2412 ιι
1225 2386 1269 2415 Ex
1286 2386 1389 2415 debito
1406 2388 1610 2424 pastoralis...
1629 2406 1667 2410 —
1684 2391 1754 2420 Dat.
1776 2392 1887 2429 Home,
1906 2395 1990 2432 apud
2007 2395 2156 2426 Sanctam

1150 2438 1286 2468 Mariam
1302 2439 1469 2477 Majorem,
1487 2449 1505 2469 x
1521 2440 1675 2472 kalendas
1690 2444 1811 2482 aprilis,
1829 2454 1915 2475 auno
1930 2448 2052 2485 quinto.
2074 2461 2087 2475 »

1189 2492 1227 2521 Ι11
1244 2502 1272 2522 e.
1290 2502 1332 2521 m.
1354 2494 1528 2523 conventui
1546 2497 1733 2526 monasterii
1753 2498 1958 2537 Pompusiani
1975 2502 2106 2532 mandat
2124 2508 2156 2532 ut

1149 2545 1253 2575 eidem
1269 2546 1375 2575 abbati
1392 2546 1532 2576 debitam
1547 2548 1760 2580 obedientiam
1775 2557 1923 2590 praestet.

1188 2599 1226 2628 In
1243 2608 1270 2628 e.
1292 2608 1333 2628 m.
1352 2599 1496 2629 vassallis
1511 2603 1698 2632 monasterii
1717 2604 1931 2643 Pomposiani.

1202 2785 1288 2813 (334
1295 2785 1315 2812 1
1322 2785 1455 2814 4334ss

1516 2786 1862 2825 Sainte—Marie-Majenre,
1883 2792 1917 2818 ‘23
1934 2801 2008 2819 mars
2028 2794 2102 2821 1292.

1185 2847 1330 2873 Ger-ardus
1342 2847 1546 2875 suessionensi
1558 2850 1697 2877 ecclesiae
1708 2852 1863 2887 episcopus
1880 2855 2051 2888 praeficitur,
2070 2856 2153 2887 (Rea.

1149 2896 1192 2926 46,
1206 2904 1231 2922 c.
1245 2895 1286 2926 33,
1306 2896 1322 2921 f.
1344 2896 1389 2922 194
1406 2898 1458 2929 νῦ.)

1196 2998 1361 3026 Venerabili
1391 2999 1488 3033 fratri
1513 3000 1665 3039 Gerardo,
1693 3003 1823 3040 episcopo
1848 3003 2066 3035 Suessionenxi.
2090 3008 2153 3037 Va-
