2393 3496
171 326 228 356 752
915 318 1149 351 REGJSTRES
1171 319 1225 348 DE
1248 316 1429 347 NICOLAS
1451 317 1507 347 IV.

173 392 289 422 toriurn
311 392 452 430 ipsorum
475 391 616 429 eJusdem
639 390 752 419 domus
777 387 912 418 totaliter
939 387 1003 416 fere
1031 385 1171 420 diruere,

170 444 281 474 domos
305 444 506 481 cousi-ingere
531 452 565 473 ac
590 448 667 472 tecta
691 449 799 471 earum
825 440 983 476 detegere,
1009 438 1172 476 dictosque

170 498 281 527 fratres
299 497 412 526 exinde
433 496 586 525 violenter
607 500 636 524 et
654 493 869 531 ignominiose
886 492 1024 525 abicere,
1047 498 1171 520 necnon

169 560 376 589 campanam,
396 550 490 579 libros
509 554 538 578 et
555 551 742 578 ornamenta
760 545 986 580 ecclesiastica,
1004 552 1126 582 pannos
1142 548 1172 573 et

171 603 327 634 nonnulla
350 603 412 632 alia
437 603 518 631 bona
539 600 724 631 eorumden]
743 600 876 628 fratrum
901 598 1018 627 ibidem
1039 598 1172 626 inventa

171 664 275 685 secum
297 659 456 693 asportare
475 653 621 690 nequiter
637 655 909 691 presumpserunt,
928 652 959 680 in
978 650 1104 688 proprie
1121 658 1170 679 sa-

169 708 245 737 lutis
259 706 478 745 dispendium,
497 705 707 743 plurimorum
729 704 914 734 scandalum
934 709 964 733 et
983 702 1171 733 eorumdem

169 760 283 799 prioris
299 764 327 788 et
344 760 476 788 fratrum
493 758 669 787 maximum
688 757 929 792 detrimentum,
947 761 1071 796 propter
1086 755 1171 794 qnod

167 812 264 841 iidem
281 811 364 849 prior
380 816 408 840 et
426 811 537 840 tratres
553 810 591 839 ad
611 814 750 840 nostram
772 810 1004 849 providentiam
1025 818 1169 838 recurre-

166 870 252 895 runt.
267 865 332 894 Nos
346 865 462 903 itaque,
478 868 540 893 tani
555 873 666 901 graves
679 873 825 894 excessus
839 863 984 894 nolentes
995 863 1170 901 impunitos

168 917 318 956 relinqui,
334 917 519 948 discretioni
532 922 582 947 tue
594 926 650 956 per
662 917 831 956 apostolica
848 917 962 955 scripta
979 916 1170 946 mandamus

168 978 335 1012 quatenus.
363 982 418 1011 per
444 977 471 1002 te
495 973 545 1003 vel
572 982 626 1011 per
646 972 757 1009 alium,
784 973 869 1010 ipsos
896 982 931 1001 ex
956 976 1042 1010 parte
1064 976 1170 1001 nostra

165 1034 297 1056 monere
313 1034 461 1064 procures
479 1031 512 1055 nt
527 1026 638 1055 fratres
656 1026 738 1064 ipsos
761 1026 793 1055 in
816 1025 882 1055 loco
900 1025 1038 1064 predicto
1053 1025 1167 1062 libere,

167 1084 200 1109 ut
215 1080 318 1118 prius,
336 1080 453 1109 morari
471 1080 670 1118 permittant,
689 1088 811 1109 necnon
831 1088 1035 1118 campanam,
1053 1078 1167 1114 libros,

166 1137 364 1163 ornamenta.
380 1141 501 1170 pannos
516 1137 545 1161 et
561 1132 622 1162 alia
635 1133 717 1162 bona
734 1132 870 1170 predicta
888 1131 1067 1169 restituere,
1080 1140 1115 1161 ac
1131 1132 1169 1162 de

166 1186 294 1224 inJ'uriis
311 1190 341 1215 et
356 1186 503 1223 dampnis
520 1185 703 1223 hujusmodi
720 1185 840 1214 eisdem
859 1185 955 1223 priori
973 1189 1003 1214 et
1020 1185 1169 1214 fratribus

166 1239 263 1268 illatis
275 1238 401 1278 plenam
419 1239 495 1277 ipsis
511 1239 757 1268 satisfactionem
771 1238 957 1276 impendere
971 1238 1056 1267 infra
1072 1238 1169 1267 unius

165 1291 286 1321 mensis
304 1292 439 1330 spatium
465 1296 531 1330 post
548 1291 757 1321 monitionem
779 1295 865 1320 tuam
888 1291 1007 1329 absque
1028 1291 1170 1329 qnalibet

165 1343 351 1374 difficultate
369 1349 546 1382 procurent⁷
565 1344 687 1374 nullam
705 1345 750 1373 eis
770 1344 937 1374 inferendo
956 1345 989 1373 in
1007 1347 1169 1383 posterum

164 1397 317 1436 injuriam
335 1398 384 1427 vel
405 1406 589 1435 gravamen.
612 1397 765 1435 Alioquin
789 1406 840 1427 eos
860 1406 896 1426 ex
924 1402 999 1427 tunc
1021 1406 1057 1427 ex
1081 1402 1169 1436 parte

165 1455 271 1480 nostra
287 1451 494 1489 peremptorie
506 1450 604 1480 citare
615 1459 767 1489 procures
780 1455 814 1480 nt
825 1454 960 1488 quatuor
972 1460 1007 1480 ex
1020 1451 1169 1489 predictis

165 1511 243 1541 quos
268 1502 451 1541 hujusmodi
470 1503 598 1533 sceleris
618 1503 782 1532 inveneris
802 1503 969 1542 precipuos
995 1507 1168 1542 patratores

163 1556 381 1595 personaliter,
394 1556 509 1595 reliqui
523 1565 596 1586 vero
608 1566 662 1595 per
673 1565 705 1586 se
718 1556 767 1586 vel
782 1561 999 1595 procuratores
1011 1557 1166 1596 ydoneos,

164 1610 247 1639 inira
278 1610 373 1640 unius
402 1609 532 1640 alterius
563 1610 684 1640 mensis
712 1610 850 1649 spatium
879 1610 1037 1648 prefatum
1067 1619 1168 1640 unum

163 1672 307 1692 mensem
324 1663 510 1693 immediate
527 1663 701 1701 sequentis,
721 1667 925 1701 compareant
940 1671 1047 1692 corani
1064 1663 1167 1700 nobis,

165 1725 260 1754 super
274 1717 437 1754 premissis
452 1717 565 1746 facturi
586 1720 615 1745 et
634 1716 790 1755 recepturi
811 1716 894 1754 quod
910 1716 987 1746 ordo
1002 1716 1169 1746 dictaverit

165 1770 304 1799 rationis.
329 1769 420 1800 Diem
439 1779 550 1800 vero...
574 1771 644 1800 Dat.
662 1770 746 1809 apud
764 1770 1044 1804 Urhemveterem,
1062 1770 1170 1801 idibus

160 1823 259 1861 junii,
277 1831 362 1853 311110
377 1828 499 1861 quarto.
520 1835 534 1850 »

231 1976 485 2006 5522—5528

198 2038 327 2065 Facultas
338 2039 501 2065 conferendi
520 2039 733 2066 tabellionatnm
745 2039 858 2067 duabus
869 2041 1012 2075 personis.
1029 2040 1110 2074 (Rm.
1124 2041 1168 2074 46,

161 2096 184 2114 c.
204 2088 264 2119 327,
282 2088 300 2114 l.
318 2089 350 2115 114
368 2090 419 2120 νο.)

735 1977 860 2008 (Ji-vieto,
880 1978 893 2003 7
907 1978 1002 2012 juillet
1018 1977 1097 2005 1291.

208 2178 372 2206 Venerabili
387 2178 641 2214 li·al1·iloltanm'‚
661 2179 794 2216 episcopo
820 2180 1035 2217 ll'yittont'ensi.

202 2243 215 2256 (ι
234 2231 282 2259 Ne
299 2235 517 2260 contractuum
536 2232 727 2261 memoria...
745 2248 784 2253 —
800 2232 871 2262 Dat.
891 2233 974 2271 apud
992 2233 1170 2263 Urbemve-

161 2288 271 2319 terem,
291 2284 385 2313 nonis
398 2283 483 2321 julii,
501 2293 586 2314 auno
602 2288 725 2323 quarto.
743 2297 756 2311 ι)

742 2365 868 2399 01111010,
888 2366 918 2392 ‘37
935 2367 999 2400 juin
1018 2365 1095 2393 1291.
1114 2375 1116 2378 ⁴

200 2427 235 2455 In
265 2436 290 2455 e.
320 2436 363 2456 m.
396 2427 576 2463 Benedicto,
605 2427 844 2467 archiepiscopo
871 2428 1064 2459 Patraeensi.
1094 2430 1164 2459 Dat.

159 2481 239 2519 apud
262 2481 534 2515 Urbemvetereni,
556 2491 574 2509 v
593 2481 846 2520 kalendasjulii⁷
867 2491 952 2512 anno
969 2487 1090 2522 quarto.

227 2633 346 2663 5523

194 2696 317 2722 Domum
333 2705 417 2730 quarn
437 2697 538 2722 iratres
562 2695 756 2722 Poenitentiae
776 2696 848 2723 Jesu
870 2696 975 2724 Christi
1000 2697 1165 2733 Perpiniani

155 2747 261 2772 habent
276 2745 449 2771 monasterio
466 2745 561 2771 Sancti
580 2744 727 2771 Michaelis
743 2746 777 2771 de
793 2746 921 2778 Cuxano,
938 2746 1072 2774 Elncnsis
1088 2748 1164 2774 dioe-

156 2795 241 2828 cesis,
260 2794 364 2820 vendit.
380 2794 464 2827 (Rea,
483 2794 530 2825 46,
549 2802 576 2820 c.
593 2793 654 2828 328,
672 2794 690 2820 s.
706 2794 738 2821 64
756 2794 810 2827 vo.)

762 2634 888 2668 (ii-vieto,
905 2634 920 2661 9
932 2635 996 2669 juin
1014 2635 1092 2662 1291.

202 2883 367 2913 Venerabili
389 2885 485 2920 fratri
513 2905 532 2912 ..
559 2885 692 2921 episcopo
720 2884 853 2913 Elnense'.
879 2896 892 2910 α
920 2883 1036 2914 Dileeti
1057 2884 1116 2914 filii
1141 2908 1160 2916 ..

155 2938 249 2965 abbas
286 2942 315 2967 et
346 2941 520 2966 conventus
557 2936 743 2966 monasterii
781 2936 890 2966 Sancti
924 2937 1092 2968 Michaelis
1124 2939 1162 2968 de

155 2992 294 3025 (Luxinio,
310 2990 347 3019 ad
366 2998 530 3020 romanam
547 2989 713 3020 ecclesiam
730 2989 819 3020 nullo
837 2989 943 3020 medio
961 2991 1160 3029 pertinentis,

1255 382 1378 413 ordinis
1398 384 1428 412 S.
1453 382 1634 417 Benedicti,
1654 382 1804 412 Elnensis
1819 382 1969 419 diocesis,
1988 382 2082 412 nobis
2098 381 2265 414 humiliter

1256 435 1477 473 supplicarunt
1489 440 1532 472 ut,
1547 443 1621 465 cum
1632 435 1670 464 ad
1685 434 1794 464 villam
1810 435 2009 474 Pei-piniani,
2021 434 2104 465 dicte
2115 434 2262 472 diocesis,

1255 496 1311 526 pro
1337 496 1447 517 eorum
1471 487 1679 526 procurandis
1707 487 1860 525 negotiis,
1885 487 2059 517 nonnullos
2085 495 2197 518 eorum
2217 487 2264 518 ire

1256 541 1439 579 frequenter
1459 545 1490 571 et
1511 550 1566 580 per
1586 549 1796 579 consequens,
1822 541 1898 579 quia
1917 540 2038 571 ibidem
2059 540 2191 571 domum
2213 540 2265 571 vel

1254 593 1359 624 locum
1376 594 1475 624 alium
1493 602 1558 624 11011
1574 594 1738 630 obtinent,
1756 594 1789 623 in
1816 594 1964 632 hospitiis
1981 593 2120 632 publicis
2140 598 2170 624 et
2191 593 2264 624 aliis

1254 646 1332 677 10015
1355 647 1465 676 miuus
1485 646 1630 677 honestis
1653 652 1683 676 et
1705 647 1858 685 congruis
1882 646 2038 686 hospitari
2059 650 2215 686 oporteat,
2234 650 2264 677 et

1256 697 1310 727 tali
1326 698 1490 727 occasione
1506 697 1620 728 domus
1636 706 1733 737 quam
1751 720 1772 728 ..
1790 698 1876 736 prior
1891 702 1922 728 et
1937 699 2069 738 quidam
2086 698 2199 729 fratres
2215 707 2264 730 or-

1254 750 1340 780 dinis
1361 751 1398 780 de
1413 750 1599 780 Penitentia
1613 751 1691 781 Jesu
1705 751 1826 781 Christi
1842 752 1876 781 in
1891 751 1975 782 dicta
1992 751 2069 782 villa
2087 756 2264 782 noscuntur

1254 804 1372 834 habere
1397 804 1439 834 sit
1458 804 1580 835 eisdem
1601 805 1707 835 abbati
1730 810 1760 835 et
1782 806 1957 835 conventui
1977 805 2155 844 plurimum
2170 814 2263 846 opor-

1255 861 1342 894 tuna,
1353 857 1456 895 illam,
1466 867 1528 897 que
1540 858 1629 897 juxta
1644 859 1905 889 constitutionem
1921 859 2023 889 felicis
2035 859 2263 890 reeordationis

1254 910 1401 948 Gregorii
1428 920 1506 950 pape
1534 911 1607 949 Xufl,
1637 912 1868 951 predecessoris
1892 913 2004 950 nostri,
2027 912 2147 943 editam
2169 921 2264 952 super

1254 963 1314 994 1100
1328 964 1360 993 111
1375 964 1517 1003 generali
1531 964 1666 996 001101110
1679 965 1903 1003 Lugdunensi,
1915 965 2086 1004 apostolice
2101 965 2185 996 sedis
2196 965 2272 1009 dis--

1254 1018 1407 1057 positioni
1433 1019 1594 1052 consistit.
1619 1019 1666 1048 eis
1690 1019 1787 1048 vendi
1810 1019 1848 1049 de
1873 1019 2071 1057 benignitate
2093 1019 2264 1059 apostolica

1253 1075 1493 1102 mandaremus.
1524 1072 1591 1102 Nos
1618 1072 1744 1111 itaque,
1774 1072 1901 1102 utilitati
1927 1073 2029 1111 ipsius
2056 1073 2262 1111 monasterii,

1254 1125 1337 1164 quod
1355 1126 1481 1156 sincera
1497 1125 1665 1164 diligimus
1680 1127 1714 1156 111
1733 1126 1872 1156 Domino
1888 1126 2029 1162 caritate,
2051 1126 2086 1156 in
2102 1126 2162 1157 hac
2176 1131 2263 1166 parte

1253 1180 1420 1217 presertim
1438 1179 1604 1218 providere
1622 1179 1777 1217 volentes,
1794 1180 1985 1210 fraternitati
2005 1185 2056 1210 tue
2072 1189 2127 1219 per
2141 1185 2264 1220 aposto-

1252 1233 1313 1262 lica
1325 1233 1440 1272 scripta
1454 1233 1648 1263 mandamus
1664 1237 1833 1272 quatenus,
1847 1233 2033 1264 cedentibus
2046 1233 2098 1264 vel
2108 1234 2262 1264 deceden-

1255 1286 1336 1316 tibus
1365 1287 1485 1317 eisdem
1510 1287 1615 1325 priore
1640 1292 1669 1316 et
1694 1287 1844 1317 fratribus
1868 1288 1925 1326 qui
1949 1288 1982 1317 in
2006 1288 2100 1318 domo
2122 1287 2264 1326 predicta

1252 1344 1435 1375 morantur,
1453 1340 1575 1379 ipsam,
1594 1349 1667 1370 cum
1686 1341 1888 1379 pertinentiis
1907 1341 1990 1376 51115,
2010 1341 2140 1379 prefatis
2157 1341 2263 1372 abbati

1254 1397 1284 1422 et
1307 1387 1480 1422 conventui
1505 1393 1694 1423 auctoritate
1723 1398 1831 1423 nostra
1858 1402 1913 1432 pro
1941 1394 2042 1432 pretio
2070 1393 2263 1433 competenti

1254 1446 1407 1486 [vendasl,
1416 1455 1531 1485 eosque
1544 1446 1593 1477 vel
1606 1451 1842 1485 procuratorem
1854 1456 1949 1477 suum
1961 1447 2105 1486 ipsorum
2118 1447 2261 1485 nomine,

1252 1503 1419 1538 postquam
1441 1499 1627 1539 hujusmodi
1652 1501 1789 1538 pretium
1814 1500 1871 1530 tibi
1896 1501 1993 1530 suerit
2012 1501 2136 1539 integre
2156 1509 2262 1540 perso-

1254 1553 1373 1589 lutum,
1397 1553 1431 1582 in
1452 1553 1596 1591 ejusdem
1616 1553 1730 1583 domus
1746 1562 1781 1583 ac
1797 1554 1924 1592 jurium
1942 1559 1972 1584 et
1991 1545 2275 1593 pertinentiarum'

1252 1606 1440 1636 earumdem
1455 1606 1652 1645 corporalem
1665 1607 1900 1646 possessionem
1917 1607 2051 1638 inducas
2067 1612 2098 1638 et
2110 1607 2264 1638 defendas

1253 1659 1411 1690 inductos.
1432 1659 1701 1698 Contradictores‚
1721 1664 1780 1690 etc.
1802 1661 1837 1690 Et
1854 1661 1986 1700 insuper
2001 1661 2179 1700 predictum
2196 1670 2264 1701 pre-

1254 1713 1335 1743 tium
1349 1713 1383 1742 in
1397 1713 1505 1752 aliquo
1519 1717 1584 1744 tuto
1598 1713 1666 1744 loco
1679 1714 1812 1744 nomine
1826 1718 1934 1744 nostro
1947 1718 1976 1744 et
1989 1714 2121 1745 ecclesie
2131 1723 2264 1745 romane

1229 1794 1233 1799 .
1253 1767 1403 1806 deponas,
1419 1775 1516 1805 super
1527 1767 1713 1797 venditione
1726 1776 1762 1797 ac
1774 1768 1972 1806 depositione
1987 1768 2174 1808 hujusmodi
2189 1777 2264 1799 con-

1252 1820 1306 1850 fici
1322 1820 1442 1850 faciens
1458 1821 1520 1850 duo
1538 1820 1663 1860 publica
1679 1821 1912 1858 iustrumenta,
1930 1821 2100 1852 habiturus
2116 1831 2214 1861 penes
2234 1826 2264 1852 te

1252 1874 1383 1905 illorum
1397 1874 1545 1911 alterum,
1563 1874 1725 1914 reliquum
1741 1883 1817 1905 vero
1832 1874 1926 1905 nobis
1941 1875 2080 1906 fideliter
2095 1876 2262 1906 transmis-

1253 1937 1358 1958 surus.
1385 1928 1456 1958 Dat.
1485 1928 1569 1967 apud
1595 1928 1871 1966 Urbemveterem,
1902 1939 1922 1958 v
1950 1929 2023 1960 idus
2044 1929 2146 1968 junii,
2177 1938 2263 1960 anuo

1252 1986 1374 2021 quarto.
1394 1993 1409 2008 »

1322 2142 1441 2172 5530
1804 2142 1933 2174 Orvieto,
1953 2142 1983 2168 11
1997 2142 2092 2176 juillet
2110 2142 2189 2171 1291.

1288 2205 1420 2231 Facultas
1431 2205 1583 2232 exercendi
1595 2212 1645 2240 per
1655 2205 1741 2232 alium
1752 2206 1803 2240 jtis
1814 2205 1997 2232 visitationis.
2007 2205 2090 2239 (Rite.
2103 2206 2148 2238 46,
2160 2213 2186 2233 0.
2199 2205 2260 2235 329.

1250 2257 1270 2283 f.
1286 2256 1319 2283 65
1336 2260 1381 2289 10.)
2190 2257 2194 2260 ’

1297 2353 1464 2382 Venerabili
1479 2352 1576 2388 fratri
1593 2352 1744 2390 Philippo,
1758 2354 1895 2390 episcopo
1911 2353 2100 2390 Tridentino,
2114 2353 2261 2392 indulget

1250 2408 1285 2435 111
1308 2405 1506 2435 visitationis
1526 2404 1667 2435 officium
1691 2414 1746 2444 per
1765 2404 1868 2435 alium
1892 2413 2039 2436 exercere
2062 2410 2093 2437 et
2109 2415 2261 2446 procura-

1249 2459 1348 2490 tiones
1385 2459 1525 2498 recipere
1557 2459 1669 2490 valeat.
1707 2459 1935 2490 Praesentibus
1968 2469 2025 2498 per
2057 2461 2258 2500 septennium

1248 2512 1406 2543 valituris.

1290 2578 1303 2593 «
1337 2566 1441 2596 Habet
1469 2566 1503 2595 in
1533 2566 1664 2596 nobis...
1693 2582 1734 2589 —
1763 2566 1836 2596 Dat.
1867 2566 1953 2605 apud
1977 2567 2256 2604 Urbemveterem,

1248 2629 1267 2648 v
1285 2619 1357 2650 idus
1370 2619 1456 2658 julii,
1473 2628 1559 2650 anno
1576 2625 1698 2659 quarto.
1723 2632 1736 2647 »
1928 2617 1935 2620 ⁴

1319 2786 1434 2814 5531
1835 2786 1962 2819 Orvieto,
1979 2786 2011 2814 27
2023 2786 2088 2822 juin
2106 2786 2185 2815 1291.

1282 2847 1415 2876 Facultas
1427 2849 1628 2877 reconciliandi
1645 2858 1695 2885 per
1705 2850 1776 2878 alios
1789 2850 1851 2878 loca
1862 2850 1976 2877 violata.
1992 2849 2072 2883 (Rau.
2085 2849 2129 2884 46,
2142 2857 2168 2877 0.
2181 2849 2254 2884 3292,

1245 2897 1264 2924 f.
1281 2897 1314 2924 65
1331 2899 1378 2931 r0.)

1286 2993 1400 3023 Eidem.
