2393 3496
650 390 787 420 TABLE
809 377 1143 423 ALPHABETIQUE
1166 386 1244 416 DES
1266 387 1384 417 NOMS
1408 386 1612 417 PROPRES.
2106 389 2180 419 1105

88 459 248 492 Alianora.
266 456 314 487 Cf.
333 455 498 486 Alienora.

89 512 190 543 Aliate
209 511 266 549 (ec.
284 510 318 540 S.
336 510 420 539 Petri
438 509 500 548 de),
522 509 775 539 Mediolanensis
794 509 824 538 d.
843 508 931 538 6004.

89 565 225 596 Aliazira
241 563 302 602 (ec.
321 563 353 593 S.
372 563 491 592 Mariae
507 563 569 599 de),
588 562 778 592 Valentinae
796 562 826 592 d.
845 561 932 590 6271.

89 617 204 652 Alidis,
222 616 353 646 domina
369 615 407 644 de
422 615 564 651 Caseolo,
586 615 800 652 Lingonensis
816 615 847 644 d.
865 614 933 644 449.

90 670 206 702 Alid-is.
224 669 273 699 Cf.
293 668 438 707 Aleydis,
459 668 615 707 Alleydis.

91 721 251 754 Alidosius
267 721 305 751 de
321 721 351 750 la
367 721 481 757 Massa,
499 721 578 750 civis
595 721 765 751 [molensis
782 721 872 752 7318.

81 775 264 810 Alienora,
298 778 399 803 mater
429 774 569 803 Eduardi
602 776 686 813 regis
711 775 850 812 Angliae
884 775 974 811 1624,
1005 774 1093 804 2304.

91 828 254 864 Α1160016,
271 827 385 865 regina
399 827 535 864 Angliae
552 828 638 864 1738,
659 827 743 865 1739,
760 828 848 864 2654,
862 827 951 864 4559,
965 827 1053 857 6172.

93 880 214 911 Alirani
230 880 427 918 episcopatus
444 879 532 909 6590.

91 934 190 969 Ahro,
207 932 362 971 plebanus
379 933 479 971 plebis
498 933 529 963 S.
548 933 708 964 Johannis
727 933 917 964 Grisostomi
935 933 974 964 de
989 934 1097 963 Vene-

131 986 180 1016 1115
197 986 292 1023 5750;
316 1003 354 1007 —
378 985 497 1015 electus
523 985 729 1016 Torcellanus
748 986 844 1023 3265;
870 1004 907 1008 -
933 986 1096 1025 episcopus

110 1050 111 1053 ¹
128 1038 335 1069 Torcellanus
351 1038 536 1076 3357-3361,
555 1039 644 1075 3699,
662 1039 750 1075 4836,
768 1039 856 1068 5756.

92 1092 185 1123 Α11511
201 1092 334 1122 ecclesia
350 1092 438 1122 6280.

84 1146 199 1181 Alina,
218 1151 291 1175 nata
306 1145 443 1175 Goffridi
458 1145 496 1175 de
512 1145 660 1184 Thanay,
679 1146 915 1176 Xanctonensis
931 1146 961 1175 d.
981 1146 1068 1175 2012.

90 1198 199 1236 Alina,
218 1203 291 1228 nata
305 1199 468 1237 Hadulphi
482 1199 520 1228 de
539 1200 654 1238 Touny
676 1200 761 1229 1451.

91 1252 201 1289 Alitia,
219 1257 293 1281 nata
308 1252 483 1282 Theobaldi
505 1253 681 1289 Zamberti,
701 1254 939 1283 Xanctonensis
958 1253 989 1282 d.
1011 1253 1095 1284 1373.

90 1305 176 1336 Alix.
192 1305 242 1336 Cf.
261 1305 408 1344 Aleydis.

91 1357 236 1397 Alleydis
251 1357 290 1387 de
307 1358 390 1393 Dist,
410 1358 596 1388 Leodiensis
611 1359 642 1388 d.
660 1358 749 1388 2096.

93 1410 249 1450 Alleydis.
263 1411 312 1441 Cf.
331 1411 477 1450 Aleydis,
495 1411 611 1441 Alidis.

94 1464 208 1495 Allisia
222 1465 313 1503 (villa
329 1465 392 1504 de),
407 1465 566 1495 Eduensis
581 1466 612 1496 (1.
634 1466 718 1495 1606.

93 1518 267 1548 Α1111666116
282 1518 343 1558 (66.
363 1519 396 1548 S.
416 1519 537 1549 Mariae
554 1520 616 1557 de),
634 1520 837 1549 Lamecensis
853 1520 884 1549 d.
904 1520 992 1551 5623.

97 1571 274 1601 Almaricus
289 1572 328 1601 de
345 1572 483 1610 Nigella,
499 1573 695 1611 praepositus
711 1582 756 1602 ec.
772 1573 964 1610 Insulensis,
982 1574 1098 1603 Torna-

132 1625 236 1655 censis
253 1625 283 1654 d.
298 1625 387 1661 5078,
405 1626 494 1654 5210.

95 1677 230 1708 Almasii
248 1679 379 1708 comites
396 1678 484 1709 4333.

93 1731 194 1761 Almis
209 1731 300 1771 (villa
315 1731 368 1770 de)
384 1732 452 1761 526.

94 1784 285 1814 Almodovar
301 1784 577 1824 (praestimonium
594 1785 646 1824 de)
661 1786 694 1814 in
712 1795 756 1815 66.
778 1785 942 1820 Elborensi
959 1786 1046 1816 6182.

94 1837 252 1868 Almonda
266 1838 325 1877 (ec.
343 1838 376 1869 S.
394 1839 514 1868 Mariae
531 1838 592 1877 de),
612 1838 842 1868 Ulixbouensis
861 1839 891 1870 d.
912 1839 998 1870 1683.

95 1889 240 1929 Almoys,
260 1896 333 1920 0616
350 1891 437 1921 Petri
456 1892 600 1930 Augerii,
621 1892 893 1929 Petragoricensis
909 1893 939 1922 d.
962 1893 1045 1923 1138.

95 1943 303 1981 Almugaveri
319 1944 408 1974 7268.

97 1995 234 2026 Alnense
251 1998 480 2027 monasterium
501 1997 588 2028 3539.

94 2049 208 2080 Alneto
222 2049 323 2089 (mon.
344 2051 376 2081 S.
397 2052 515 2081 Mariae
531 2052 594 2090 de),
617 2039 800 2090 {rajocensis
818 2053 849 2082 d.
868 2053 956 2085 2975.

95 2102 198 2134 Alona
210 2104 267 2143 (ec.
286 2105 318 2134 S.
337 2104 558 2143 simphoriani
571 2105 634 2144 de),
654 2106 859 2136 Belvacensis
876 2107 906 2137 d.
922 2107 1010 2138 3807.

95 2155 227 2195 Alpibus
256 2157 358 2196 (hosp.
390 2158 423 2188 S.
452 2157 690 2188 Bartholomaei
722 2159 835 2189 Crucis
864 2161 1097 2192 Brandelianae

131 2209 194 2248 de),
212 2210 421 2240 Pistoriensis
436 2211 466 2240 d.
489 2211 577 2241 2334.

94 2261 226 2301 Alpibus
247 2263 345 2302 (hosp.
370 2264 402 2294 S.
428 2264 597 2302 Peregrini
620 2265 687 2304 de),
713 2266 856 2295 Lucanae
876 2267 906 2296 (1.
932 2266 1007 2305 307,
1026 2268 1094 2305 977,

135 2316 218 2353 1891,
236 2317 323 2354 2336,
342 2317 430 2353 2610,
449 2318 537 2354 2745,
558 2317 646 2349 6522.

94 2368 259 2408 Alpiniani
274 2371 400 2410 (corpus
417 2371 466 2410 S.)
482 2371 569 2402 4891.

92 2421 220 2461 Alpium
236 2422 336 2462 (mon.
357 2423 388 2454 S.
408 2423 583 2454 Gaudentii
598 2424 636 2454 de
653 2425 762 2464 Pede),
783 2426 960 2457 Fesulanae
978 2427 1009 2457 d.
1026 2428 1095 2458 908.

93 2474 231 2514 Alprauo
255 2476 430 2515 (3011611065
463 2477 546 2507 Petri
576 2478 641 2517 de),
666 2479 840 2509 canonicus
869 2481 1096 2520 Egitaniensis,

131 2529 339 2560 cancellarius
357 2530 441 2568 regis
461 2531 665 2569 Portugaliae
682 2533 771 2563 6182.

93 2581 210 2612 Alsone
224 2581 325 2622 (prior
342 2583 404 2622 de),
423 2583 622 2614 Tholosanae
639 2585 668 2614 d.
690 2586 777 2616 5392.

92 2634 166 2665 Alta
182 2635 274 2665 Clera
291 2635 347 2674 (ec.
369 2636 430 2674 de),
448 2637 705 2667 XVinctoniensis
720 2639 750 2668 d.
770 2639 857 2669 4180.

95 2686 252 2718 Altarocta
280 2689 430 2728 (Jacobus
462 2690 531 2729 de),
562 2692 735 2721 canonicus
763 2702 807 2722 66.
844 2694 875 2722 S.
907 2694 1028 2724 Mariae
1059 2695 1098 2725 de

134 2740 233 2780 Carpo
248 2742 338 2771 5174.

96 2792 246 2823 Altasilva
261 2794 362 2833 (mon.
381 2795 443 2834 de),
465 2796 627 2826 Tullensis
645 2797 674 2826 d.
697 2798 783 2836 1283,
808 2799 890 2827 1284.

55 2884 60 2888 ι
79 2845 218 2876 -Altavia
235 2846 422 2885 (Anselmus
438 2848 501 2887 de),
520 2851 693 2879 canonicus
715 2850 988 2881 Claromontensis
1008 2853 1096 2882 5577.

95 2897 242 2929 Α116ν1116
256 2899 316 2939 (66.
335 2900 367 2930 S.
384 2901 539 2939 Stephani
557 2902 606 2939 (16)
623 2902 712 2932 5496.

95 2951 279 2991 Alteborga,
302 2958 377 2983 nata
399 2954 548 2984 Andreae
572 2956 647 2985 dicti
666 2956 814 2986 Nominis
836 2957 873 2986 de
903 2957 1096 2994 MercatellQ

134 3003 277 3035 Civitatis
292 3005 422 3036 Castelli
439 3007 469 3035 d.
490 3008 577 3036 2466.

96 3056 274 3096 Alteborga.
295 3058 342 3088 Cf.
361 3059 540 3097 Altiborga.

234 3124 306 3151 Reti.
329 3123 452 3152 Nmoms
473 3125 525 3152 IV.

1175 452 1290 483 Aliena
1313 453 1541 492 (Theodericus
1556 453 1617 492 de),
1638 454 1810 484 canonicus
1828 462 1873 483 66.
1892 454 2100 491 Susatiensis,
2118 454 2180 485 Co—

1215 505 1370 536 loniensis
1393 506 1423 535 d.
1456 506 1548 542 7434,
1577 523 1613 528 -
1642 506 1838 545 praepositus
1867 515 1911 536 ec.
1942 506 1976 536 S.
2007 507 2181 538 salvatoris

1216 559 1426 597 Trajectensis
1446 558 1533 594 3278,
1553 558 1640 589 3524.

1177 611 1344 648 Altfridus,
1363 611 1488 650 praesul
1505 611 1593 641 3295.

1176 664 1329 694 Althena.
1349 664 1397 694 Cf.
1417 663 1545 695 Alzena.

1177 717 1312 756 Althorp
1327 717 1386 756 (ec.
1405 717 1464 754 (16),
1486 717 1722 747 Lincolniensis
1741 717 1770 746 (1.
1791 718 1879 755 4518,
1899 718 1987 748 4520.

1177 770 1364 808 Altihurga,
1386 779 1464 800 uxor
1485 770 1629 808 Euglesci
1658 770 1807 800 Rollandi
1831 771 1869 800 de
1898 771 2075 810 Englescis‚
2103 772 2182 802 civis

1220 823 1282 853 Pad
1291 823 1367 852 uani
1383 823 1470 853 3791.

1179 877 1360 914 Altiburga.
1375 876 1423 906 Cf.
1441 876 1625 913 Altehorga.

1179 930 1262 960 Altis
1286 930 1388 960 vineis
1418 930 1542 968 (Petrus
1569 929 1638 968 de),
1661 929 1905 959 archidiaconus
1930 930 1969 960 de
1995 931 2131 970 Tyneyo
2148 932 2180 961 in

1220 992 1264 1013 66.
1283 983 1435 1013 Ovetensi
1452 982 1539 1012 2953.

1179 1036 1452 1066 Α111510(101·60515.
1471 1035 1519 1065 Cf.
1533 1035 1834 1065 Autissiodorensis.

1180 1089 1252 1119 Alto
1270 1089 1369 1118 Braco
1384 1089 1488 1127 (hosp.
1507 1088 1568 1127 de),
1597 1088 1816 1117 Rhuteneusis
1839 1088 1868 1117 d.
1893 1088 1961 1125 887,
1979 1088 2122 1118 889-891.

1180 1142 1342 1173 Altofonte
1359 1142 1461 1181 (mon.
1477 1142 1540 1181 de),
1557 1141 1824 1171 Cathalaunensis
1842 1141 1873 1170 (1.
1893 1141 1982 1171 2427.

1180 1195 1348 1234 Altopassu
1379 1196 1482 1234 (hosp.
1510 1194 1542 1224 S.
1572 1194 1683 1225 Jacobi
1710 1194 1773 1233 de),
1803 1195 1950 1224 Lucanae
1975 1194 2006 1225 d.
2035 1195 2183 1231 477-479,

1221 1249 1309 1286 2329,
1328 1249 1416 1285 2338,
1434 1249 1521 1285 2608,
1541 1248 1628 1278 6894.

1180 1302 1363 1333 Altovillari
1378 1302 1480 1342 (mou.
1501 1301 1551 1341 (16)
1571 1302 1638 1331 287.

1180 1356 1316 1387 Altruda
1332 1356 1370 1385 (16
1385 1355 1523 1394 Apolsta,
1540 1363 1619 1384 uxor
1638 1355 1790 1384 Ludovici
1806 1354 1843 1384 de
1864 1355 2037 1392 Montibus,
2058 1355 2184 1385 domini

1221 1409 1358 1439 civitatis
1374 1408 1523 1438 Putheoli
1542 1407 1630 1437 6446.

1180 1462 1314 1501 Alulphi
1330 1461 1388 1500 (ec.
1409 1461 1565 1492 Omnium
1586 1461 1773 1490 Sanctorum
1795 1461 1833 1490 de
1858 1461 2024 1500 Boctone)‚
2043 1460 2183 1491 (360106-

1220 1516 1338 1545 riensis
1353 1515 1383 1544 d.
1403 1514 1491 1544 5684.

1182 1568 1320 1598 Alvardo
1335 1568 1434 1607 (prior
1450 1567 1482 1597 S.
1504 1567 1590 1596 Petri
1607 1566 1668 1605 de).
1687 1566 1736 1597 Cf.
1757 1566 1924 1596 Alavardo.

1182 1622 1292 1652 Alvari
1308 1621 1484 1660 (Alfonsus)
1500 1620 1587 1650 4536.

1183 1675 1320 1705 Alvarus
1337 1673 1470 1712 Pelagii,
1490 1673 1624 1703 clericus
1641 1672 1814 1711 Ispalensis
1833 1672 1919 1702 1481.

1182 1728 1363 1764 Alvericus,
1376 1731 1477 1756 rector
1489 1735 1534 1755 ec.
1547 1726 1580 1755 in
1592 1725 1822 1762 Novobuckon,
1832 1726 2047 1755 Zwerinensis
2054 1725 2085 1756 d.
2098 1725 2185 1755 6891.

1181 1781 1337 1812 Alvernia
1352 1780 1551 1821 (Bernardus
1569 1779 1631 1817 de),
1652 1779 1786 1808 clericus
1805 1779 2040 1808 Lemovicensis
2059 1778 2145 1809 3228.

1181 1835 1354 1866 Alverniae
1377 1834 1502 1874 (domus
1524 1834 1562 1862 fr.
1587 1833 1666 1862 min.
1695 1832 1783 1862 Sacri
1804 1832 1950 1871 Montis),
1979 1832 2132 1862 Aretinae
2155 1832 2185 1861 d.

1223 1888 1311 1918 2882.

1180 1942 1328 1981 Alvysia,
1355 1945 1428 1970 nata
1454 1939 1576 1970 Odonis
1598 1939 1636 1968 de
1662 1938 1801 1975 Carreto,
1828 1938 2025 1968 marchionis
2049 1937 2182 1974 Saonae,

1220 1995 1370 2026 Albensis
1386 1994 1416 2024 d.
1431 1993 1518 2022 5579,

1180 2049 1312 2080 Alward
1331 2048 1501 2087 (Bohertus
1521 2045 1641 2076 Galteri
1664 2044 1756 2083 dicti)
1779 2044 1817 2073 de
1836 2043 2065 2083 Wydyhulhe,
2085 2052 2184 2074 cano—

1221 2103 1312 2132 nicus
1331 2099 1468 2139 capellae
1493 2100 1527 2130 B.
1547 2098 1668 2127 Mariae
1684 2098 1721 2126 de
1738 2097 1905 2134 Hastinge,
1929 2095 2137 2126 cicestrensis
2152 2096 2183 2126 d.

1220 2156 1308 2187 5286.

1180 2211 1353 2250 Alyenora.
1373 2209 1420 2239 Cr.
1442 2207 1609 2237 Alienora.

1179 2264 1317 2294 Amalfia
1331 2261 1524 2301 (Damianus
1543 2259 1606 2298 de),
1627 2257 1804 2288 canonicus
1824 2255 2041 2286 Messanensis
2057 2255 2124 2285 706.

1180 2316 1318 2347 Amalfia
1337 2315 1515 2354 (Johanues
1531 2313 1633 2341 (116105
1650 2311 1818 2349 Capuanus
1834 2308 1884 2348 de)
1902 2307 1990 2339 3838.

1180 2369 1374 2400 Amalfitana
1388 2366 1542 2397 dioecesis
1558 2365 1648 2401 2107,
1668 2364 1756 2393 2285.

1180 2422 1394 2453 Amalfitanus
1412 2418 1547 2458 (Petrus)
1568 2418 1656 2448 3466.

1181 2475 1396 2506 Amalfitanus
1426 2472 1683 2511 archiepiscopus
1714 2469 1782 2506 326,
1807 2468 1903 2506 2322,
1922 2467 2014 2504 38383
2046 2485 2084 2488 —
2108 2467 2186 2497 civis

1221 2529 1309 2565 2322,
1327 2527 1415 2558 3838.

1181 2582 1374 2617 Amalricus‚
1392 2580 1542 2610 dominus
1556 2577 1709 2614 Til-ensis,
1728 2574 1961 2606 comestabulus
1977 2574 2067 2612 regni
2083 2573 2185 2612 Cypri

1221 2636 1316 2670 4026,
1345 2650 1385 2657 -—
1410 2641 1582 2671 germanus
1607 2631 1691 2669 regis
1720 2629 1817 2668 Cypri
1845 2628 1937 2664 4387,
1968 2626 2064 2663 3392,
2094 2626 2182 2662 4400,

1221 2690 1310 2726 4401,
1327 2685 1415 2718 6276.

1181 2742 1364 2773 Amalricus
1379 2739 1512 2779 (Guido)
1528 2738 1616 2767 6276.
1637 2738 1678 2766 Le
1695 2736 1798 2766 016106
1813 2744 1874 2774 que
1893 2734 1922 2764 le
1936 2733 2116 2772 precedent.

1182 2795 1344 2826 Amanati.
1362 2794 1410 2823 Cf.
1430 2791 1655 2822 Animannati.

1182 2848 1323 2878 Arnandi
1343 2847 1468 2886 (corpus
1484 2844 1529 2883 S.)
1553 2844 1639 2873 1574.

1183 2901 1323 2931 Amaudi
1339 2900 1440 2939 (mou.
1459 2897 1507 2937 S.)
1522 2898 1554 2927 10
1573 2896 1690 2926 Pabula
1707 2895 1775 2925 287.

1182 2954 1330 2984 Amando
1345 2951 1521 2992 (Arnaldus
1544 2949 1704 2979 Lamberti
1724 2948 1762 2978 de
1781 2948 1845 2986 8.),
1864 2944 2132 2983 Petragoricensis
2149 2944 2179 2972 d.

1224 3007 1312 3037 5435.

1184 3058 1386 3090 Amandulae
1404 3061 1554 3090 castrum,
1571 3055 1739 3084 Firmanae
1757 3053 1785 3081 [l.
1804 3051 1890 3081 3556.

1995 3115 2044 3141 139
