2393 3496
185 301 240 330 776
931 295 1166 327 REGISTRES
1189 294 1242 324 DE
1266 294 1449 324 NICOLAS
1473 295 1527 324 IV.

255 366 508 396 5⁷53<5754
734 363 863 395 Orvieto,
881 362 909 388 3¹
926 362 1020 396 juillet
1037 361 1114 388 129¹.

221 427 365 454 Arnaldus
392 427 426 452 dc
449 426 628 458 'roi-namium,
653 424 741 450 abbas
766 423 930 450 monasterii
952 422 1183 452 Aurelianensis,

184 475 427 502 Clau-omontensis
439 474 590 506 dioecesis,
602 473 794 499 confirmatur.
810 471 888 504 (Rm.
902 472 945 504 46,
958 480 982 497 c.
994 471 1054 505 384,
1064 471 1082 498 s.
1093 470 1126 497 76
1135 472 1185 503 νῦ.)

224 577 358 606 ΑνηιιΙιίο
377 576 409 603 de
428 574 619 608 Tornamira,
637 574 736 602 abbaci
758 574 935 602 monasterii
952 573 1183 609 Aureliacenst's,

185 630 224 658 ad
251 636 406 657 romanam
435 628 584 655 ecclesiam
612 624 698 654 mino
730 626 824 654 medio
849 626 1040 662 pertinentis,
1067 625 1186 654 ordinis

184 681 213 711 S.
230 681 388 716 Benedicti,
408 679 668 708 claromontensis
683 679 816 708 dt'ocesis.
835 678 975 708 Vacante
992 677 1186 708 monasterio

183 732 404 763 Aureliacensi
436 741 492 769 per
520 731 641 761 obitum
669 730 837 761 Guillelmi
866 731 1013 768 Arnaldi,
1043 730 1130 770 prior
1156 734 1186 760 et

182 790 356 816 conventus
383 785 526 823 ejusdem
553 785 754 819 monasterii,
778 793 833 823 per
856 785 938 814 viam
962 784 1184 823 compromissi

183 837 398 877 procedentes,
417 837 589 867 Guillelmo
604 837 642 867 de
658 837 831 873 Durosorti,
849 837 1022 867 Gnilielmo
1039 837 1184 866 Durandi

181 896 211 922 et
226 891 374 929 Astorgio
391 891 430 920 de
445 891 603 926 Taxeriis,
623 891 701 921 dicti
722 891 907 922 monasterii
928 891 1108 927 monacbis,
1127 890 1184 919 eli-

181 945 278 983 gendi
315 945 458 974 abbatem
491 949 673 983 potestatem
710 944 908 974 unanimiter
940 945 1182 974 commiserunt.

182 998 284 1028 Iidem
311 1007 384 1028 vero
411 998 679 1036 compromissarii
707 997 886 1027 Arnaldum
915 998 954 1027 ‹le
978 997 1182 1031 Tornamira,

181 1054 256 1081 tunc
280 1051 417 1089 priorem
441 1050 480 1080 de
503 1050 618 1080 Sancto
643 1050 807 1085 Sancfino,
831 1051 975 1089 ejusdem
999 1049 1184 1079 monasterii

180 1104 386 1140 monachum,
400 1104 576 1142 elegerunt.
590 1105 681 1134 Hanc
696 1105 794 1143 igitur
811 1104 999 1134 electionem
1015 1113 1094 1144 papa
1109 1112 1183 1134 con-

181 1157 320 1187 firmavit
338 1156 544 1196 Arnaldoqne
567 1166 621 1195 per
640 1157 688 1193 L.,
706 1157 886 1187 Ostiensem
903 1162 933 1186 et
948 1156 1184 1187 Velletrensem

181 1210 378 1249 episcopum,
395 1219 514 1239 munus
531 1209 778 1240 consecrationis
796 1210 939 1248 impendi
957 1210 1042 1239 fecit.

222 1276 234 1290 a
260 1263 406 1293 Rationis
426 1263 525 1293 oculis
543 1264 742 1294 intuentes...
760 1280 800 1285 ——
815 1264 886 1293 Dat.
906 1264 987 1302 apud
1007 1263 1183 1294 Urbemve-

181 1321 291 1352 terem,
311 1326 330 1345 n
349 1316 501 1346 kalendas
517 1317 654 1354 augusti,
672 1325 758 1347 anno
775 1321 896 1355 quarto.
918 1329 931 1343 n

222 1373 257 1401 In
281 1381 306 1401 e.
333 1381 388 1408 m.‚
409 1372 505 1411 priori
527 1376 557 1401 et
577 1372 747 1402 conventui
767 1372 954 1402 monasterii
971 1372 1182 1402 Aureliacen-

181 1425 224 1455 sis
245 1425 375 1455 mandat
392 1429 425 1454 ut
440 1425 545 1455 eidem
561 1425 665 1455 abbati
688 1425 826 1455 debitam
845 1425 1016 1464 praebeant
1030 1425 1182 1455 obedien-

181 1480 268 1509 tiam.

251 1650 374 1679 5255
778 1651 904 1684 Orvieto,
921 1651 936 1676 ι’)
952 1651 1019 1677 aout
1036 1650 1113 1677 1291.

215 1713 260 1740 Ad
290 1714 458 1748 episcopum
487 1716 516 1740 et
540 1714 680 1739 decanum
700 1713 899 1739 Tornacenses
924 1718 952 1739 et
976 1713 1121 1747 Angelum
1150 1712 1185 1738 de

184 1762 268 1791 Urbe.
282 1763 451 1789 canonicum
467 1762 687 1795 'sornacenserm
705 1763 824 1789 sormam
842 1762 927 1788 mittit
942 1761 1083 1788 cautionis
1098 1770 1184 1796 quam

179 1821 196 1838 a
211 1811 352 1842 Gnidone,
373 1811 476 1837 comite
492 1811 649 1842 Flandriae,
668 1811 810 1845 recepturi
826 1815 902 1841 sunt,
919 1818 985 1837 cum
1002 1810 1027 1836 ei
1044 1811 1184 1836 decimam

181 1868 229 1895 pro
255 1861 370 1893 negotio
393 1859 496 1886 Terrae
519 1859 640 1886 Sanctae
665 1859 863 1894 assignabunt.
890 1859 973 1892 (ileo.
1000 1859 1047 1890 46,
1070 1867 1096 1885 c.
1121 1859 1183 1893 385,

180 1909 198 1936 f.
215 1908 246 1935 76
264 1909 318 1942 vo.)

224 2012 388 2041 Venerabili
412 2013 507 2048 fratri
531 2034 549 2041 ..
577 2012 711 2049 episcopo
738 2017 764 2040 et
789 2012 906 2040 dilectis
927 2012 1004 2048 filiis
1029 2033 1049 2040 ..
1073 2012 1183 2040 decano

177 2073 211 2094 ac
226 2067 372 2102 ⁷71c191'slr0
390 2066 501 2102 Anyelo
520 2065 554 2093 de
572 2065 656 2100 Urbe,
673 2065 818 2093 canonico
838 2064 1085 2093 Tor-nacenstbuws.

222 2131 233 2143 ι
259 2117 444 2147 Venerabili
466 2118 500 2146 in
525 2117 652 2147 Christo
676 2117 758 2156 patri
781 2117 911 2147 domino
938 2139 957 2146 ..
982 2117 1129 2156 episcopo
1154 2119 1184 2146 et

179 2184 192 2198 r»
215 2171 362 2201 discretis
380 2171 457 2200 viris
475 2194 494 2201 ..
513 2171 632 2201 decano
649 2180 684 2201 ac
699 2170 852 2209 magistro
868 2170 993 2208 Angelo
1013 2171 1051 2200 de
1072 2170 1180 2208 Urbe,

178 2238 190 2250 ι
215 2225 368 2255 canonico
381 2225 649 2261 Tornacensibus‚
667 2224 782 2262 Guido,
798 2233 903 2255 comes
918 2224 1081 2260 Flandrie,
1100 2233 1181 2254 mar-

176 2291 188 2305 »
215 2278 286 2308 chio
303 2279 545 2315 Namurcensis,
562 2277 696 2308 salutem
715 2283 745 2308 et
757 2282 872 2308 cetera.
890 2279 927 2308 In
945 2283 1049 2308 vestra
1065 2277 1182 2308 consti-

178 2344 191 2358 »
218 2336 303 2361 tutus
319 2332 489 2370 presentia,
507 2340 564 2369 ego
579 2331 693 2368 Guido,
709 2339 813 2361 comes
826 2331 976 2361 Flandrie
993 2336 1022 2361 et
1038 2330 1181 2360 marchio

176 2397 189 2412 n
217 2382 463 2421 Namtircensis,
491 2388 600 2423 sponte
625 2385 778 2415 confiteor
805 2389 835 2414 et
859 2393 1049 2423 recognosco
1071 2394 1121 2414 me
1141 2384 1180 2414 ad

178 2451 190 2465 »
214 2438 400 2468 mandatum
424 2438 617 2468 sanctissimi
642 2438 737 2477 patris
760 2438 883 2467 domini
906 2438 1049 2474 Nicolai,
1071 2437 1181 2467 divina

214 2492 414 2531 providentia
433 2497 630 2522 sacrosancte
648 2500 778 2521 romane
793 2496 823 2522 et
839 2492 1028 2522 universalis
1049 2491 1179 2522 ecclesie

177 2558 189 2572 n
214 2545 336 2576 summi
356 2545 530 2584 pontificis,
550 2545 588 2575 de
604 2545 726 2575 decima
745 2546 777 2575 in
800 2545 894 2575 certis
912 2546 1002 2575 terris
1019 2546 1078 2576 sub
1095 2550 1181 2576 certa

175 2611 188 2625 »
214 2599 314 2628 forma
341 2608 376 2628 ex
403 2607 496 2628 causa
520 2598 720 2637 infrascripta
744 2598 826 2627 mihi
850 2599 890 2628 ab
911 2599 1080 2638 apostolica
1105 2599 1179 2629 sede

171 2664 183 2679 x
212 2660 360 2682 concessa
378 2651 530 2681 habuisse
545 2656 575 2681 et
592 2652 748 2690 recepisse
765 2661 782 2681 a
800 2652 899 2689 vobis,
918 2652 1044 2682 domini
1058 2660 1136 2691 pape
1150 2655 1180 2682 et

175 2717 188 2733 »
213 2705 344 2735 ecclesie
359 2713 491 2735 romane
509 2706 641 2735 nomine
656 2706 910 2743 assignantibus,
930 2729 950 2736 ..
972 2705 1060 2736 milia
1077 2705 1177 2736 libra-

170 2771 182 2784 »
210 2768 283 2789 rum
307 2759 548 2796 turonensium,
566 2759 756 2789 renuntians
776 2759 953 2797 exceptioni
975 2767 1037 2789 non
1062 2768 1176 2790 nume-

173 2824 186 2839 »
210 2816 276 2842 rate
299 2811 379 2841 mihi
396 2815 426 2841 et
444 2820 507 2842 non
529 2816 651 2850 recepte
671 2820 689 2841 a
710 2821 760 2841 me
780 2813 914 2851 pecunie
939 2817 968 2842 et
990 2812 1178 2851 quantitatis

210 2865 347 2904 predicte
363 2870 394 2896 et
409 2865 476 2905 spei
495 2866 727 2895 munerationis
745 2866 860 2901 future,
880 2866 1033 2905 vobisque
1047 2866 1177 2897 domino

172 2931 184 2946 n
210 2920 367 2958 episcopo,
380 2919 499 2950 decano
510 2924 540 2949 et
550 2919 704 2949 canonico
715 2919 897 2955 antedictis,
911 2920 1042 2950 nomine
1051 2920 1176 2950 domini

172 2986 185 2999 >1
212 2981 289 3011 pape
302 2977 332 3002 et
345 2972 477 3003 ecclesie
491 2981 634 3009 romane,
650 2972 689 3003 de
702 2972 827 3011 spetiali
844 2973 946 3012 ipsius
959 2973 1083 3004 domini
1096 2982 1176 3013 pape

175 2505 181 2518 )

172 2880 177 2893 )

1271 371 1284 385 »
1308 359 1458 389 mandato
1477 360 1719 398 recipientibus,
1739 368 1792 399 per
1807 359 2019 398 sollempnem
2036 360 2276 399 stipulationem

1270 422 1284 437 n
1309 412 1456 450 promitto
1478 411 1577 450 quod,
1598 412 1624 442 si
1649 416 1789 451 tempore
1811 412 1972 450 generalis
1994 413 2134 451 passagii
2157 413 2196 443 ad
2218 414 2276 445 hoc

1270 475 1284 490 »
1308 464 1348 494 ab
1367 464 1436 503 ipso
1451 465 1581 495 domino
1597 465 1767 495 constituto
1789 473 1863 495 cum
1885 465 2067 495 honorabili
2086 465 2276 498 bellatorum

1269 529 1282 544 a,
1307 518 1452 556 equitum
1464 518 1614 548 comitiva
1625 519 1657 547 in
1670 518 1766 548 Terre
1775 517 1890 548 Sancte
1903 518 2085 549 subsidium
2097 519 2132 548 in
2142 528 2277 558 persona

1270 582 1283 596 n
1308 571 1434 609 propria
1455 579 1518 601 uon
1543 571 1803 608 transfretavero,
1828 571 1996 610 pecuniam
2019 575 2049 601 et
2066 572 2276 611 quantitatem

1269 634 1283 649 »
1307 623 1482 662 predictam
1496 632 1514 653 a
1530 633 1580 653 me
1596 623 1634 654 de
1648 624 1772 654 decima
1787 624 1947 654 antedicta
1964 629 2122 664 receptam
2139 629 2169 655 et
2183 625 2276 664 quid-

1269 687 1283 702 »
1307 676 1385 715 quid
1407 677 1440 705 in
1467 677 1612 706 futurum
1630 677 1669 706 de
1685 677 1811 707 decima
1828 677 1898 716 ipsa
1915 677 1996 708 mihi
2013 678 2054 708 ab
2073 678 2184 708 eadem
2202 678 2276 710 sede

1269 741 1283 756 ι)
1307 738 1460 760 concessa
1477 739 1655 769 percepero,
1671 730 1796 760 sublato
1808 739 1897 760 more
1914 736 1945 760 et
1959 731 2130 770 cujuslibet
2142 731 2275 762 difficul-

1269 794 1283 809 η
1311 782 1382 812 tatis
1400 783 1578 819 obstaculo,
1597 783 1729 814 ecclesie
1747 792 1879 814 romane
1902 785 2032 814 nomine
2049 785 2145 815 Terre
2161 784 2276 816 Sancte

1269 847 1283 862 »
1306 845 1379 866 cum
1405 836 1589 874 integritate
1614 836 1798 875 restituam,
1822 841 1852 867 et
1876 837 1915 867 de
1939 838 2140 868 restitutione
2163 838 2275 878 hujus-

1268 900 1282 915 »
1307 889 1392 919 modi
1411 898 1429 918 a
1447 898 1497 919 me
1519 889 1665 920 facienda
1684 892 1788 929 presto
1806 890 1895 920 vobis
1913 894 1943 920 et
1957 899 2063 921 coram
2080 891 2171 922 vobis
2186 892 2276 931 juxta

1268 955 1282 970 n
1307 942 1496 972 mandatnm
1525 943 1609 973 sedis
1636 944 1780 982 ejusdem
1809 944 2014 982 corporaliter
2040 945 2274 983 juramentum.
2299 977 2309 982 ,

1269 1007 1282 1022 n
1308 996 1463 1027 Promitte
1478 997 1610 1035 insuper
1625 997 1729 1036 vobis,
1748 997 1860 1028 eodem
1877 997 2010 1028 nomine
2030 998 2283 1038 recipientibus,

1268 1061 1283 1076 »
1305 1050 1401 1088 qnod,
1412 1051 1438 1080 si
1454 1055 1528 1081 ante
1544 1051 1722 1090 predictum
1741 1055 1865 1090 tempus
1881 1060 1932 1082 me
1944 1051 2096 1082 decedere
2108 1053 2187 1083 rorte
2202 1060 2277 1084 oon-

1269 1115 1282 1130 »
1309 1103 1432 1141 tigerit,
1457 1103 1551 1134 heres
1577 1103 1626 1134 vel
1653 1112 1820 1135 successor
1841 1113 1932 1135 meus
1957 1105 2142 1143 huJ'usmodi
2166 1109 2275 1136 votum

1269 1167 1282 1183 n
1306 1165 1414 1186 meum
1427 1166 1500 1187 cum
1518 1157 1658 1196 predicta
1675 1157 1867 1188 bellatorum
1883 1159 2028 1196 equitum
2044 1158 2196 1189 comitiva
2209 1166 2278 1198 per-

1269 1221 1282 1237 »
1307 1209 1460 1240 sonaliter
1482 1215 1671 1250 exequetur,
1695 1212 1845 1250 quodque
1867 1212 1894 1242 si
1913 1211 2066 1242 heredem
2081 1210 2132 1242 vel
2150 1219 2277 1243 succes-

1268 1275 1282 1290 »
1307 1272 1410 1294 sorem
1428 1265 1567 1294 eundem
1583 1265 1623 1295 ab
1640 1265 1741 1304 ipsius
1760 1265 1824 1295 voti
1839 1266 1904 1295 mei
1920 1266 2106 1296 executione
2119 1273 2276 1304 quocum-

1269 1329 1282 1345 »
1307 1327 1369 1356 que
1383 1326 1456 1348 casu
1471 1318 1519 1348 vel
1535 1318 1628 1349 modo
1639 1319 1764 1348 detrahi
1784 1318 1834 1349 vel
1851 1327 1974 1349 cessare
1987 1319 2166 1358 contigerit,
2182 1318 2276 1349 heres

1269 1382 1282 1398 n
1306 1370 1356 1400 vel
1371 1380 1532 1401 successor
1548 1371 1687 1410 prefatus
1703 1372 1861 1402 decimam
1877 1372 1980 1411 ipsam
1996 1381 2014 1402 a
2030 1381 2080 1402 me
2096 1375 2276 1411 perceptam

1268 1435 1282 1451 ι»
1305 1423 1429 1463 integre
1447 1424 1590 1454 restituet
1607 1433 1739 1455 romane
1754 1425 1886 1455 ecclesie
1901 1425 1997 1455 Terre
2011 1424 2127 1456 Sancte
2141 1424 2277 1455 nomine

1269 1489 1282 1504 ἰ
1307 1477 1497 1516 supradicte.
1515 1477 1581 1515 Ego
1595 1486 1722 1516 quoque
1739 1478 1777 1508 de
1796 1478 1946 1508 omnibus
1967 1482 1997 1508 et
2014 1477 2154 1516 singulis
2169 1486 2276 1517 quan-

1270 1541 1283 1557 »
1308 1530 1451 1560 titatibus
1461 1539 1539 1569 quas
1555 1531 1588 1560 in
1607 1531 1751 1561 futurum
1768 1531 1806 1561 de
1822 1531 2110 1570 decimajamdicta
2121 1531 2276 1570 recipiam

1267 1595 1280 1610 ι
1308 1583 1398 1613 vobis
1420 1592 1475 1622 pro
1497 1584 1629 1614 ecclesia
1651 1593 1687 1614 ac
1706 1588 1790 1614 terra
1810 1585 1968 1624 predictis,
1991 1589 2047 1615 aut
2067 1585 2125 1615 alii
2146 1584 2199 1615 cui
2217 1584 2278 1616 hoc

1270 1648 1284 1664 n
1309 1636 1398 1666 sedes
1422 1637 1564 1675 predicta
1585 1637 1797 1672 commiserit,
1819 1637 1962 1667 similem
1984 1637 2218 1668 contessionem
2245 1640 2276 1667 et

1270 1701 1284 1716 »
1309 1690 1490 1720 cautionem
1507 1694 1538 1719 et
1557 1689 1596 1719 de
1612 1690 1813 1721 confessione
1833 1695 2032 1729 receptorum
2051 1690 2173 1720 litteras
2187 1698 2277 1720 meas

1270 1755 1284 1771 n
1308 1743 1358 1773 vel
1379 1742 1543 1782 publicum
1563 1744 1814 1773 instrumentum
1836 1748 1976 1782 tempore
1991 1743 2160 1774 solutionis
2178 1748 2209 1774 et
2223 1751 2276 1773 re-

1270 1809 1283 1824 »
1308 1797 1465 1835 ceptionis
1484 1797 1598 1826 faciam
1615 1801 1645 1826 et
1660 1797 1845 1827 concedam.
1862 1797 2010 1836 Denique
2026 1805 2082 1836 pro
2097 1797 2161 1827 hiis
2172 1796 2277 1828 omni-

1269 1862 1283 1877 »
1307 1850 1365 1880 bus
1382 1855 1412 1880 et
1429 1850 1567 1889 siugulis
1584 1860 1639 1889 per
1654 1860 1716 1888 me,
1736 1851 1870 1880 heredes
1886 1855 1916 1881 et
1931 1859 2128 1882 successores
2140 1850 2276 1882 firmiter

1269 1916 1282 1931 n
1307 1903 1514 1933 observandis
1529 1907 1559 1934 et
1571 1904 1714 1943 plenarie
1729 1904 1957 1943 adimplendis,
1976 1913 2027 1934 me
2042 1909 2073 1935 et
2086 1904 2276 1943 ipsoshere-

1269 1970 1284 1985 »
1307 1957 1362 1988 des
1377 1966 1412 1988 ac
1430 1966 1638 1994 successoreS,
1651 1958 1837 1988 comitatum
1849 1958 2001 1989 Flandrie
2013 1957 2160 1997 aliasque
2176 1962 2276 1989 terras

1269 2023 1282 2038 n
1306 2020 1404 2048 meas,
1427 2020 1484 2041 nec
1503 2020 1568 2041 non
1590 2011 1733 2042 redditus
1754 2017 1784 2042 et
1806 2015 1979 2051 proventus
1998 2020 2085 2042 meos
2105 2011 2275 2042 comitatus

1269 2076 1282 2091 n
1307 2069 1337 2094 et
1354 2069 1435 2094 terre
1452 2065 1667 2104 predictorum
1684 2071 1715 2096 et
1727 2066 1821 2096 etiam
1835 2066 1945 2096 omnia
1960 2066 2043 2096 hona
2058 2074 2128 2096 mea
2141 2064 2276 2096 mobilia

1268 2130 1282 2145 »
1306 2122 1336 2148 et
1348 2118 1530 2150 immobilia
1541 2119 1630 2149 vobis
1646 2123 1676 2149 et
1693 2123 1834 2149 vestrum
1849 2118 1992 2156 cuilibet,
2008 2119 2139 2149 nomine
2150 2117 2275 2149 domini

1268 2183 1281 2199 1>
1306 2180 1384 2210 pape
1394 2180 1590 2211 suorumque
1602 2181 1820 2203 successorum
1833 2177 1862 2203 et
1873 2172 2004 2203 ecclesie
2013 2180 2156 2208 romane,
2168 2171 2275 2210 obligo

1266 2237 1280 2252 υ
1305 2225 1478 2264 spetialiter
1497 2230 1527 2255 et
1547 2235 1704 2264 expresse.
1725 2227 1773 2256 Ac
1791 2225 2029 2256 nichilominus
2050 2233 2106 2265 pro
2124 2224 2187 2255 hiis
2204 2247 2225 2255 ..
2245 2229 2275 2256 et

1266 2290 1280 2305 ι)
1307 2301 1327 2308 ..
1348 2278 1551 2317 fidejussores
1575 2279 1615 2309 do
1637 2284 1667 2308 et
1689 2279 1843 2314 exhibeo,
1867 2278 1907 2308 ad
1932 2278 2087 2317 majorem
2109 2268 2207 2317 hujus
2227 2277 2275 2308 rei

1265 2343 1279 2359 »
1303 2331 1461 2362 cautelam
1487 2337 1517 2362 et
1542 2331 1720 2371 pleniorem
1746 2333 1868 2362 roboris
1897 2331 2085 2362 firmitatem
2112 2335 2274 2370 presentes

1265 2398 1278 2413 n
1303 2385 1426 2416 litteras
1443 2395 1530 2416 meas
1550 2385 1656 2424 sigillo
1674 2395 1743 2416 meo
1760 2386 1922 2425 pendente
1937 2386 2078 2416 munitas
2093 2385 2198 2422 vobis,
2213 2392 2272 2415 no-

1264 2451 1278 2466 »
1302 2440 1391 2470 mine
1411 2440 1533 2470 domini
1551 2449 1647 2479 pape,
1669 2449 1889 2471 successorum
1912 2444 1943 2469 et
1965 2439 2097 2470 ecclesie
2114 2438 2274 2478 predicto-

1264 2504 1277 2519 »
1302 2502 1385 2529 rum,
1406 2493 1438 2522 in
1456 2493 1598 2523 veritatis
1614 2493 1839 2523 testimonium
1855 2492 2071 2523 concedendo.

1303 2557 1318 2573 »
1341 2546 1407 2576 Nos
1421 2546 1518 2576 etiam
1531 2569 1552 2577 ..
1569 2551 1599 2577 et
1617 2570 1636 2576 ..
1653 2547 1799 2585 superius
1814 2546 1972 2576 nominati
1984 2544 2068 2584 apud
2080 2553 2135 2575 vos
2150 2543 2272 2575 dictum

1263 2611 1277 2627 ι»
1301 2599 1505 2638 episcopum,
1531 2599 1691 2630 decanum
1710 2604 1741 2629 et
1759 2600 1949 2638 magistrum
1969 2597 2133 2637 Angelum
2150 2596 2272 2636 predio-

1263 2665 1277 2681 »
1303 2657 1348 2684 tos
1366 2654 1497 2683 nomine
1515 2653 1657 2692 predicto
1673 2654 1880 2692 recipientes,
1895 2662 1952 2692 pro
1967 2656 2141 2683 memorato
2155 2650 2272 2682 comite

1263 2719 1277 2735 »
1301 2707 1340 2737 de
1358 2707 1524 2746 premissis
1544 2707 1694 2738 omnibus
1718 2711 1749 2737 et
1772 2707 1909 2746 singulis
1932 2704 2141 2737 observandis
2158 2708 2190 2735 et
2205 2705 2270 2735 im-

1262 2772 1276 2788 ·
1300 2759 1428 2800 plendis
1446 2769 1502 2799 per
1518 2769 1592 2790 eum
1609 2764 1639 2790 et
1656 2760 1791 2791 heredes
1806 2769 1842 2791 ac
1858 2767 2054 2790 successores
2071 2758 2173 2798 ipsius
2190 2757 2270 2788 fide-

1261 2825 1276 2841 »
1296 2813 1448 2853 jubemus
1473 2813 1695 2853 sollempniter
1717 2813 1869 2852 vobisque
1893 2811 2107 2851 promittimus
2126 2819 2184 2842 nos
2200 2811 2268 2842 fac-

1262 2880 1275 2895 »
1300 2871 1387 2898 turos
1403 2872 1434 2897 et
1450 2871 1615 2898 curaturos
1631 2867 1716 2906 quod
1734 2867 1800 2907 ipse
1815 2875 1921 2898 comes
1939 2867 2072 2906 ejusque
2088 2865 2223 2896 heredes
2238 2864 2280 2895 et'

1259 2935 1272 2950 ι
1301 2931 1496 2953 successores
1514 2922 1669 2961 premissa
1689 2922 1799 2952 omnia
1818 2925 1848 2951 et
1865 2919 1994 2959 singula
2010 2919 2148 2949 firmiter
2161 2918 2268 2949 ohser-

1261 2987 1275 3003 ι)
1300 2975 1430 3014 vabunt,
1454 2975 1634 3014 obligantes
1656 2974 1744 3006 vobis
1766 2974 1877 3005 eodem
1899 2973 2031 3004 nomine
2053 2976 2182 3012 propter
2204 2971 2266 3002 hoc
