2393 3496
945 299 1197 345 QUATRIEME
1218 298 1375 337 ANNEE.
2145 314 2200 343 7⁸3

186 375 304 406 539⁰
671 376 796 407 Orvieto,
814 376 847 403 23
859 376 954 412 juillet
973 375 1048 403 1291.

154 436 537 473 Exemptiojurisdictionis.
555 437 636 471 (Rae.
654 438 703 469 46,
720 447 745 465 c.
761 438 827 469 410,
843 439 862 465 s.
881 438 913 465 80
929 440 980 470 vo.)

163 541 357 570 Universilazi
387 540 547 569 hominum
576 540 645 570 ville
675 541 709 569 de
737 541 896 578 Chableys,
926 539 1123 577 Linqonensis

122 595 254 629 diocesis,
270 592 399 622 obtentu
416 591 567 622 Pandulfi
583 592 620 622 de
633 592 772 630 Sabello,
789 593 957 632 praepositi
973 592 1123 622 ecclesiae

123 646 231 677 Sancti
255 645 388 675 Martini
404 645 443 674 de
458 644 636 684 Chableys,
658 645 804 684 indulget
821 650 855 675 ut
878 646 938 684 ipsi
958 645 1008 674 vel
1023 645 1124 683 aliqui

123 707 232 730 eorum
257 703 344 728 extra
367 697 540 728 dioecesim
564 698 821 736 Lingonensem,
847 707 940 737 super
962 698 1025 727 hiis
1044 706 1125 736 quae

123 752 208 783 iufra
231 760 300 781 eam
328 750 465 787 habent,
491 751 637 789 quandiu
661 751 763 789 parati
786 751 906 781 fuerint
927 750 1012 780 infra
1036 749 1125 779 illam

125 813 229 836 coram
248 804 439 842 competenti
460 804 569 843 Judice
592 808 694 841 stare,
719 813 773 842 per
797 804 918 833 litteras
940 803 1127 842 apostolicae

125 858 208 889 sedis
220 857 270 888 vel
284 857 463 896 legatorum
478 858 546 896 ejus
561 858 595 887 in
611 866 739 887 causam
753 858 837 887 trahi
853 858 902 887 vel
915 857 953 887 ad
967 857 1126 896 judicium

125 911 246 942 evocari
263 919 327 941 non
345 911 476 949 possint.

167 977 181 992 ι
201 965 314 994 Vestre
328 964 413 1002 pacis
429 969 636 1003 querentes...
660 980 697 985 —
716 964 787 993 Dat.
810 964 893 1002 apud
915 963 1126 994 Urhemvete-

124 1027 204 1056 rem,
221 1027 238 1047 x
255 1017 407 1047 kalendas
422 1018 560 1055 augusti,
578 1026 664 1047 anno
679 1022 803 1056 quarto.
823 1029 836 1043 n

193 1197 448 1226 5291-5292
673 1196 806 1230 Orvieto,
823 1196 856 1222 23
869 1196 963 1230 juillet
982 1195 1056 1223 1291.

159 1259 277 1287 Collatio
292 1259 506 1291 beneficiorum.
522 1257 605 1292 (Rae.
623 1258 666 1289 46,
684 1266 709 1285 c.
729 1259 788 1288 411,
807 1258 826 1284 f.
843 1258 875 1285 80
892 1261 942 1290 vo.)

165 1362 285 1391 Dilectis
295 1362 372 1399 filiis
386 1362 566 1399 Raymunclo
577 1361 610 1389 de
624 1361 784 1390 Planhano
800 1366 825 1389 ει
837 1359 964 1390 Sicardo
978 1361 1132 1390 1101101110-

127 1417 235 1453 bruuo,
258 1417 413 1446 canonicis
432 1416 663 1452 Agathensz'bus.
690 1413 777 1444 Olim
800 1414 884 1443 inter
907 1422 958 1443 eos
980 1414 1018 1443 de
1042 1423 1131 1452 prae-

127 1469 232 1501 benda
244 1493 251 1506 ,
277 1478 332 1507 per
355 1468 491 1499 liberam
518 1468 772 1506 resignationem
798 1467 960 1506 quondam
987 1468 1134 1505 magistri

131 1523 168 1553 Β.
181 1522 303 1553 Βο111111
318 1522 352 1552 111
367 1522 499 1552 ecclesia
509 1521 689 1560 Agathensi
699 1526 842 1557 vacante,
855 1525 923 1551 orta
934 1521 1132 1559 quaestione,

131 1579 162 1606 et
176 1584 273 1606 causa
287 1575 475 1613 hujusmodi
488 1583 593 1605 coram
610 1575 630 1604 J
634 1596 654 1609 .,
668 1574 802 1604 Sanctae
819 1574 939 1603 Mariae
954 1574 987 1603 111
1002 1573 1060 1603 Via
1072 1573 1135 1603 lata

132 1628 265 1659 diacono
279 1628 446 1665 cardinali,
463 1627 609 1657 auditore
625 1636 720 1666 super
735 1627 796 1657 hoc
813 1627 970 1665 deputato,
988 1626 1133 1666 aliquan-

133 1681 188 1712 diu
202 1681 337 1720 agitata,
355 1681 487 1711 demum
504 1680 559 1715 G.‚
584 1682 749 1720 episcopus
772 1680 975 1717 Sabinensis,
996 1685 1026 1710 et
1044 1689 1135 1719 prae-

132 1735 234 1765 dictus
248 1734 374 1765 auditor
384 1734 422 1764 de
436 1734 546 1764 eadem
558 1742 653 1764 causa
662 1743 775 1773 papam
787 1733 1015 1763 informarunt.
1031 1733 1136 1769 Quare

132 1789 186 1819 1110
209 1788 355 1819 eamdem
375 1788 591 1827 praebendam
612 1787 818 1829 Raymundo·
831 1787 954 1818 confert
975 1786 1136 1825 aliamque

130 1843 167 1873 111
183 1842 293 1872 eadem
312 1841 446 1872 ecclesia
462 1841 592 1872 sicardo
607 1846 758 1871 reservat.

173 1907 187 1922 α
211 1895 262 1925 Ad
276 1895 432 1925 sedandas
448 1895 670 1933 questiones...
687 1911 726 1915 —
743 1894 813 1924 Dat.
833 1894 916 1933 apud
932 1894 1137 1924 Urbemvete-

130 1957 210 1986 rem,
226 1958 246 1978 x
259 1948 414 1979 kalendas
429 1948 567 1986 augusti,
584 1956 670 1977 anno
685 1951 808 1986 quarto.
830 1959 843 1973 n

170 2003 209 2033 In
225 2011 253 2032 e.
271 2011 317 2032 m.
337 2026 355 2031 ..
373 2001 600 2032 archidiacono
615 2001 841 2031 Frontoniensi
858 2000 892 2029 in
909 1999 1042 2030 ecclesia
1057 1999 1137 2030 Con-

131 2064 303 2093 venarum,
324 2078 346 2086 ..
364 2054 567 2094 praecentori
584 2058 615 2084 et
636 2078 655 2084 ..
679 2054 827 2083 sacristae
846 2053 966 2083 minori
984 2052 1136 2083 ecclesiae

106 2105 110 2108 ’
131 2109 393 2140 Carcassonensis
422 2109 553 2138 mandat
583 2113 617 2138 ut
645 2108 795 2138 eumdem
823 2107 1055 2146 Raymundum
1086 2106 1136 2135 vel

131 2166 366 2202 procuratorem
391 2163 460 2201 ejus
484 2163 519 2192 in
543 2161 688 2201 ejusdem
716 2161 914 2200 praebendae
940 2160 1135 2199 corporalem

132 2216 362 2255 possessionem
378 2216 542 2246 inducant.

204 2394 321 2423 5293
687 2394 816 2424 Orvieto,
836 2394 867 2420 18
879 2393 973 2427 juillet
990 2392 1067 2420 1‘291.

168 2455 352 2491 Dispensatio
368 2464 456 2491 super
473 2456 632 2491 pluralitate
649 2456 864 2483 beneficiorum.
878 2455 958 2488 (Rae.
973 2454 1015 2486 46,
1033 2463 1058 2481 c.
1077 2454 1137 2486 412,

132 2505 153 2532 f.
168 2505 199 2532 81
218 2505 269 2541 ro.)

175 2608 357 2645 Gevehardo,
370 2612 442 2636 nalo
458 2608 558 2636 dilecti
573 2608 634 2644 filil
652 2608 761 2636 nobilis
778 2607 840 2636 viri
856 2607 1010 2642 ll'altheri,
1023 2607 1140 2636 comitis

135 2661 169 2690 de
185 2662 324 2696 Aruscen,
339 2661 482 2690 canonico
493 2660 750 2695 Homer-stadensi,
765 2660 918 2697 capellano
931 2664 1043 2689 nostro.
1058 2658 1139 2688 Cum

135 2721 171 2744 eo
193 2713 355 2752 dispensat
380 2722 475 2751 super
502 2721 538 2742 eo
559 2711 643 2751 quod
670 2712 812 2742 officium
838 2712 1048 2748 camerariae,
1066 2720 1138 2741 cum

135 2766 394 2796 archidiaconatu
417 2766 456 2795 de
477 2764 639 2794 Ronstede
659 2765 693 2794 111
711 2765 972 2795 Halberstadensi
989 2764 1137 2799 ecclesia,

135 2827 243 2849 curam
267 2820 450 2849 animarum
473 2818 624 2854 habente,
650 2826 776 2847 annexo
799 2817 903 2847 eidem
927 2817 1138 2851 camerariae,

135 2873 386 2911 praeposituram
418 2871 568 2901 ecclesiae
591 2870 701 2900 Sancti
727 2870 819 2899 Pauli
846 2869 1138 2906 Halberstadensis‚

137 2933 210 2954 cum
225 2924 488 2954 archidiaconatu
509 2924 543 2952 in
567 2922 765 2957 Selschensi,
791 2922 891 2951 dictae
908 2923 1140 2961 praepositurae

137 2986 280 3015 annexo,
311 2983 341 3008 et
372 2977 594 3008 canonicatum
625 2980 654 3005 et
683 2976 895 3014 praebendam
928 2976 961 3005 in
989 2975 1138 3005 Halbers-

1202 373 1326 404 tadensi
1358 374 1498 405 ecclesiis
1531 375 1662 405 insimul
1691 384 1746 414 per
1774 374 1880 414 plures
1910 384 2011 406 annos
2044 377 2200 415 detinuit,

1201 427 1410 467 indulgetque
1426 429 1455 458 ei
1475 433 1505 458 ut
1523 428 1632 458 eadem
1649 429 1803 458 beneficia
1821 432 1851 458 et
1872 428 1989 458 fructos
2007 438 2043 458 ex
2064 430 2109 459 eis
2129 440 2200 469 per-

1203 485 1306 520 ceptos
1335 481 1479 519 legitime
1508 482 1645 511 retinere
1674 482 1792 521 possit;
1825 481 1998 512 dummodo
2028 491 2203 521 congruam

1205 538 1324 573 partem
1356 543 1392 564 ex
1424 535 1545 564 eisdem
1575 535 1728 564 fructibus
1760 535 1794 564 in
1825 534 2004 564 evidentem
2038 535 2203 566 utilitatem

1205 587 1389 617 earumdem
1417 588 1608 617 camerariae
1635 592 1664 617 et
1688 588 1941 627 praepositurae,
1972 588 2011 617 ad
2035 589 2204 619 arbitrium

1205 640 1280 670 boni
1297 641 1368 677 viri,
1386 646 1556 670 convertat.

1248 704 1260 718 «x
1287 693 1368 729 Quia
1383 693 1524 722 claritate
1543 694 1768 723 meritorum...
1788 710 1826 716 —
1840 694 1912 724 Dat.
1929 694 2012 733 apud
2028 695 2204 724 Urbemve-

1208 749 1317 782 terem,
1335 755 1373 774 xv
1389 745 1542 775 kalendas
1558 747 1695 784 augusti,
1710 755 1794 777 auno
1810 751 1933 786 quarto.
1953 760 1967 773 »

1279 929 1397 957 5294

1244 991 1377 1017 Facultas
1391 991 1555 1017 conferendi
1571 991 1770 1018 tabellionatus
1786 992 1919 1018 officium.
1939 991 2020 1023 (Rae.
2037 992 2083 1023 46,
2099 1001 2124 1018 c.
2142 993 2206 1024 413,

1209 1041 1228 1067 f.
1246 1041 1276 1067 81
1296 1042 1343 1072 r0.)

1710 928 1837 963 Orvieto,
1852 930 1868 956 2
1883 931 2043 964 septembre
2060 931 2137 958 1291.

1257 1143 1424 1172 Venerabili
1439 1144 1534 1179 fratri
1547 1140 1591 1179 G„
1605 1144 1737 1181 episcopo
1753 1141 1925 1179 spoletano,
1942 1141 2121 1172 facultatem
2138 1151 2212 1172 con-

1211 1196 1295 1225 cedit
1327 1196 1513 1226 conserendi
1541 1195 1764 1225 tabellionatus
1796 1195 1936 1226 officium
1966 1195 2100 1226 Girardo
2130 1196 2212 1226 dicto

1212 1249 1347 1279 Novello
1365 1249 1403 1278 de
1420 1249 1514 1284 Vico,
1532 1249 1646 1278 clerico
1663 1250 1698 1278 in
1718 1249 1897 1278 minoribus
1913 1249 2077 1279 ordinibus
2095 1250 2212 1279 consti-

1214 1306 1289 1336 tuto,
1307 1302 1472 1332 Alatrinae
1489 1302 1642 1332 dioecesis
1653 1325 1662 1338 ,
1680 1310 1775 1340 quem
1790 1303 1858 1340 ipse
1873 1302 2036 1340 episcopus
2055 1302 2093 1331 ad
2110 1307 2212 1340 partes

1214 1355 1478 1392 ultramontanas,
1488 1356 1527 1385 ad
1539 1365 1618 1394 quas
1632 1364 1687 1393 pro
1699 1356 1891 1394 quibusdam
1903 1355 2054 1385 ecclesiae
2062 1363 2213 1385 romanae

1214 1410 1347 1446 negotiis
1363 1418 1381 1438 a
1399 1418 1477 1447 papa
1494 1409 1731 1444 transmittitur,
1751 1417 1858 1438 secum
1875 1408 1989 1438 ducere
2004 1408 2151 1437 intendit.

1257 1474 1270 1489 α
1295 1462 1340 1492 Ex
1367 1467 1453 1500 parte
1480 1467 1570 1492 tna...
1594 1478 1634 1485 —
1659 1463 1728 1492 Dat.
1754 1462 1838 1500 apud
1866 1462 2139 1497 Urbemveterem,
2168 1471 2213 1490 1111

1216 1524 1318 1546 nonas
1333 1516 1533 1554 septembris,
1549 1524 1635 1545 auno
1651 1519 1775 1553 quarto.
1793 1527 1806 1540 n

1287 1694 1538 1722 5295-5818
1812 1691 1937 1724 Orvieto,
1954 1693 1969 1719 9
1986 1693 2053 1718 aout
2070 1692 2144 1719 1291.

1253 1755 1460 1790 Indulgentiae.
1481 1755 1562 1784 (Rae.
1580 1756 1626 1785 46,
1643 1763 1668 1781 c.
1686 1755 1757 1785 4132,
1776 1755 1793 1781 f.
1811 1754 1842 1781 81
1860 1756 1911 1786 νο.)

1261 1858 1412 1888 Πηὶυετείε
1432 1857 1543 1887 Christi
1566 1857 1700 1893 fidelibus
1722 1861 1869 1894 presentes
1893 1857 2008 1885 litteras
2029 1855 2216 1894 inspecturis.

1218 1911 1459 1949 Indulgentiam
1475 1911 1572 1940 11111115
1583 1910 1662 1939 311111
1681 1914 1709 1939 et
1726 1919 1762 1938 xr.
1779 1909 1904 1938 dierum
1921 1908 2063 1938 concedit
2081 1908 2216 1937 visitan—

1219 1965 1302 1994 tibus
1333 1965 1501 1995 ecclesiam
1526 1963 1741 1994 cathedralem
1766 1963 1995 1992 Eboracensem
2024 1962 2057 1990 in
2081 1962 2160 1990 festo
2183 1961 2213 1990 S.

1217 2017 1384 2047 Guillelmi
1398 2042 1403 2053 ,
1419 2019 1509 2056 cujus
1524 2025 1637 2056 corpus
1652 2017 1688 2046 in
1707 2016 1817 2046 eadem
1833 2015 1965 2045 ecclesia
1982 2015 2159 2053 requiescit.

1259 2083 1273 2098 α
1288 2071 1361 2100 Vite
1378 2071 1526 2109 perennis
1539 2070 1676 2108 gloria...
1692 2086 1730 2090 -
1749 2069 1819 2098 Dat.
1837 2068 1920 2107 apud
1936 2068 2214 2103 Urbemveterem‚

1217 2135 1238 2153 v
1255 2125 1326 2154 idus
1344 2124 1484 2162 augusti.v
1505 2132 1591 2153 anno
1609 2127 1733 2162 quarto.
1755 2135 1768 2149 n

1260 2179 1295 2207 ln
1314 2187 1340 2206 e.
1359 2187 1415 2213 m.,
1436 2186 1490 2215 pro
1509 2176 1640 2206 ecclesia
1654 2176 1841 2206 Sanctorum
1857 2175 2070 2213 apostolorum
2086 2175 2172 2204 Petri
2188 2179 2218 2204 et

1219 2230 1313 2260 Pauli
1335 2231 1372 2259 de
1389 2230 1591 2269 Vandopera,
1615 2229 1831 2267 Lingonensis
1852 2228 2023 2262 dioecesis,
2041 2228 2074 2256 in
2091 2236 2218 2257 eorum—

1219 2284 1291 2313 dem
1312 2283 1523 2322 apostolorum
1548 2282 1769 2313 festivitatibus
1790 2287 1819 2312 et
1838 2290 1893 2320 per
1910 2286 1977 2311 octo
1995 2280 2062 2310 dies
2081 2288 2217 2318 sequen-

1220 2342 1276 2367 tes.
1295 2337 1366 2368 Dat.
1383 2342 1417 2367 ut
1435 2346 1539 2375 supra.

1263 2391 1300 2420 In
1317 2400 1344 2420 e.
1363 2400 1419 2425 m.,
1438 2398 1494 2428 pro
1508 2389 1642 2420 ecclesia
1659 2390 1773 2419 Beatae
1792 2388 1910 2418 Mariae
1928 2388 1966 2417 de
1982 2387 2169 2425 Vandopera
2184 2387 2218 2416 in

1221 2444 1341 2479 Castro,
1361 2442 1578 2480 Lingonensis
1593 2442 1755 2478 dioecesis,
1774 2441 1808 2470 in
1825 2445 1960 2479 quatuor
1974 2440 2083 2470 beatae
2099 2440 2218 2468 Mariae

1220 2496 1442 2526 festivitatibus
1459 2500 1488 2525 et
1504 2505 1559 2534 per
1573 2499 1641 2525 octo
1657 2494 1726 2524 dies
1741 2497 1920 2532 sequentes.
1937 2493 2007 2522 Dat.
2026 2497 2177 2531 utsupra.

1262 2550 1299 2579 In
1317 2558 1343 2579 e.
1361 2558 1418 2586 m.,
1437 2557 1491 2587 pro
1507 2548 1640 2578 ecclesia
1659 2570 1679 2577 ..
1701 2547 1878 2576 abbatissae
1901 2550 1931 2575 et
1952 2549 2125 2575 conventus
2149 2553 2218 2574 mo-

1222 2603 1354 2632 nasterii
1372 2602 1410 2632 de
1426 2602 1563 2638 Pietate,
1575 2602 1665 2640 juxta
1683 2601 1918 2636 Remenacum,
1934 2598 2149 2628 cisterciensis
2167 2606 2218 2627 or-

1221 2656 1317 2692 dinis,
1335 2655 1501 2684 Trecensis
1515 2654 1688 2688 dioecesis,
1705 2654 1738 2683 iu
1755 2657 1890 2691 quatuor
1907 2652 2015 2681 beatae
2033 2651 2165 2685 Mariae,
2183 2650 2218 2679 in

1221 2710 1313 2748 cujus
1327 2709 1481 2738 honorem
1501 2708 1611 2737 eadem
1628 2707 1758 2737 ecclesia
1777 2710 1823 2736 est
1839 2709 2027 2741 constructa,
2045 2703 2217 2734 festivitati-

1221 2762 1280 2792 bus
1296 2767 1325 2791 et
1342 2770 1397 2799 per
1412 2766 1480 2790 octo
1496 2760 1564 2789 dies
1581 2764 1759 2798 sequentes.

1262 2816 1299 2844 In
1317 2824 1343 2844 0.
1358 2823 1413 2849 m.,
1431 2821 1486 2852 pro
1504 2813 1636 2843 ecclesia
1651 2813 1690 2842 de
1708 2812 1883 2847 Bellovisu,
1902 2810 2112 2848 Lingonensis
2128 2809 2216 2838 dioe-

1221 2867 1317 2903 cesis,
1335 2867 1368 2895 in
1387 2870 1522 2904 quatuor
1537 2866 1645 2895 beatae
1662 2865 1783 2894 Mariae
1802 2869 1831 2893 et
1853 2864 1884 2893 S.
1905 2863 2046 2892 Medardi
2064 2862 2216 2890 festivita-

1222 2921 1305 2950 tibus
1322 2925 1351 2949 et
1369 2928 1423 2957 per
1439 2924 1506 2949 octo
1523 2919 1589 2949 dies
1605 2922 1782 2957 sequentes.
1803 2917 1874 2947 Dat.
1892 2921 1924 2945 ut
1942 2924 2045 2953 supra.

1263 2974 1299 3002 In
1317 2981 1344 3001 e.
1363 2981 1418 3008 m.,
1438 2980 1492 3010 pro
1509 2971 1639 3001 ecclesia
1657 2971 1764 3000 Sancti
1783 2969 1924 2999 Mauritii
1940 2968 1977 2997 (10
1991 2967 2101 3006 oppido
2119 2966 2216 3005 Stolp‚
