2393 3496
638 314 891 359 QUATRIEME
912 310 1069 352 ANNnE.
1093 337 1132 342 —
1153 320 1338 350 LETTRES
1361 320 1586 352 CURIALES.
2101 322 2158 353 895

66 396 102 424 ὅτι
115 392 246 431 presenti
261 400 317 428 que
333 390 480 428 perducat
495 390 535 418 ad
557 390 690 427 qtoriam
709 391 741 419 in
759 391 876 426 futuro.
895 390 931 419 Ei
947 389 1075 418 nuntiat

68 446 188 476 litteras
203 444 271 481 ejus
286 452 319 473 se
335 452 390 481 per
401 442 599 480 Chaganam,
612 443 764 472 nuntium
781 443 860 481 ejus,
874 443 1029 480 recepisse
1046 446 1076 471 et

69 498 253 530 affectuosas
268 495 390 525 litteras
406 496 454 531 E.‚
470 495 537 533 regi
554 496 706 534 Angliae,
721 496 860 525 misisse.
876 495 956 524 Eum
973 495 1076 528 horta,

71 556 122 582 tur
145 554 179 580 ut
201 549 358 588 baptisma
377 549 546 587 suscipiat,
563 549 657 588 eique
677 549 788 578 fratres
807 548 1018 578 Guillelmum
1038 547 1076 577 de

71 603 223 642 Chyerio,
242 602 525 641 poenitentiarium
549 611 662 638 suum,
683 607 713 631 et
729 601 913 631 Mathaeum
933 601 971 630 de
991 601 1075 631 civi-

70 661 133 687 tate
154 655 329 691 Theatina,
355 655 478 684 ordinis
499 655 681 691 minorum,
704 655 919 693 praesentium
943 654 1075 691 latores,

71 709 281 740 commendat.
301 720 314 735 κ
333 709 501 745 Ceterum,
519 708 545 737 si
564 717 600 738 ea
617 717 678 746 que
694 717 749 746 per
765 708 903 737 eundem
923 708 1077 737 nuntium

74 763 130 794 tibi
147 762 313 802 postulasti
335 762 512 792 transmitti
534 770 597 791 non
617 761 791 796 mittimus,
814 761 967 791 celsitudo
991 761 1078 798 regia

72 825 134 848 non
150 816 295 851 miretur,
307 815 458 854 qnoniam
474 823 532 844 nos
548 823 680 853 persone
696 814 742 843 uti
756 814 968 844 ecclesiastice
983 823 1078 844 usum

74 869 166 902 talem
186 878 249 899 non
266 869 431 899 habemus.
450 880 464 895 ι)

115 935 128 952 ι
142 923 241 954 Solita
255 923 452 960 benignitate
468 922 684 961 recepimus...
701 938 740 944 —
755 922 826 951 Dat.
844 922 927 960 apud
945 922 1079 951 Urbem-

73 981 227 1014 veterem,
242 985 285 1006 xn
306 975 460 1005 kalendas
476 975 682 1014 septembris,
699 983 784 1005 anno
799 979 921 1013 quarto.
943 987 956 1001 κ

142 1154 260 1183 6ἳ23
651 1153 775 1185 Orvieto,
793 1153 823 1180 ‘21
843 1154 910 1180 aont
931 1154 1007 1181 1291.

107 1216 259 1245 Guillelmo
279 1216 315 1243 de
339 1216 462 1252 Chyerio
483 1220 511 1243 et
530 1216 662 1243 Mathaeo
686 1216 721 1242 de
743 1217 858 1243 civitate
877 1216 1029 1248 Theatina,
1045 1216 1098 1251 ad.

73 1270 169 1303 partes
180 1266 363 1293 Tartaron-um
381 1266 501 1299 nuntiis,
518 1265 669 1292 facultates
684 1265 826 1292 concedit.
844 1265 927 1298 (Rso.
943 1265 985 1299 40,
998 1274 1024 1293 c.
1037 1266 1079 1297 32,

75 1316 95 1344 f.
111 1316 160 1343 169
176 1322 215 1350 r⁰;
234 1315 352 1349 Po'rm„
367 1314 477 1347 23790.)

114 1419 232 1448 Dilectis
247 1418 323 1455 filiis
337 1418 490 1453 fratribus
506 1417 665 1446 Guittelmo
682 1418 717 1446 cte
738 1416 879 1455 ChyerzD,
897 1417 1081 1454 penitentia-

73 1473 120 1502 rio
132 1477 244 1507 nostro,
259 1475 284 1500 et
298 1471 412 1500 Matheo
427 1471 461 1500 de
475 1471 596 1500 civitate
612 1471 768 1506 Theatina,
781 1471 900 1499 ordinis
913 1470 1080 1500 minorum.

116 1537 128 1552 ι
149 1525 230 1554 Cum
246 1533 300 1554 vos
316 1523 393 1554 ad...
412 1540 450 1545 —
468 1524 540 1553 Dat.
557 1528 714 1562 utsupra.
734 1535 748 1550 »

148 1698 266 1726 (3⁷24
667 1695 793 1727 Orvieto,
811 1695 840 1722 31
860 1696 915 1722 mai
934 1695 1011 1722 1291.

112 1758 253 1784 Processus
268 1757 357 1783 habiti
371 1758 402 1783 in
415 1757 458 1783 die
473 1758 643 1783 ,lsccnsionz‘s
659 1758 776 1783 Domini.

114 1807 254 1833 Processus
267 1808 364 1832 contra
379 1806 508 1832 Jacobum
524 1808 548 1831 et
562 1805 678 1832 Siculos.
691 1805 775 1839 (Res.
787 1805 831 1836 46,
843 1814 869 1832 c.
883 1805 925 1837 33,
938 1806 956 1832 f.
974 1805 1021 1833 169
1037 1807 1084 1839 r0.)

116 1910 273 1945 Nicotaus,
291 1914 344 1939 etc.
367 1909 412 1938 Aa
430 1908 642 1938 certitudinem
659 1909 845 1945 presentium
864 1911 891 1937 et
904 1908 1082 1937 memoriam

78 1965 266 2001 futurorum.
290 1963 462 1992 Processus
485 1966 595 1991 contra
616 1961 790 1998 Jacobum,
816 1961 977 2000 quondam
999 1962 1086 1991 Petri

78 2016 154 2047 olim
170 2016 256 2054 regis
274 2018 461 2053 Aragonum
478 2015 602 2051 filium,
619 2019 650 2044 et
672 2014 818 2051 Siculos,
833 2015 984 2044 Junctam
997 2038 1004 2048 ,
1027 2015 1086 2044 du-

77 2070 154 2100 dum
170 2069 463 2108 Cephalufflensem,
483 2073 513 2098 et
528 2068 730 2098 Tancredum
743 2092 750 2105 ,
769 2068 848 2098 olim
872 2069 1086 2099 Neucastren-

79 2132 145 2153 sem
167 2124 345 2162 episcopos,
362 2122 532 2152 confirmat
553 2126 584 2151 et
601 2121 755 2157 ratificat,
774 2121 890 2161 hisque
906 2122 1036 2152 mandat
1055 2126 1088 2152 ut

78 2177 214 2206 Jacobus
242 2181 272 2206 et
293 2176 394 2206 Siculi
420 2185 476 2214 per
500 2184 533 2205 se
555 2175 604 2205 vel
629 2184 684 2213 per
711 2180 947 2213 procuratoreS,
970 2176 1088 2205 Juncta

80 2238 153 2260 vero
181 2234 212 2259 et
235 2229 419 2259 Tancredus
449 2228 659 2267 personaliter
689 2237 794 2258 coram
821 2228 895 2258 sede
918 2229 1089 2267 apostolica

79 2283 162 2313 inira
179 2282 294 2312 festum
313 2282 414 2311 sancti
427 2281 596 2311 Michaelis
612 2284 756 2320 proximo
771 2286 944 2311 venturum
962 2290 1088 2320 compa-

81 2340 180 2367 reant.
204 2336 313 2365 Cartas
335 2344 517 2374 processum
548 2335 748 2365 continentes
777 2335 868 2365 ostiis
896 2334 1089 2365 cathedralis

81 2388 231 2419 ecclesiae
244 2388 467 2420 Urbevetanae
480 2388 625 2427 impendi
641 2388 726 2418 facit.

123 2454 137 2469 ει
155 2442 283 2472 Pridem
301 2447 393 2481 prout
409 2442 480 2472 in...
504 2454 517 2468 n

152 2614 271 2643 6725
671 2613 798 2647 Orviem,
816 2615 846 2641 31
865 2614 920 2641 mai
940 2614 1015 2643 1291.

117 2677 256 2704 Processus
271 2679 367 2704 contra
382 2677 505 2703 Pisanos.
523 2676 605 2711 (Res.
623 2676 666 2710 46,
683 2685 709 2703 c.
727 2676 770 2708 34,
786 2676 806 2703 f.
827 2677 873 2704 169
890 2680 934 2708 r0.)

121 2778 277 2814 Nicotaus,
295 2782 346 2807 etc.
364 2778 408 2807 Ad
427 2778 639 2807 certitudinem
657 2780 844 2816 presentium
859 2784 886 2807 et
906 2780 1088 2808 memoriam

82 2832 274 2868 futurorum.
285 2831 456 2860 processus
469 2834 498 2860 et
510 2831 759 2869 sententiasJ'am
773 2831 881 2861 habita
894 2836 1003 2861 contra
1012 2831 1090 2861 Gui-

83 2883 200 2914 donem
217 2883 257 2914 de
283 2882 485 2913 Monteseltro
505 2887 536 2912 et
553 2883 686 2913 Pisanos
709 2884 877 2914 confirmat
894 2889 924 2914 et
946 2885 1088 2921 innovat,

85 2935 199 2976 hisque
216 2937 348 2966 mandat
367 2941 401 2966 ut
421 2935 525 2966 Guido
545 2945 600 2974 per
617 2941 871 2975 procuratorem,
890 2938 1000 2967 Pisani
1017 2945 1090 2967 vero

86 2999 142 3029 per
159 2991 331 3030 syndicum
351 2994 426 3020 aute
445 2989 562 3019 festum
583 2990 686 3020 sancti
705 2990 870 3020 Michaelis
891 2991 994 3030 primo
1014 2999 1090 3020 ven-

1112 387 1118 401 '
1159 392 1264 417 turum
1292 396 1397 417 coram
1418 388 1492 418 sede
1515 387 1686 426 apostolica
1708 392 1922 425 compareant.
1951 388 2059 417 Cartas
2085 398 2158 427 pro-

1156 448 1263 470 cessus
1286 441 1485 470 continentes
1506 441 1596 470 ostiis
1620 439 1813 470 cathedralis
1838 439 1989 470 ecclesiae
2020 441 2159 471 [ereve-

1157 496 1249 522 tanae
1264 492 1406 531 impendi
1420 493 1504 523 facit.

1200 558 1212 572 ιι
1230 546 1359 575 Dudum
1378 546 1417 575 ad
1437 550 1616 576 nostram...
1636 558 1650 573 υ

1229 725 1345 752 (3¹22ss
1746 725 1873 760 Ort-teto,
1891 725 1921 752 31
1939 726 1995 752 mai
2014 725 2090 753 1291.

1194 787 1335 812 processus
1350 789 1446 812 contra
1463 787 1661 820 Maynarclunz,
1678 788 1802 813 comitem
1820 788 2001 821 Tyrolensem.
2019 788 2102 821 (Res.
2119 787 2162 820 46,

1159 843 1186 862 c,
1203 835 1245 866 35,
1262 835 1281 862 f.
1303 835 1350 862 170
1365 836 1415 868 ro.)

1200 937 1356 971 Nicotaus,
1373 941 1427 966 etc.
1444 937 1489 965 Act
1505 937 1719 966 certitudinem
1737 939 1923 974 presentium
1942 942 1968 966 et
1983 939 2163 966 memoriam

1159 991 1352 1026 futurorum.
1376 989 1549 1019 Processus
1566 994 1598 1018 et
1623 989 1798 1018 sententias
1820 994 1929 1020 contra
1951 990 2166 1028 Maynardum

1161 1042 1269 1072 habita
1295 1043 1463 1072 confirmat
1487 1048 1518 1072 et
1542 1043 1692 1079 innovat,
1723 1042 1815 1081 eique
1840 1042 1972 1072 mandat
1998 1047 2032 1072 ut
2061 1052 2166 1073 coram

1162 1096 1236 1126 sede
1253 1096 1424 1135 apostolica
1443 1105 1498 1134 per
1515 1105 1547 1126 se
1566 1095 1616 1125 vel
1634 1104 1690 1135 per
1706 1100 1941 1135 procuratorem
1956 1096 2041 1125 infra
2055 1096 2166 1126 kalen-

1161 1150 1217 1179 das
1248 1150 1369 1179 mensis
1398 1150 1525 1187 augusti
1551 1149 1655 1188 primo
1681 1149 1809 1179 venturi
1838 1154 2028 1188 compareat.
2061 1149 2169 1179 Cartas

1163 1212 1328 1242 processus
1348 1204 1548 1233 continentes
1571 1202 1663 1232 ostiis
1687 1202 1879 1232 cathedralis
1897 1202 2049 1233 ecclesiae
2067 1202 2168 1233 Urbe-

1163 1260 1295 1286 vetanae
1310 1256 1454 1295 impendi
1466 1256 1551 1285 facit.

1205 1322 1219 1337 «
1240 1310 1369 1339 Pridem
1385 1309 1424 1338 ad
1442 1309 1649 1348 apostolice...
1669 1321 1683 1336 η

1236 1490 1351 1518 672³?

1201 1552 1364 1588 spoletanis
1379 1551 1493 1578 mandat
1504 1555 1535 1577 ut
1545 1555 1671 1577 castrum
1684 1550 1805 1577 Arronis
1819 1551 1921 1577 rectori
1936 1550 2058 1577 ducatus
2070 1550 2171 1585 Spole-

1165 1604 1224 1629 tani
1240 1603 1402 1629 restituant.
1421 1601 1504 1634 (Res.
1521 1601 1564 1631 46,
1581 1609 1606 1628 e.
1624 1600 1665 1632 36,
1682 1601 1702 1627 f.
1724 1600 1770 1627 170
1786 1604 1838 1632 νῦ.)

1745 1488 1876 1521 Orviet0,
1894 1488 1925 1515 27
1940 1489 2003 1523 juin
2021 1488 2098 1515 1991.

1208 1727 1229 1734 ..
1248 1706 1396 1742 potestati,
1411 1705 1538 1733 musitio
1555 1709 1580 1732 et
1595 1704 1752 1732 communi
1764 1703 1943 1740 spoletanis,
1957 1702 2015 1732 sub
2030 1702 2173 1741 quinque

1167 1758 1308 1788 millium
1323 1757 1528 1787 marcharum
1541 1765 1654 1795 poena,
1667 1756 1817 1795 praecipit
1829 1760 1862 1785 ut
1872 1760 2011 1785 castrum
2024 1754 2171 1792 Arronis,

1167 1811 1252 1851 quod
1276 1811 1309 1840 in
1336 1811 1471 1840 seudum
1498 1810 1538 1840 ab
1563 1809 1694 1839 ecclesia
1717 1809 1841 1838 domini
1864 1809 1933 1847 ejus
1957 1808 2170 1847 possidebant,

1168 1865 1317 1905 quodque
1349 1864 1513 1903 Spoletani
1540 1868 1746 1902 occuparunt,
1777 1863 1861 1892 infra
1893 1862 2076 1901 quindecim
2106 1861 2173 1891 dies

1169 1919 1334 1957 Baynerio
1352 1918 1390 1948 de
1408 1918 1501 1954 Pisis,
1520 1917 1653 1947 ducatus
1669 1916 1833 1955 Spoletani
1849 1916 1974 1953 rectori,
1991 1916 2169 1945 restituant.

1213 1985 1225 1999 ‹
1237 1972 1360 2002 Grandi
1373 1981 1431 2001 nec
1446 1971 1645 2001 immerito...
1658 1986 1697 1992 —
1710 1970 1781 1999 Dat.
1796 1969 1879 2008 apud
1896 1969 2170 2005 Urbemveteiem,

1168 2035 1187 2055 v
1202 2025 1356 2056 kalendas
1368 2024 1454 2064 julii,
1475 2033 1560 2054 anno
1578 2027 1701 2062 quarto.
1721 2035 1734 2049 »ν

1241 2211 1361 2239 (ἰῖἓῦ

1206 2274 1248 2300 Do
1265 2273 1364 2299 eodem
1382 2272 1507 2307 negotio.
1520 2271 1603 2304 (Rso.
1616 2271 1658 2301 46,
1671 2278 1697 2297 c.
1710 2270 1752 2301 37,
1766 2270 1785 2297 f.
1805 2270 1849 2296 171
1868 2276 1911 2300 1'02
1930 2268 2046 2300 Purra„
2064 2268 2172 2301 23720.)

1753 2207 1879 2238 Orvieto,
1897 2207 1928 2234 27
1942 2207 2005 2241 juin
2023 2206 2102 2233 1291.

1209 2376 1350 2413 Manistro
1378 2375 1526 2412 Raynerio
1554 2374 1589 2402 de
1612 2372 1699 2408 Pisis,
1724 2373 1851 2401 ducatus
1872 2371 2028 2409 Spoletani
2053 2371 2172 2405 rectori,

1170 2429 1289 2459 notario
1306 2434 1415 2457 nostro.
1435 2428 1472 2457 Ei
1486 2427 1616 2456 mandat
1631 2431 1666 2456 ut
1684 2425 1869 2465 Spoletanos
1883 2425 1923 2454 ad
1938 2423 2173 2454 restituendum

1170 2488 1310 2513 castrum
1327 2481 1464 2511 Arronis
1479 2480 1657 2519 compellat.

1213 2549 1226 2563 a
1249 2536 1298 2565 Ad
1316 2535 1591 2565 conservationem
1609 2533 1805 2563 bonorum...
1828 2548 1867 2553 —
1883 2531 1954 2561 Dat.
1980 2535 2014 2560 ut
2032 2538 2137 2569 supra.
2157 2541 2171 2555 »

1241 2722 1356 2750 6229

1206 2784 1434 2817 Archiepiscopo
1450 2782 1636 2808 Antibarensi
1657 2781 1771 2808 mandat
1788 2784 1818 2807 ut
1840 2779 1978 2807 ecclcsiae
2000 2777 2173 2805 sardaniensi

1171 2833 1205 2859 dc
1221 2833 1356 2867 episcopo
1374 2831 1530 2866 provideat.
1547 2830 1629 2864 (nm.
1641 2830 1682 2862 46,
1696 2838 1721 2856 c.
1734 2830 1776 2863 38,
1788 2829 1806 2855 s.
1822 2829 1865 2855 171
1880 2835 1921 2858 1¹⁰:
1938 2828 2051 2858 Porm„
2066 2826 2172 2859 23719.)

1756 2719 1882 2749 Ori-teto,
1900 2717 2007 2752 27Juin
2025 2717 2100 2743 1‘291.

1218 2935 1385 2964 Venerabili
1399 2934 1494 2970 fratri
1515 2955 1534 2962 ..
1552 2933 1773 2970 archiepiscopo
1790 2930 1996 2960 Antibarensi.

1213 2999 1228 3014 ιι
1247 2987 1373 3016 Pridem
1392 2986 1482 3015 nobis
1501 2990 1589 3015 tua...
1605 3002 1644 3008 —
1661 2985 1730 3014 Dat.
1750 2988 1782 3014 ut
1798 2991 1902 3021 supra.
1924 2994 1936 3008 n
