2393 3496
904 290 1156 336 ῳυΑΤΒΙΕΜΕ
1178 291 1334 329 ΑΝΝΕΕ.
1549 318 1553 322 -
2105 304 2163 333 777

80 382 94 399 ι
117 369 294 409 specialiter
318 372 350 398 et
374 376 519 406 expresse
543 368 652 397 omnia
678 368 761 397 bona
783 371 890 396 nostra
912 370 943 395 et
961 373 1080 395 renun-

81 435 95 451 »
119 423 232 452 tiantes
258 420 414 450 beneficio
438 428 519 450 nove
544 419 782 450 constitutionis
806 428 861 458 pro
884 418 1082 457 fidejussori-

81 487 97 504 »
117 476 177 505 bus
198 473 388 504 introducte.
416 473 457 502 Et
483 473 521 502 ad
547 473 680 503 eandem
706 473 861 502 cautelam
880 476 909 501 et
930 471 976 501 rei
998 475 1083 509 geste

81 541 96 558 ι
119 527 336 558 testimonium
353 531 518 564 presentes
531 526 652 556 litteras
663 524 842 564 sigillorum
855 525 951 555 etiam
964 529 1082 554 nostro-

80 593 96 610 »
117 589 190 611 rum
202 579 353 610 volumus
364 579 559 617 appensione
574 580 707 609 muniri.
720 579 792 608 Dat.
809 583 839 608 et
850 579 979 612 Actum,
992 582 1050 606 etc.
1067 589 1080 603 n

121 645 136 661 ι
159 632 245 664 Olim
260 632 362 662 felicis
379 632 644 662 recordationis...
663 648 703 654 —
718 632 790 661 Dat.
807 630 891 670 apud
906 630 1083 660 Urbemve-

81 698 99 716 n
123 690 231 722 terem,
248 685 342 715 nonis
357 685 497 722 augusti,
516 693 601 715 anno
617 689 739 723 quarto.
761 696 775 711 »

151 843 268 872 5⁸25ss

117 906 302 942 Dispensatio
319 905 500 931 matrimonii.
521 904 602 937 (Rae.
623 904 667 935 46,
683 912 708 930 c.
728 904 788 935 386,
806 904 824 930 f.
842 905 873 930 77
889 906 937 936 ru.)

637 841 762 872 Orvieto,
779 842 811 868 Ἦ
825 842 919 876 juillet
936 842 1013 869 1291.

127 993 289 1024 Venerabili
307 995 404 1030 fratri
428 1017 447 1022 ..
472 994 605 1031 episcopo
627 993 814 1021 Zwerinensi
836 991 1024 1028 committit,
1046 992 1087 1021 ad

44 1059 47 1062 ⁴
81 1048 272 1080 instantiam
291 1047 348 1083 R.‚
373 1047 458 1085 regis
477 1047 717 1079 Romanorum,
741 1049 774 1074 ut
795 1054 869 1075 cum
894 1044 995 1075 nobili
1018 1045 1086 1075 viro

81 1101 221 1132 Henrico
230 1100 269 1129 de
279 1099 402 1137 Werle,
412 1099 543 1130 domino
550 1098 686 1135 Slaviae,
697 1098 915 1128 Zwerinensis
922 1098 1084 1135 dioecesis,

83 1159 113 1185 et
125 1153 227 1184 nobili
240 1153 379 1183 muliere
393 1152 535 1189 Metilde‚
549 1157 623 1181 nata
637 1151 798 1190 quondam
810 1151 980 1187 Johannis,
995 1151 1087 1181 ducis

81 1208 121 1238 de
135 1207 320 1244 Luneburg,
337 1206 514 1236 Verdensis
527 1205 692 1242 dioecesis,
707 1205 868 1243 dispenset
881 1210 915 1234 ut
929 1205 963 1234 in
981 1206 1089 1234 matri-

81 1261 192 1291 monio
208 1259 285 1290 olim
304 1260 344 1290 ab
359 1260 436 1298 ipsis
450 1284 456 1297 ‚
475 1259 515 1298 ad
531 1258 685 1288 sedandas
700 1267 812 1296 graves
830 1258 1018 1288 inimicitias
1035 1259 1087 1287 in-

83 1317 131 1344 ter
147 1314 291 1353 ipsorum
311 1313 569 1350 consanguineos
585 1316 724 1347 exortaS‚
742 1314 901 1341 contracto
920 1320 1088 1341 remanere

83 1366 222 1403 valeant,
240 1374 304 1396 non
322 1366 466 1395 obstante
482 1369 594 1404 quarto
610 1364 896 1402 consanguinitatis
909 1364 1009 1402 gradu
1025 1373 1089 1402 quo

84 1419 247 1458 conjuncti
265 1423 352 1449 sunt.

126 1484 140 1499 «
166 1472 260 1502 Lecta
279 1480 385 1502 coram
406 1471 534 1501 nobis...
554 1487 593 1494 -
614 1471 685 1500 Dat.
706 1470 789 1509 apud
810 1471 1087 1508 Urbemveterem,

84 1534 129 1556 ιιι
146 1524 301 1555 kalendas
316 1525 455 1563 augusti,
472 1533 557 1554 anno
574 1528 696 1563 quarto.
717 1536 730 1550 n

152 1678 268 1706 5¹25!

118 1739 304 1775 Dispensatio
318 1748 406 1775 super
420 1739 580 1774 pluralitate
596 1739 811 1766 beneficiorum.
831 1738 914 1772 (Rnc.
927 1740 970 1769 46,
985 1748 1011 1766 c.
1028 1740 1087 1773 387,

82 1789 103 1817 f.
119 1788 151 1815 77
168 1791 220 1820 νο.)

681 1676 808 1707 Orvieto,
826 1676 840 1702 3
856 1677 924 1703 aout
940 1676 1017 1703 1291.

122 1877 241 1906 Alberto
256 1876 335 1906 dicto
350 1877 384 1904 de
399 1876 586 1912 Lamairola,
600 1877 709 1905 rectori
724 1877 840 1906 ecclesie
854 1876 959 1906 Sancti
973 1877 1088 1906 Iohan-

83 1932 133 1960 nis
149 1931 184 1959 de
199 1930 365 1966 Uitelliano,
377 1929 610 1958 Mediolanensis
625 1929 757 1966 diocesis,
774 1928 930 1967 indulget,
946 1930 1088 1959 conside-

83 1983 208 2013 ratione
219 1982 268 2015 P..
277 1981 385 2012 Sancti
394 1981 494 2011 Marci
507 1982 685 2020 presbyteri
699 1982 881 2018 cardinalis,
894 1987 928 2012 ut
941 1982 1089 2012 ecclesias

82 2034 297 2074 parrochiales
309 2034 415 2064 Sancti
427 2035 447 2064 J
450 2034 533 2064 ohan
539 2035 589 2064 nis
599 2035 639 2064 de
650 2032 824 2071 Cixiliano,
838 2035 997 2065 Mediolan
1003 2045 1040 2065 en
1046 2036 1089 2065 sis

83 2083 234 2119 dioecesis
245 2111 252 2124 ‚
276 2092 306 2117 et
327 2087 461 2118 Sanctae
486 2088 606 2118 Mariae
629 2088 768 2118 Pedonis
794 2088 1067 2119 Mediolanensem
1078 2111 1086 2124 ‚

83 2145 260 2181 spectantes
272 2141 312 2170 ad
326 2140 514 2171 electionem
531 2150 586 2170 seu
603 2141 892 2179 praesentationem
909 2142 1089 2180 parrochia-

81 2202 198 2225 norum
216 2203 338 2231 earum,
350 2203 487 2233 quarum
499 2194 643 2224 redditus
654 2194 793 2224 valorem
802 2204 947 2225 annuum
960 2195 1090 2233 triginta

83 2250 114 2278 et
124 2251 245 2286 septem
256 2247 413 2277 librarum
428 2247 651 2278 turonensium
663 2257 832 2286 parvorum
844 2257 907 2278 non
922 2249 1087 2286 excedunt,
1106 2252 1109 2255 ’

82 2309 225 2340 quasque
246 2301 316 2331 sine
337 2301 577 2339 dispensatione
600 2301 758 2337 detinuit,
774 2301 860 2331 licite
878 2302 1017 2331 retinere
1032 2311 1088 2331 va-

82 2354 157 2392 leat,
172 2355 346 2385 dummodo
362 2363 537 2393 congruam
555 2360 677 2393 partem
694 2355 856 2385 fructuum
872 2356 938 2394 jam
957 2364 1087 2394 percep-

84 2411 206 2443 torum,
223 2407 263 2437 ad
286 2408 456 2438 arbitrium
477 2407 554 2438 boni
575 2408 649 2448 viri,
666 2408 701 2437 in
723 2408 901 2438 evidentem
919 2408 1087 2438 utilitatem

84 2468 197 2490 earum
214 2464 388 2490 convertat.

125 2525 139 2539 α
160 2513 310 2543 Exhibita
332 2513 423 2543 nobis
444 2518 535 2544 tua...
556 2531 594 2535 —
615 2514 687 2544 Dat.
705 2514 787 2554 apud
808 2514 1088 2551 Urbemveterem,

83 2575 118 2596 111
133 2574 235 2596 nonas
252 2567 391 2605 augusti,
407 2575 493 2597 anno
508 2571 631 2606 quarto.
651 2580 664 2594 υ

153 2717 271 2746 ὅῖῧδ

118 2778 233 2806 Mandat
255 2782 284 2805 ut
306 2779 403 2811 40,800
426 2780 512 2805 librae
529 2780 728 2806 turonensium
751 2788 767 2806 a
786 2782 958 2807 monasterio
974 2780 1089 2807 Clunia-

83 2827 164 2854 censi
180 2828 390 2854 mercatoribus
405 2826 585 2854 Senensibus
601 2828 798 2855 restituantur.
815 2828 898 2862 (Rae.
914 2830 961 2862 46,
979 2838 1004 2856 c.
1022 2830 1088 2861 388,

82 2875 102 2903 f.
119 2877 151 2903 77
167 2877 220 2909 vo.)

639 2718 766 2749 Orvieto,
782 2718 816 2744 ‘23
828 2719 922 2752 juillet
941 2718 1016 2746 1291.

124 2986 146 2995 ..
164 2964 274 2994 decano
294 2965 429 2994 Trecensi
442 2969 467 2993 et
483 2985 503 2993 ..
521 2965 733 2994 archidiacono
746 2965 928 2995 Bononiensi
942 2974 976 2995 ac
994 2988 1012 2994 ..
1030 2967 1091 3003 offi-

224 3029 297 3057 Rsso.
317 3029 440 3057 Niconis
460 3029 512 3056 IV.

1163 366 1236 394 ciali
1259 365 1477 396 Cameracensi.
1502 378 1515 393 α
1541 367 1688 404 Exposita
1707 366 1797 395 nobis
1817 366 2005 396 dilectorum
2025 368 2164 399 filiorum

1163 418 1342 455 Guillelmi,
1357 419 1489 455 abbatis,
1502 425 1532 449 et
1545 424 1720 449 conventus
1733 420 1918 449 monasterii
1931 419 2163 457 Cluniacensis‚

1164 471 1407 501 Matisconensis
1426 472 1570 508 diocesis,
1592 472 1700 510 petitio
1716 471 1899 501 continebat
1915 472 2008 510 quod,
2027 482 2099 502 cum
2115 474 2165 502 di—

1163 523 1235 553 lecti
1252 524 1312 553 filii
1329 524 1452 554 Bindus
1469 524 1639 562 Henrigoli
1651 529 1681 554 et
1699 525 1882 563 Raynerius
1894 524 2066 561 Johannis,
2082 526 2166 556 cives

1164 581 1194 606 et
1208 582 1397 607 mercatores
1416 577 1592 615 Senenses,
1612 578 1651 607 de
1668 578 1815 607 societate
1830 577 1970 607 filiorum
1989 577 2167 616 Bonsigno-

1165 630 1207 658 ris
1225 634 1255 658 et
1275 630 1496 659 Bouaventure
1518 630 1711 660 Bernardini
1729 631 1765 660 de
1784 630 1892 666 Senis,
1915 636 1978 660 tam
1995 639 2052 661 suo
2071 640 2166 669 quam

1165 682 1353 711 dilectorum
1376 683 1515 712 filiorum
1535 683 1634 721 ipsius
1658 684 1880 713 Bonaventure
1901 693 1937 714 ac
1960 684 2067 714 Thure
2087 685 2165 714 Bar-

1166 734 1329 771 tholomei,
1348 735 1489 764 Venture
1506 736 1708 772 Bonamichi,
1725 736 1835 766 Jacobi
1849 736 2024 772 Thomasii‚
2040 737 2168 768 Andree

1166 786 1370 824 Christofori,
1388 787 1576 817 Christofori
1594 789 1802 826 Bonsignoris
1820 794 1850 818 et
1866 790 1958 819 Rossi
1978 790 2168 828 Bonagratie

1166 849 1201 870 ac
1215 840 1351 870 aliorum
1369 841 1528 870 sociorum
1542 850 1684 877 suorum,
1701 842 1856 871 societatis
1871 843 2009 880 predicte
2024 843 2166 879 nomine,

1166 894 1205 922 ab
1221 894 1340 923 eisdem
1354 894 1466 923 abbate
1483 898 1512 923 et
1525 899 1694 929 conventu,
1711 898 1850 932 tempore
1865 896 2023 932 generalis
2039 896 2167 934 capituli

1168 950 1244 976 tunc
1260 947 1341 985 apud
1361 946 1551 976 Cluniacum
1571 947 1732 982 celebrati,
1753 947 1882 984 triginta
1901 953 2019 986 septem
2036 950 2124 979 milia
2140 955 2170 979 et

1167 1000 1366 1036 octingentas
1392 999 1489 1029 libras
1518 1000 1739 1029 turonensium
1769 1008 1953 1038 parvorum,
1983 1001 2021 1030 ab
2051 1002 2169 1032 eisdem

1168 1052 1396 1082 mercatoribus
1413 1057 1442 1082 et
1458 1061 1569 1082 eorum
1583 1053 1678 1082 sociis
1694 1053 1813 1091 prefato
1829 1055 1999 1083 conventui
2017 1059 2045 1083 et
2061 1064 2169 1084 eorum

1169 1105 1311 1140 ecclesie,
1328 1114 1382 1144 pro
1396 1105 1462 1134 suis
1476 1111 1506 1135 et
1518 1106 1617 1144 ipsius
1631 1106 1763 1136 ecclesie
1779 1107 1913 1144 negotiis
1927 1111 1956 1135 et
1969 1107 2170 1144 utilitatibus,

1170 1162 1308 1196 tempore
1324 1159 1484 1197 quondam
1503 1159 1636 1194 Yvonis,
1655 1159 1756 1197 ipsius
1772 1159 1955 1188 monasterii
1970 1159 2100 1195 abbatis,
2118 1160 2170 1189 de-

1168 1212 1270 1241 functi
1299 1212 1488 1248 novissime,
1512 1217 1541 1241 et
1566 1211 1702 1241 aliorum
1728 1212 1985 1250 predecessorum
2007 1212 2171 1241 Guillelmi

1169 1264 1291 1293 abbatis
1316 1270 1345 1293 et
1369 1270 1547 1294 conventus
1573 1265 1802 1303 predictorum,
1823 1264 1956 1294 diversis
1979 1265 2171 1303 temporibus

1170 1322 1329 1346 mutuatas
1344 1342 1349 1353 ,
1367 1326 1402 1347 ac
1420 1318 1453 1346 in
1471 1326 1579 1347 eorum
1598 1322 1628 1346 et
1645 1318 1743 1356 ipsius
1761 1317 1892 1347 ecclesie
1912 1317 2080 1347 utilitatem
2097 1327 2172 1348 con-

1170 1380 1295 1406 versas,
1316 1379 1440 1400 necnon
1461 1375 1490 1400 et
1508 1372 1566 1400 tria
1584 1371 1674 1400 milia
1691 1371 1846 1400 librarum
1865 1371 2007 1409 ejusdem
2025 1376 2170 1407 monete,

1171 1433 1248 1462 quas
1270 1424 1347 1453 dicti
1369 1429 1557 1454 mercatores
1575 1424 1678 1454 eidem
1697 1423 1869 1453 Guillelmo
1889 1424 2014 1459 abbati,
2036 1433 2091 1462 pro
2109 1425 2173 1455 suis

1171 1482 1201 1505 et
1216 1477 1314 1514 ipsius
1331 1476 1486 1515 [ecclesie]
1504 1477 1709 1515 expediendis
1725 1477 1860 1514 negotiis
1878 1482 1907 1506 et
1924 1476 2122 1513 utilitatibus,
2137 1478 2172 1506 in

1172 1538 1304 1559 romana
1315 1530 1403 1559 curia
1419 1534 1616 1566 mutuarunt,
1627 1530 1783 1559 instanter
1799 1530 1861 1559 sibi
1880 1530 1969 1559 reddi
1987 1535 2129 1568 peterent
2144 1536 2173 1560 et

1171 1583 1323 1622 persolvi,
1342 1583 1509 1613 memorati
1525 1583 1716 1613 Guillelmns
1732 1583 1827 1612 abbas
1843 1587 1873 1612 et
1887 1589 2080 1619 conventus,
2099 1584 2173 1613 dili-

1171 1637 1258 1674 genti
1271 1636 1510 1671 deliberatione,
1521 1636 1753 1674 computatione
1767 1644 1801 1665 ac
1814 1636 1936 1665 ratione
1951 1636 2067 1665 habitis
2080 1646 2174 1674 super

1171 1689 1235 1719 hiis
1244 1698 1316 1719 cum
1328 1690 1557 1719 mercatoribus
1567 1689 1766 1727 supradictis
1774 1689 1972 1718 attendentes
1983 1689 2066 1727 quod
2076 1689 2171 1718 iidem

1172 1748 1361 1772 mercatores
1378 1747 1411 1772 et
1431 1743 1506 1772 socii
1522 1742 1706 1772 eorumdem
1724 1742 1852 1780 prefatis
1870 1742 1974 1771 abbati
1991 1746 2020 1771 et
2035 1750 2174 1771 conven-

1174 1797 1218 1825 tui
1240 1800 1269 1825 et
1291 1795 1422 1825 ecclesie
1441 1804 1459 1824 a
1477 1795 1580 1833 longis
1601 1799 1685 1825 retro
1707 1795 1900 1833 temporibus
1920 1795 1953 1824 in
1979 1795 2127 1832 predictis
2146 1798 2176 1824 et

1171 1848 1242 1878 aliis
1261 1847 1381 1877 utiliter
1400 1849 1580 1877 servierunt
1595 1857 1631 1878 ac
1647 1848 1726 1877 alias
1741 1853 1830 1885 grata
1844 1848 1994 1886 obsequia
2008 1847 2174 1885 impende-

1171 1907 1248 1932 runt
1267 1902 1404 1939 eisdem,
1429 1906 1458 1931 et
1481 1905 1643 1939 propterea
1664 1901 1808 1930 nolentes
1829 1901 1913 1930 inter
1936 1909 1967 1929 se
1989 1909 2024 1930 ac
2048 1900 2173 1930 eosdem

1171 1960 1361 1986 mercatores
1383 1960 1413 1985 et
1434 1956 1533 1985 socios
1555 1955 1730 1993 questionis
1748 1955 1913 1983 materiam
1931 1954 2081 1988 suboriri,
2104 1963 2174 1991 pre-

1171 2010 1281 2039 sertim
1307 2018 1379 2039 cum
1402 2018 1457 2047 per
1477 2008 1748 2046 computationem
1768 2012 1797 2037 et
1819 2008 1973 2037 rationem
1995 2007 2034 2036 ab
2054 2006 2173 2036 eisdem

1171 2064 1282 2093 abbate
1298 2068 1329 2092 et
1344 2067 1503 2092 conventu
1519 2070 1613 2100 super
1630 2061 1693 2090 hiis
1712 2060 1834 2090 habitas
1854 2069 1927 2089 cum
1945 2059 2174 2089 mercatoribus

1171 2121 1200 2147 et
1224 2117 1316 2146 sociis
1337 2115 1497 2154 prelibatis
1517 2115 1659 2152 legitime
1680 2114 1721 2143 sit
1738 2117 1933 2152 compertum
1956 2112 2038 2150 quod
2060 2112 2174 2150 prefati

1170 2170 1283 2204 abbas,
1301 2172 1475 2199 conventus
1496 2174 1525 2197 et
1545 2167 1675 2196 ecclesia
1694 2166 1920 2195 mercatoribus
1938 2169 1968 2194 et
1986 2164 2079 2194 sociis
2096 2165 2173 2202 ipsis

1169 2224 1203 2252 in
1227 2223 1347 2252 eisdem
1369 2223 1575 2260 pecuniarum
1599 2219 1830 2259 quantitatibus
1850 2223 2034 2255 teneantur,
2055 2221 2084 2247 et
2101 2218 2173 2247 ideo

1170 2280 1429 2314 recognoscentes
1446 2284 1478 2304 se
1491 2279 1519 2304 et
1535 2274 1702 2304 ecclesiam
1716 2273 1929 2311 supradictam
1947 2272 2173 2301 mercatoribus

1170 2335 1199 2359 et
1219 2328 1359 2358 societati
1382 2327 1511 2366 prefatis
1533 2327 1632 2356 teneri
1653 2335 1688 2356 ex
1712 2326 1850 2364 predicta
1868 2334 1961 2354 causa
1979 2325 2082 2353 mutui
2098 2333 2173 2354 con-

1171 2382 1261 2412 tracti
1275 2381 1427 2419 legitime,
1442 2390 1476 2409 ac
1491 2380 1587 2409 etiam
1601 2380 1640 2409 de
1655 2388 1733 2418 pura
1747 2387 1854 2408 eorum
1869 2383 1963 2413 sorte,
1977 2380 2173 2407 conversam

1170 2436 1341 2466 utilitatem
1358 2434 1541 2463 monasterii
1557 2433 1705 2471 sepefati,
1723 2432 1877 2470 predictas
1893 2440 2003 2461 omnes
2020 2431 2171 2469 pecunia-

1170 2497 1243 2518 rum
1259 2496 1400 2517 summas
1419 2487 1537 2516 eisdem
1556 2486 1786 2516 mercatoribus
1805 2489 1834 2514 et
1850 2493 1959 2514 eorum
1979 2484 2073 2513 sociis
2089 2487 2172 2513 certo

1171 2542 1239 2572 loco
1262 2546 1292 2570 et
1320 2540 1465 2570 terminis
1490 2540 1611 2569 solvere
1633 2539 1868 2577 promiserunt,
1893 2542 1985 2575 prout
2004 2536 2037 2565 in
2061 2536 2173 2565 litteris

1171 2594 1383 2633 predictorum
1406 2593 1443 2622 G.
1463 2592 1584 2622 abbatis
1600 2597 1629 2621 et
1646 2595 1820 2621 conventus
1836 2599 1929 2628 super
1946 2590 2003 2618 hoc
2021 2589 2172 2618 confectis

1172 2647 1298 2686 plenius
1323 2651 1353 2675 et
1375 2646 1525 2675 seriosius
1549 2645 1664 2674 dicitur
1685 2643 1851 2673 contineri.
1877 2642 2030 2677 Quocirca
2056 2641 2171 2669 discre-

1172 2700 1252 2729 tioni
1272 2704 1390 2733 vestre,
1409 2698 1446 2726 de
1465 2698 1631 2734 utriusque
1647 2697 1743 2734 partis
1763 2704 1914 2730 assensu,
1934 2703 1987 2732 per
2004 2692 2172 2731 apostolica

1172 2753 1287 2790 scripta
1304 2751 1494 2780 mandamus
1511 2754 1667 2788 quatenus
1687 2748 1839 2787 predictas
1857 2747 2064 2786 pecuniarum
2083 2754 2170 2774 suni-

1171 2815 1239 2835 mas
1258 2806 1292 2834 in
1314 2805 1380 2834 loco
1399 2808 1427 2833 et
1444 2803 1589 2833 terminis
1608 2804 1640 2831 in
1658 2802 1771 2831 litteris
1786 2801 1863 2839 ipsis
1879 2800 2034 2838 expressis
2051 2798 2170 2827 faciatis

1171 2867 1243 2894 vos,
1261 2858 1340 2893 duo,
1358 2856 1407 2886 vel
1426 2865 1510 2885 unus
1530 2860 1689 2890 vestrum,
1711 2864 1765 2892 per
1784 2862 1837 2883 vos
1858 2852 1908 2881 vel
1928 2861 1982 2890 per
1998 2850 2096 2880 alium
2116 2859 2170 2879 seu

1171 2911 1260 2947 alios,
1276 2911 1411 2947 integre,
1424 2910 1513 2947 juxta
1531 2914 1669 2938 tenorem
1685 2907 1859 2937 litterarum
1875 2906 2026 2943 ipsarum,
2044 2902 2170 2941 prefatis

1171 2963 1400 2994 mercatoribus
1413 2967 1564 2992 eteorum
1577 2961 1680 2995 sociis,
1696 2959 1802 2989 usuris
1816 2958 1948 2988 omnino
1961 2955 2168 2991 cessantibus,

1995 3021 2029 3048 98
