<?xml version="1.0" encoding="UTF-8"?>
<!DOCTYPE html PUBLIC "-//W3C//DTD XHTML 1.0 Transitional//EN"
    "http://www.w3.org/TR/xhtml1/DTD/xhtml1-transitional.dtd">
<html xmlns="http://www.w3.org/1999/xhtml" xml:lang="en" lang="en">
 <head>
  <title>
</title>
<meta http-equiv="Content-Type" content="text/html;charset=utf-8" />
  <meta name='ocr-system' content='tesseract 3.04.00' />
  <meta name='ocr-capabilities' content='ocr_page ocr_carea ocr_par ocr_line ocrx_word'/>
</head>
<body>
  <div class='ocr_page' id='page_1' title='image "./lesregistresdeni02romeuoft_0300.png"; bbox 0 0 2393 3496; ppageno 0'>
   <div class='ocr_carea' id='block_1_1' title="bbox 215 308 1558 340">
    <p class='ocr_par' dir='ltr' id='par_1_1' title="bbox 215 308 1558 340">
     <span class='ocr_line' id='line_1_1' title="bbox 215 308 1558 340; baseline -0.001 0"><span class='ocrx_word' id='word_1_1' title='bbox 215 310 272 340; x_wconf 78' lang='lat'>974</span> <span class='ocrx_word' id='word_1_2' title='bbox 961 308 1197 339; x_wconf 76' lang='lat' dir='ltr'>REGISTRES</span> <span class='ocrx_word' id='word_1_3' title='bbox 1220 309 1274 338; x_wconf 87' lang='lat' dir='ltr'>DE</span> <span class='ocrx_word' id='word_1_4' title='bbox 1296 309 1479 339; x_wconf 75' lang='lat' dir='ltr'>NICOLAS</span> <span class='ocrx_word' id='word_1_5' title='bbox 1504 310 1558 339; x_wconf 91' lang='lat' dir='ltr'>IV.</span> 
     </span>
    </p>
   </div>
   <div class='ocr_carea' id='block_1_2' title="bbox 214 373 1217 624">
    <p class='ocr_par' dir='ltr' id='par_1_2' title="bbox 214 373 1217 624">
     <span class='ocr_line' id='line_1_2' title="bbox 215 373 1217 415; baseline -0.004 -8"><span class='ocrx_word' id='word_1_6' title='bbox 215 377 252 407; x_wconf 89' lang='lat' dir='ltr'>Ei</span> <span class='ocrx_word' id='word_1_7' title='bbox 267 377 521 407; x_wconf 65' lang='lat' dir='ltr'>consideratiore</span> <span class='ocrx_word' id='word_1_8' title='bbox 543 376 686 412; x_wconf 77' lang='lat' dir='ltr'>Berardi,</span> <span class='ocrx_word' id='word_1_9' title='bbox 707 375 885 415; x_wconf 84' lang='lat' dir='ltr'>[camerarii</span> <span class='ocrx_word' id='word_1_10' title='bbox 902 375 1093 414; x_wconf 82' lang='lat' dir='ltr'>apostolicae</span> <span class='ocrx_word' id='word_1_11' title='bbox 1109 373 1217 412; x_wconf 86' lang='lat' dir='ltr'>sedis],</span> 
     </span>
     <span class='ocr_line' id='line_1_3' title="bbox 214 428 1217 466; baseline -0.004 -6"><span class='ocrx_word' id='word_1_12' title='bbox 214 429 379 460; x_wconf 89' lang='lat' dir='ltr'>balliviam</span> <span class='ocrx_word' id='word_1_13' title='bbox 401 434 430 459; x_wconf 91' lang='lat' dir='ltr'>et</span> <span class='ocrx_word' id='word_1_14' title='bbox 449 429 619 458; x_wconf 86' lang='lat' dir='ltr'>fidanciam</span> <span class='ocrx_word' id='word_1_15' title='bbox 637 428 836 464; x_wconf 81' lang='lat' dir='ltr'>reddituum,</span> <span class='ocrx_word' id='word_1_16' title='bbox 856 428 1017 457; x_wconf 83' lang='lat' dir='ltr'>fructuum</span> <span class='ocrx_word' id='word_1_17' title='bbox 1035 432 1065 457; x_wconf 85' lang='lat' dir='ltr'>et</span> <span class='ocrx_word' id='word_1_18' title='bbox 1082 435 1217 466; x_wconf 87' lang='lat' dir='ltr'>proven-</span> 
     </span>
     <span class='ocr_line' id='line_1_4' title="bbox 215 480 1217 520; baseline -0.003 -8"><span class='ocrx_word' id='word_1_19' title='bbox 215 488 305 513; x_wconf 85' lang='lat' dir='ltr'><strong>tuum</strong></span> <span class='ocrx_word' id='word_1_20' title='bbox 322 483 356 512; x_wconf 87' lang='lat' dir='ltr'>in</span> <span class='ocrx_word' id='word_1_21' title='bbox 373 487 474 512; x_wconf 86' lang='lat' dir='ltr'>castro</span> <span class='ocrx_word' id='word_1_22' title='bbox 493 482 667 511; x_wconf 74' lang='lat' dir='ltr'>&#39;l‘rebarum</span> <span class='ocrx_word' id='word_1_23' title='bbox 685 490 783 520; x_wconf 81' lang='lat' dir='ltr'>usque</span> <span class='ocrx_word' id='word_1_24' title='bbox 799 481 838 510; x_wconf 87' lang='lat' dir='ltr'>ad</span> <span class='ocrx_word' id='word_1_25' title='bbox 855 480 1089 519; x_wconf 79' lang='lat' dir='ltr'>beneplacitum</span> <span class='ocrx_word' id='word_1_26' title='bbox 1111 489 1217 516; x_wconf 74' lang='lat' dir='ltr'>suum,</span> 
     </span>
     <span class='ocr_line' id='line_1_5' title="bbox 214 532 1217 571; baseline -0.004 -6"><span class='ocrx_word' id='word_1_27' title='bbox 214 535 273 565; x_wconf 85' lang='lat' dir='ltr'>sub</span> <span class='ocrx_word' id='word_1_28' title='bbox 297 543 405 564; x_wconf 87' lang='lat' dir='ltr'>annuo</span> <span class='ocrx_word' id='word_1_29' title='bbox 435 543 532 564; x_wconf 86' lang='lat' dir='ltr'>censu</span> <span class='ocrx_word' id='word_1_30' title='bbox 558 534 674 571; x_wconf 72' lang='lat' dir='ltr'>viginti</span> <span class='ocrx_word' id='word_1_31' title='bbox 701 533 874 563; x_wconf 89' lang='lat' dir='ltr'>solidorum</span> <span class='ocrx_word' id='word_1_32' title='bbox 900 533 1161 571; x_wconf 74' lang='lat' dir='ltr'>proveniensium</span> <span class='ocrx_word' id='word_1_33' title='bbox 1184 532 1217 562; x_wconf 92' lang='lat' dir='ltr'>in</span> 
     </span>
     <span class='ocr_line' id='line_1_6' title="bbox 214 585 1217 624; baseline -0.002 -7"><span class='ocrx_word' id='word_1_34' title='bbox 214 588 292 618; x_wconf 80' lang='lat' dir='ltr'>festo</span> <span class='ocrx_word' id='word_1_35' title='bbox 315 586 566 616; x_wconf 82' lang='lat' dir='ltr'>Resurrectionis</span> <span class='ocrx_word' id='word_1_36' title='bbox 585 586 765 616; x_wconf 81' lang='lat' dir='ltr'>dominicae</span> <span class='ocrx_word' id='word_1_37' title='bbox 783 594 927 616; x_wconf 87' lang='lat' dir='ltr'>camerae</span> <span class='ocrx_word' id='word_1_38' title='bbox 945 585 1133 624; x_wconf 88' lang='lat' dir='ltr'>apostolicae</span> <span class='ocrx_word' id='word_1_39' title='bbox 1155 585 1217 615; x_wconf 89' lang='lat' dir='ltr'>sol-</span> 
     </span>
    </p>
   </div>
   <div class='ocr_carea' id='block_1_3' title="bbox 213 639 1217 731">
    <p class='ocr_par' dir='ltr' id='par_1_3' title="bbox 213 639 1217 731">
     <span class='ocr_line' id='line_1_7' title="bbox 213 639 502 676; baseline -0.007 -7"><span class='ocrx_word' id='word_1_40' title='bbox 213 640 330 676; x_wconf 84' lang='lat' dir='ltr'>vendo,</span> <span class='ocrx_word' id='word_1_41' title='bbox 348 639 502 668; x_wconf 77' lang='lat' dir='ltr'>concedit.</span> 
     </span>
     <span class='ocr_line' id='line_1_8' title="bbox 253 691 1217 731; baseline 0.002 -11"><span class='ocrx_word' id='word_1_42' title='bbox 253 705 268 720; x_wconf 90' lang='lat'>«</span> <span class='ocrx_word' id='word_1_43' title='bbox 286 692 417 722; x_wconf 86' lang='lat' dir='ltr'>Sincere</span> <span class='ocrx_word' id='word_1_44' title='bbox 433 691 615 721; x_wconf 77' lang='lat' dir='ltr'>dilectionis</span> <span class='ocrx_word' id='word_1_45' title='bbox 629 692 817 721; x_wconf 78' lang='lat' dir='ltr'>affectum...</span> <span class='ocrx_word' id='word_1_46' title='bbox 836 709 875 713; x_wconf 97' lang='lat'><strong>—</strong></span> <span class='ocrx_word' id='word_1_47' title='bbox 891 692 962 722; x_wconf 88' lang='lat' dir='ltr'>Dat.</span> <span class='ocrx_word' id='word_1_48' title='bbox 981 692 1093 731; x_wconf 85' lang='lat' dir='ltr'>Rome,</span> <span class='ocrx_word' id='word_1_49' title='bbox 1111 702 1142 722; x_wconf 84' lang='lat' dir='ltr'>vr</span> <span class='ocrx_word' id='word_1_50' title='bbox 1159 692 1217 722; x_wconf 85' lang='lat' dir='ltr'>ka-</span> 
     </span>
    </p>
   </div>
   <div class='ocr_carea' id='block_1_4' title="bbox 211 745 564 775">
    <p class='ocr_par' dir='ltr' id='par_1_4' title="bbox 211 745 564 775">
     <span class='ocr_line' id='line_1_9' title="bbox 211 745 564 775; baseline -0.008 0"><span class='ocrx_word' id='word_1_51' title='bbox 211 745 321 775; x_wconf 86' lang='lat' dir='ltr'>lendas</span> <span class='ocrx_word' id='word_1_52' title='bbox 337 745 531 775; x_wconf 81' lang='lat' dir='ltr'>novembris.</span> <span class='ocrx_word' id='word_1_53' title='bbox 549 756 564 772; x_wconf 91' lang='lat'>»</span> 
     </span>
    </p>
   </div>
   <div class='ocr_carea' id='block_1_5' title="bbox 282 916 396 945">
    <p class='ocr_par' dir='ltr' id='par_1_5' title="bbox 282 916 396 945">
     <span class='ocr_line' id='line_1_10' title="bbox 282 916 396 945; baseline 0.009 -1"><span class='ocrx_word' id='word_1_54' title='bbox 282 916 396 945; x_wconf 61' lang='lat'><em>*2188</em></span> 
     </span>
    </p>
   </div>
   <div class='ocr_carea' id='block_1_6' title="bbox 244 977 750 1014">
    <p class='ocr_par' dir='ltr' id='par_1_6' title="bbox 244 977 750 1014">
     <span class='ocr_line' id='line_1_11' title="bbox 244 977 750 1014; baseline 0.004 -10"><span class='ocrx_word' id='word_1_55' title='bbox 244 977 286 1005; x_wconf 92' lang='lat' dir='ltr'>De</span> <span class='ocrx_word' id='word_1_56' title='bbox 302 978 401 1005; x_wconf 80' lang='lat' dir='ltr'>eodem</span> <span class='ocrx_word' id='word_1_57' title='bbox 419 980 545 1013; x_wconf 81' lang='lat' dir='ltr'>negotio.</span> <span class='ocrx_word' id='word_1_58' title='bbox 563 979 634 1012; x_wconf 86' lang='lat' dir='ltr'>(Fol.</span> <span class='ocrx_word' id='word_1_59' title='bbox 653 979 683 1006; x_wconf 85' lang='lat'>31</span> <span class='ocrx_word' id='word_1_60' title='bbox 701 981 750 1014; x_wconf 69' lang='lat' dir='ltr'>vv.)</span> 
     </span>
    </p>
   </div>
   <div class='ocr_carea' id='block_1_7' title="bbox 506 916 1144 952">
    <p class='ocr_par' dir='ltr' id='par_1_7' title="bbox 506 916 1144 952">
     <span class='ocr_line' id='line_1_12' title="bbox 506 916 1144 952; baseline 0.002 -9"><span class='ocrx_word' id='word_1_61' title='bbox 506 916 866 952; x_wconf 78' lang='lat' dir='ltr'>Sainte-Marie-MaJeure,</span> <span class='ocrx_word' id='word_1_62' title='bbox 882 918 915 944; x_wconf 79' lang='lat'>‘27</span> <span class='ocrx_word' id='word_1_63' title='bbox 932 918 1049 945; x_wconf 82' lang='lat' dir='ltr'>octobre</span> <span class='ocrx_word' id='word_1_64' title='bbox 1066 918 1144 946; x_wconf 75' lang='lat'>1288.</span> 
     </span>
    </p>
   </div>
   <div class='ocr_carea' id='block_1_8' title="bbox 207 1081 1212 1228">
    <p class='ocr_par' dir='ltr' id='par_1_8' title="bbox 207 1081 1212 1228">
     <span class='ocr_line' id='line_1_13' title="bbox 247 1081 1212 1120; baseline 0.004 -11"><span class='ocrx_word' id='word_1_65' title='bbox 247 1081 368 1110; x_wconf 82' lang='lat' dir='ltr'>Dilectis</span> <span class='ocrx_word' id='word_1_66' title='bbox 402 1081 479 1117; x_wconf 75' lang='lat' dir='ltr'>filiis</span> <span class='ocrx_word' id='word_1_67' title='bbox 511 1083 664 1111; x_wconf 75' lang='lat' dir='ltr'>universis</span> <span class='ocrx_word' id='word_1_68' title='bbox 695 1082 868 1111; x_wconf 80' lang='lat' dir='ltr'>hominibus</span> <span class='ocrx_word' id='word_1_69' title='bbox 898 1084 991 1112; x_wconf 78' lang='lat' dir='ltr'><em>castri</em></span> <span class='ocrx_word' id='word_1_70' title='bbox 1025 1084 1046 1113; x_wconf 94' lang='lat' dir='ltr'><em>T</em></span> <span class='ocrx_word' id='word_1_71' title='bbox 1046 1085 1190 1113; x_wconf 81' lang='lat' dir='ltr'>rebarum</span> <span class='ocrx_word' id='word_1_72' title='bbox 1206 1107 1212 1120; x_wconf 90' lang='lat'>‚</span> 
     </span>
     <span class='ocr_line' id='line_1_14' title="bbox 207 1134 516 1170; baseline 0.003 -9"><span class='ocrx_word' id='word_1_73' title='bbox 207 1134 314 1170; x_wconf 77' lang='lat' dir='ltr'>Anayn</span> <span class='ocrx_word' id='word_1_74' title='bbox 321 1134 368 1162; x_wconf 83' lang='lat' dir='ltr'>ine</span> <span class='ocrx_word' id='word_1_75' title='bbox 383 1134 516 1163; x_wconf 77' lang='lat' dir='ltr'>diocesis.</span> 
     </span>
     <span class='ocr_line' id='line_1_15' title="bbox 249 1186 1051 1228; baseline 0.001 -13"><span class='ocrx_word' id='word_1_76' title='bbox 249 1199 262 1213; x_wconf 90' lang='lat'>«</span> <span class='ocrx_word' id='word_1_77' title='bbox 280 1186 361 1216; x_wconf 88' lang='lat' dir='ltr'>Cum</span> <span class='ocrx_word' id='word_1_78' title='bbox 377 1186 492 1217; x_wconf 88' lang='lat' dir='ltr'>dilecto</span> <span class='ocrx_word' id='word_1_79' title='bbox 505 1186 609 1217; x_wconf 83' lang='lat' dir='ltr'>filio...</span> <span class='ocrx_word' id='word_1_80' title='bbox 626 1203 667 1210; x_wconf 93' lang='lat'><strong>—</strong></span> <span class='ocrx_word' id='word_1_81' title='bbox 682 1188 761 1217; x_wconf 79' lang='lat' dir='ltr'>Data</span> <span class='ocrx_word' id='word_1_82' title='bbox 778 1188 842 1227; x_wconf 81' lang='lat' dir='ltr'>(sic)</span> <span class='ocrx_word' id='word_1_83' title='bbox 860 1192 895 1218; x_wconf 88' lang='lat' dir='ltr'>ut</span> <span class='ocrx_word' id='word_1_84' title='bbox 912 1198 1017 1228; x_wconf 87' lang='lat' dir='ltr'>supra.</span> <span class='ocrx_word' id='word_1_85' title='bbox 1038 1202 1051 1216; x_wconf 69' lang='grc' dir='ltr'><em>η</em></span> 
     </span>
    </p>
   </div>
   <div class='ocr_carea' id='block_1_9' title="bbox 277 1379 394 1408">
    <p class='ocr_par' dir='ltr' id='par_1_9' title="bbox 277 1379 394 1408">
     <span class='ocr_line' id='line_1_16' title="bbox 277 1379 394 1408; baseline 0.009 -1"><span class='ocrx_word' id='word_1_86' title='bbox 277 1379 394 1408; x_wconf 64' lang='grc' dir='ltr'>’71δῖ</span> 
     </span>
    </p>
   </div>
   <div class='ocr_carea' id='block_1_10' title="bbox 205 1442 1212 1529">
    <p class='ocr_par' dir='ltr' id='par_1_10' title="bbox 205 1442 1212 1529">
     <span class='ocr_line' id='line_1_17' title="bbox 240 1442 1212 1478; baseline 0.007 -10"><span class='ocrx_word' id='word_1_87' title='bbox 240 1442 469 1478; x_wconf 85' lang='lat' dir='ltr'>Archiepiscopo</span> <span class='ocrx_word' id='word_1_88' title='bbox 494 1442 703 1470; x_wconf 81' lang='lat' dir='ltr'>Terraconensi</span> <span class='ocrx_word' id='word_1_89' title='bbox 726 1444 870 1471; x_wconf 80' lang='lat' dir='ltr'>licentiam</span> <span class='ocrx_word' id='word_1_90' title='bbox 891 1446 1021 1473; x_wconf 85' lang='lat' dir='ltr'>concedit</span> <span class='ocrx_word' id='word_1_91' title='bbox 1048 1449 1212 1475; x_wconf 90' lang='lat' dir='ltr'>communi-</span> 
     </span>
     <span class='ocr_line' id='line_1_18' title="bbox 205 1491 1212 1529; baseline 0.006 -12"><span class='ocrx_word' id='word_1_92' title='bbox 205 1491 288 1518; x_wconf 88' lang='lat' dir='ltr'>candi</span> <span class='ocrx_word' id='word_1_93' title='bbox 301 1500 366 1518; x_wconf 91' lang='lat' dir='ltr'>cum</span> <span class='ocrx_word' id='word_1_94' title='bbox 383 1492 514 1523; x_wconf 79' lang='lat' dir='ltr'>Alfonso,</span> <span class='ocrx_word' id='word_1_95' title='bbox 531 1492 588 1518; x_wconf 88' lang='lat' dir='ltr'>filio</span> <span class='ocrx_word' id='word_1_96' title='bbox 605 1492 682 1519; x_wconf 86' lang='lat' dir='ltr'>Petri</span> <span class='ocrx_word' id='word_1_97' title='bbox 699 1494 765 1520; x_wconf 89' lang='lat' dir='ltr'>olim</span> <span class='ocrx_word' id='word_1_98' title='bbox 784 1495 861 1529; x_wconf 87' lang='lat' dir='ltr'>regis</span> <span class='ocrx_word' id='word_1_99' title='bbox 876 1494 1059 1529; x_wconf 80' lang='lat' dir='ltr'>Aragonum,</span> <span class='ocrx_word' id='word_1_100' title='bbox 1076 1504 1141 1523; x_wconf 90' lang='lat' dir='ltr'>eum</span> <span class='ocrx_word' id='word_1_101' title='bbox 1159 1505 1212 1523; x_wconf 88' lang='lat' dir='ltr'>no-</span> 
     </span>
    </p>
   </div>
   <div class='ocr_carea' id='block_1_11' title="bbox 501 1379 1140 1416">
    <p class='ocr_par' dir='ltr' id='par_1_11' title="bbox 501 1379 1140 1416">
     <span class='ocr_line' id='line_1_19' title="bbox 501 1379 1140 1416; baseline 0.008 -10"><span class='ocrx_word' id='word_1_102' title='bbox 501 1379 863 1416; x_wconf 75' lang='lat' dir='ltr'>Sainte-Marie-Majeure,</span> <span class='ocrx_word' id='word_1_103' title='bbox 881 1382 913 1409; x_wconf 85' lang='lat'>30</span> <span class='ocrx_word' id='word_1_104' title='bbox 930 1383 1046 1410; x_wconf 79' lang='lat' dir='ltr'>octobre</span> <span class='ocrx_word' id='word_1_105' title='bbox 1062 1383 1140 1412; x_wconf 65' lang='lat'>1288.</span> 
     </span>
    </p>
   </div>
   <div class='ocr_carea' id='block_1_12' title="bbox 204 1541 1210 1580">
    <p class='ocr_par' dir='ltr' id='par_1_12' title="bbox 204 1541 1210 1580">
     <span class='ocr_line' id='line_1_20' title="bbox 204 1541 1210 1580; baseline 0.006 -13"><span class='ocrx_word' id='word_1_106' title='bbox 204 1541 330 1567; x_wconf 88' lang='lat' dir='ltr'>minandi</span> <span class='ocrx_word' id='word_1_107' title='bbox 342 1550 439 1576; x_wconf 82' lang='lat' dir='ltr'>regem</span> <span class='ocrx_word' id='word_1_108' title='bbox 451 1543 535 1576; x_wconf 87' lang='lat' dir='ltr'>eique</span> <span class='ocrx_word' id='word_1_109' title='bbox 547 1542 658 1577; x_wconf 86' lang='lat' dir='ltr'>regium</span> <span class='ocrx_word' id='word_1_110' title='bbox 671 1543 809 1571; x_wconf 79' lang='lat' dir='ltr'>honorem</span> <span class='ocrx_word' id='word_1_111' title='bbox 822 1543 1015 1579; x_wconf 88' lang='lat' dir='ltr'>impendendi.</span> <span class='ocrx_word' id='word_1_112' title='bbox 1032 1545 1100 1578; x_wconf 90' lang='lat' dir='ltr'>(Fol.</span> <span class='ocrx_word' id='word_1_113' title='bbox 1115 1546 1144 1573; x_wconf 84' lang='lat'>31</span> <span class='ocrx_word' id='word_1_114' title='bbox 1159 1548 1210 1580; x_wconf 67' lang='grc' dir='ltr'>νῦ.)</span> 
     </span>
    </p>
   </div>
   <div class='ocr_carea' id='block_1_13' title="bbox 194 1644 1212 3013">
    <p class='ocr_par' dir='ltr' id='par_1_13' title="bbox 194 1644 1212 3013">
     <span class='ocr_line' id='line_1_21' title="bbox 250 1644 1212 1688; baseline 0.007 -16"><span class='ocrx_word' id='word_1_115' title='bbox 250 1644 418 1673; x_wconf 73' lang='lat' dir='ltr'>Venerabili</span> <span class='ocrx_word' id='word_1_116' title='bbox 427 1646 522 1681; x_wconf 73' lang='lat' dir='ltr'>fratri</span> <span class='ocrx_word' id='word_1_117' title='bbox 536 1646 582 1680; x_wconf 75' lang='lat' dir='ltr'>R.,</span> <span class='ocrx_word' id='word_1_118' title='bbox 601 1646 823 1685; x_wconf 73' lang='lat' dir='ltr'>archiepiscopo</span> <span class='ocrx_word' id='word_1_119' title='bbox 839 1648 1063 1678; x_wconf 81' lang='lat' dir='ltr'>Terraconensi.</span> <span class='ocrx_word' id='word_1_120' title='bbox 1081 1660 1094 1675; x_wconf 68' lang='lat' dir='ltr'>a</span> <span class='ocrx_word' id='word_1_121' title='bbox 1113 1649 1212 1688; x_wconf 82' lang='lat' dir='ltr'>Expo-</span> 
     </span>
     <span class='ocr_line' id='line_1_22' title="bbox 204 1697 1211 1739; baseline 0.007 -13"><span class='ocrx_word' id='word_1_122' title='bbox 204 1697 296 1727; x_wconf 90' lang='lat' dir='ltr'>suisti</span> <span class='ocrx_word' id='word_1_123' title='bbox 312 1697 403 1727; x_wconf 88' lang='lat' dir='ltr'>nobis</span> <span class='ocrx_word' id='word_1_124' title='bbox 419 1698 503 1736; x_wconf 84' lang='lat' dir='ltr'>quod</span> <span class='ocrx_word' id='word_1_125' title='bbox 527 1707 581 1737; x_wconf 87' lang='lat' dir='ltr'>pro</span> <span class='ocrx_word' id='word_1_126' title='bbox 605 1698 737 1729; x_wconf 82' lang='lat' dir='ltr'>ecclesie</span> <span class='ocrx_word' id='word_1_127' title='bbox 763 1703 815 1730; x_wconf 89' lang='lat' dir='ltr'>tue</span> <span class='ocrx_word' id='word_1_128' title='bbox 834 1700 927 1730; x_wconf 89' lang='lat' dir='ltr'>bonis</span> <span class='ocrx_word' id='word_1_129' title='bbox 946 1704 974 1730; x_wconf 91' lang='lat' dir='ltr'>et</span> <span class='ocrx_word' id='word_1_130' title='bbox 986 1702 1114 1739; x_wconf 84' lang='lat' dir='ltr'>juribus</span> <span class='ocrx_word' id='word_1_131' title='bbox 1133 1712 1211 1733; x_wconf 90' lang='lat' dir='ltr'>con-</span> 
     </span>
     <span class='ocr_line' id='line_1_23' title="bbox 206 1751 1210 1793; baseline 0.006 -13"><span class='ocrx_word' id='word_1_132' title='bbox 206 1751 372 1781; x_wconf 82' lang='lat' dir='ltr'>servandis</span> <span class='ocrx_word' id='word_1_133' title='bbox 388 1756 510 1791; x_wconf 81' lang='lat' dir='ltr'>oportet</span> <span class='ocrx_word' id='word_1_134' title='bbox 527 1756 555 1782; x_wconf 91' lang='lat' dir='ltr'>te</span> <span class='ocrx_word' id='word_1_135' title='bbox 573 1754 782 1791; x_wconf 79' lang='lat' dir='ltr'>personaliter</span> <span class='ocrx_word' id='word_1_136' title='bbox 800 1754 963 1784; x_wconf 89' lang='lat' dir='ltr'>interdum</span> <span class='ocrx_word' id='word_1_137' title='bbox 979 1756 1139 1793; x_wconf 78' lang='lat' dir='ltr'>accedere,</span> <span class='ocrx_word' id='word_1_138' title='bbox 1160 1757 1210 1786; x_wconf 91' lang='lat' dir='ltr'>in-</span> 
     </span>
     <span class='ocr_line' id='line_1_24' title="bbox 205 1804 1212 1844; baseline 0.007 -11"><span class='ocrx_word' id='word_1_139' title='bbox 205 1804 330 1833; x_wconf 89' lang='lat' dir='ltr'>terdum</span> <span class='ocrx_word' id='word_1_140' title='bbox 347 1813 420 1835; x_wconf 90' lang='lat' dir='ltr'>vero</span> <span class='ocrx_word' id='word_1_141' title='bbox 442 1805 618 1836; x_wconf 78' lang='lat' dir='ltr'>familiares</span> <span class='ocrx_word' id='word_1_142' title='bbox 637 1811 666 1836; x_wconf 93' lang='lat' dir='ltr'>et</span> <span class='ocrx_word' id='word_1_143' title='bbox 683 1807 813 1837; x_wconf 89' lang='lat' dir='ltr'>nuntios</span> <span class='ocrx_word' id='word_1_144' title='bbox 835 1812 918 1844; x_wconf 87' lang='lat' dir='ltr'>tuos,</span> <span class='ocrx_word' id='word_1_145' title='bbox 940 1809 1036 1838; x_wconf 88' lang='lat' dir='ltr'>etiam</span> <span class='ocrx_word' id='word_1_146' title='bbox 1055 1818 1129 1839; x_wconf 86' lang='lat' dir='ltr'>cum</span> <span class='ocrx_word' id='word_1_147' title='bbox 1149 1810 1212 1841; x_wconf 89' lang='lat' dir='ltr'>tuis</span> 
     </span>
     <span class='ocr_line' id='line_1_25' title="bbox 205 1856 1212 1902; baseline 0.007 -16"><span class='ocrx_word' id='word_1_148' title='bbox 205 1856 329 1894; x_wconf 84' lang='lat' dir='ltr'>litteris,</span> <span class='ocrx_word' id='word_1_149' title='bbox 353 1857 391 1887; x_wconf 88' lang='lat' dir='ltr'>ad</span> <span class='ocrx_word' id='word_1_150' title='bbox 409 1858 591 1895; x_wconf 88' lang='lat' dir='ltr'>Alfonsum,</span> <span class='ocrx_word' id='word_1_151' title='bbox 617 1865 729 1890; x_wconf 85' lang='lat' dir='ltr'>natum</span> <span class='ocrx_word' id='word_1_152' title='bbox 746 1861 909 1900; x_wconf 85' lang='lat' dir='ltr'>quondam</span> <span class='ocrx_word' id='word_1_153' title='bbox 927 1862 1012 1892; x_wconf 86' lang='lat' dir='ltr'>Petri</span> <span class='ocrx_word' id='word_1_154' title='bbox 1029 1862 1108 1893; x_wconf 89' lang='lat' dir='ltr'>olim</span> <span class='ocrx_word' id='word_1_155' title='bbox 1126 1864 1212 1902; x_wconf 81' lang='lat' dir='ltr'>regis</span> 
     </span>
     <span class='ocr_line' id='line_1_26' title="bbox 202 1911 1211 1952; baseline 0.008 -13"><span class='ocrx_word' id='word_1_156' title='bbox 202 1911 402 1949; x_wconf 63' lang='lat' dir='ltr'>magonam,</span> <span class='ocrx_word' id='word_1_157' title='bbox 417 1911 589 1950; x_wconf 87' lang='lat' dir='ltr'>destinare,</span> <span class='ocrx_word' id='word_1_158' title='bbox 605 1913 815 1952; x_wconf 83' lang='lat' dir='ltr'>ipsumquein</span> <span class='ocrx_word' id='word_1_159' title='bbox 829 1915 950 1944; x_wconf 83' lang='lat' dir='ltr'>eisdem</span> <span class='ocrx_word' id='word_1_160' title='bbox 963 1915 1077 1946; x_wconf 87' lang='lat' dir='ltr'>litteris</span> <span class='ocrx_word' id='word_1_161' title='bbox 1089 1921 1119 1946; x_wconf 86' lang='lat' dir='ltr'>et</span> <span class='ocrx_word' id='word_1_162' title='bbox 1132 1917 1211 1947; x_wconf 78' lang='lat' dir='ltr'>alias</span> 
     </span>
     <span class='ocr_line' id='line_1_27' title="bbox 202 1963 1211 2007; baseline 0.008 -15"><span class='ocrx_word' id='word_1_163' title='bbox 202 1963 297 1993; x_wconf 88' lang='lat' dir='ltr'>etiam</span> <span class='ocrx_word' id='word_1_164' title='bbox 313 1964 480 1994; x_wconf 89' lang='lat' dir='ltr'>nominare</span> <span class='ocrx_word' id='word_1_165' title='bbox 497 1974 615 2003; x_wconf 80' lang='lat' dir='ltr'>regem,</span> <span class='ocrx_word' id='word_1_166' title='bbox 632 1966 757 2005; x_wconf 85' lang='lat' dir='ltr'>sibique</span> <span class='ocrx_word' id='word_1_167' title='bbox 769 1967 926 1998; x_wconf 89' lang='lat' dir='ltr'>honorem</span> <span class='ocrx_word' id='word_1_168' title='bbox 943 1968 1131 2007; x_wconf 87' lang='lat' dir='ltr'>impendere</span> <span class='ocrx_word' id='word_1_169' title='bbox 1145 1973 1211 1999; x_wconf 90' lang='lat' dir='ltr'>tan-</span> 
     </span>
     <span class='ocr_line' id='line_1_28' title="bbox 201 2017 1211 2058; baseline 0.007 -12"><span class='ocrx_word' id='word_1_170' title='bbox 201 2025 298 2055; x_wconf 87' lang='lat' dir='ltr'>quam</span> <span class='ocrx_word' id='word_1_171' title='bbox 320 2017 398 2055; x_wconf 79' lang='lat' dir='ltr'>regi,</span> <span class='ocrx_word' id='word_1_172' title='bbox 416 2026 488 2047; x_wconf 91' lang='lat' dir='ltr'>cum</span> <span class='ocrx_word' id='word_1_173' title='bbox 508 2018 600 2048; x_wconf 90' lang='lat' dir='ltr'>aliter</span> <span class='ocrx_word' id='word_1_174' title='bbox 623 2019 728 2058; x_wconf 91' lang='lat' dir='ltr'>ipsum</span> <span class='ocrx_word' id='word_1_175' title='bbox 746 2020 834 2050; x_wconf 91' lang='lat' dir='ltr'>adire</span> <span class='ocrx_word' id='word_1_176' title='bbox 851 2020 901 2050; x_wconf 88' lang='lat' dir='ltr'>vel</span> <span class='ocrx_word' id='word_1_177' title='bbox 922 2021 1020 2052; x_wconf 87' lang='lat' dir='ltr'>dictos</span> <span class='ocrx_word' id='word_1_178' title='bbox 1037 2022 1211 2053; x_wconf 80' lang='lat' dir='ltr'>familiares</span> 
     </span>
     <span class='ocr_line' id='line_1_29' title="bbox 200 2071 1210 2112; baseline 0.008 -13"><span class='ocrx_word' id='word_1_179' title='bbox 200 2074 256 2099; x_wconf 89' lang='lat' dir='ltr'>aut</span> <span class='ocrx_word' id='word_1_180' title='bbox 270 2071 402 2100; x_wconf 89' lang='lat' dir='ltr'>nuntios</span> <span class='ocrx_word' id='word_1_181' title='bbox 419 2071 457 2100; x_wconf 89' lang='lat' dir='ltr'>ad</span> <span class='ocrx_word' id='word_1_182' title='bbox 474 2080 547 2101; x_wconf 90' lang='lat' dir='ltr'>eum</span> <span class='ocrx_word' id='word_1_183' title='bbox 568 2072 707 2111; x_wconf 84' lang='lat' dir='ltr'>dirigere</span> <span class='ocrx_word' id='word_1_184' title='bbox 723 2082 786 2103; x_wconf 92' lang='lat' dir='ltr'>non</span> <span class='ocrx_word' id='word_1_185' title='bbox 803 2074 948 2112; x_wconf 88' lang='lat' dir='ltr'>auderes,</span> <span class='ocrx_word' id='word_1_186' title='bbox 967 2079 1012 2105; x_wconf 88' lang='lat' dir='ltr'>set</span> <span class='ocrx_word' id='word_1_187' title='bbox 1027 2076 1210 2107; x_wconf 85' lang='lat' dir='ltr'>obsistenti-</span> 
     </span>
     <span class='ocr_line' id='line_1_30' title="bbox 200 2123 1211 2168; baseline 0.009 -17"><span class='ocrx_word' id='word_1_188' title='bbox 200 2123 259 2152; x_wconf 86' lang='lat' dir='ltr'>bus</span> <span class='ocrx_word' id='word_1_189' title='bbox 274 2125 615 2155; x_wconf 76' lang='lat' dir='ltr'>excommunicationis</span> <span class='ocrx_word' id='word_1_190' title='bbox 632 2130 661 2155; x_wconf 88' lang='lat' dir='ltr'>et</span> <span class='ocrx_word' id='word_1_191' title='bbox 680 2126 841 2157; x_wconf 81' lang='lat' dir='ltr'>interdicti</span> <span class='ocrx_word' id='word_1_192' title='bbox 862 2129 1029 2158; x_wconf 80' lang='lat' dir='ltr'>sententiis</span> <span class='ocrx_word' id='word_1_193' title='bbox 1046 2139 1123 2168; x_wconf 84' lang='lat' dir='ltr'>quas</span> <span class='ocrx_word' id='word_1_194' title='bbox 1140 2130 1211 2160; x_wconf 88' lang='lat' dir='ltr'>feli-</span> 
     </span>
     <span class='ocr_line' id='line_1_31' title="bbox 200 2177 1212 2221; baseline 0.009 -16"><span class='ocrx_word' id='word_1_195' title='bbox 200 2177 244 2206; x_wconf 85' lang='lat' dir='ltr'>cis</span> <span class='ocrx_word' id='word_1_196' title='bbox 270 2177 499 2207; x_wconf 80' lang='lat' dir='ltr'>recordationis</span> <span class='ocrx_word' id='word_1_197' title='bbox 521 2180 678 2209; x_wconf 86' lang='lat' dir='ltr'>Martinus</span> <span class='ocrx_word' id='word_1_198' title='bbox 706 2189 785 2219; x_wconf 88' lang='lat' dir='ltr'>papa</span> <span class='ocrx_word' id='word_1_199' title='bbox 810 2181 926 2219; x_wconf 60' lang='lat' dir='ltr'>IlIItu·‚</span> <span class='ocrx_word' id='word_1_200' title='bbox 951 2183 1162 2221; x_wconf 85' lang='lat' dir='ltr'>predecessor,</span> <span class='ocrx_word' id='word_1_201' title='bbox 1181 2188 1212 2214; x_wconf 89' lang='lat' dir='ltr'>et</span> 
     </span>
     <span class='ocr_line' id='line_1_32' title="bbox 200 2229 1210 2276; baseline 0.009 -18"><span class='ocrx_word' id='word_1_202' title='bbox 200 2229 295 2259; x_wconf 89' lang='lat' dir='ltr'>etiam</span> <span class='ocrx_word' id='word_1_203' title='bbox 312 2230 447 2260; x_wconf 89' lang='lat' dir='ltr'>dilectus</span> <span class='ocrx_word' id='word_1_204' title='bbox 464 2231 550 2261; x_wconf 84' lang='lat' dir='ltr'>silius</span> <span class='ocrx_word' id='word_1_205' title='bbox 567 2233 666 2262; x_wconf 88' lang='lat' dir='ltr'>nostri</span> <span class='ocrx_word' id='word_1_206' title='bbox 684 2233 729 2270; x_wconf 86' lang='lat' dir='ltr'>J.,</span> <span class='ocrx_word' id='word_1_207' title='bbox 752 2234 835 2264; x_wconf 87' lang='lat' dir='ltr'>tituli</span> <span class='ocrx_word' id='word_1_208' title='bbox 857 2235 971 2265; x_wconf 82' lang='lat' dir='ltr'>Sancte</span> <span class='ocrx_word' id='word_1_209' title='bbox 987 2236 1106 2266; x_wconf 87' lang='lat' dir='ltr'>Cecilie</span> <span class='ocrx_word' id='word_1_210' title='bbox 1121 2246 1210 2276; x_wconf 88' lang='lat' dir='ltr'>pres-</span> 
     </span>
     <span class='ocr_line' id='line_1_33' title="bbox 200 2283 1208 2329; baseline 0.009 -17"><span class='ocrx_word' id='word_1_211' title='bbox 200 2283 292 2322; x_wconf 74' lang='lat' dir='ltr'>byter</span> <span class='ocrx_word' id='word_1_212' title='bbox 303 2284 488 2321; x_wconf 87' lang='lat' dir='ltr'>cardinalis,</span> <span class='ocrx_word' id='word_1_213' title='bbox 506 2286 540 2314; x_wconf 91' lang='lat' dir='ltr'>in</span> <span class='ocrx_word' id='word_1_214' title='bbox 555 2286 699 2324; x_wconf 87' lang='lat' dir='ltr'>partibus</span> <span class='ocrx_word' id='word_1_215' title='bbox 713 2287 780 2317; x_wconf 89' lang='lat' dir='ltr'>illis</span> <span class='ocrx_word' id='word_1_216' title='bbox 794 2289 964 2327; x_wconf 88' lang='lat' dir='ltr'>apostolice</span> <span class='ocrx_word' id='word_1_217' title='bbox 978 2290 1062 2320; x_wconf 88' lang='lat' dir='ltr'>sedis</span> <span class='ocrx_word' id='word_1_218' title='bbox 1073 2290 1208 2329; x_wconf 84' lang='lat' dir='ltr'>legatus,</span> 
     </span>
     <span class='ocr_line' id='line_1_34' title="bbox 200 2337 1210 2381; baseline 0.009 -16"><span class='ocrx_word' id='word_1_219' title='bbox 200 2337 234 2366; x_wconf 89' lang='lat' dir='ltr'>in</span> <span class='ocrx_word' id='word_1_220' title='bbox 255 2337 393 2367; x_wconf 90' lang='lat' dir='ltr'>eundem</span> <span class='ocrx_word' id='word_1_221' title='bbox 411 2338 543 2367; x_wconf 88' lang='lat' dir='ltr'>Petrum</span> <span class='ocrx_word' id='word_1_222' title='bbox 560 2344 590 2368; x_wconf 89' lang='lat' dir='ltr'>et</span> <span class='ocrx_word' id='word_1_223' title='bbox 605 2339 639 2368; x_wconf 88' lang='lat' dir='ltr'>in</span> <span class='ocrx_word' id='word_1_224' title='bbox 655 2348 767 2370; x_wconf 85' lang='lat' dir='ltr'>omnes</span> <span class='ocrx_word' id='word_1_225' title='bbox 783 2341 954 2381; x_wconf 82' lang='lat' dir='ltr'>complices</span> <span class='ocrx_word' id='word_1_226' title='bbox 971 2347 1001 2372; x_wconf 90' lang='lat' dir='ltr'>et</span> <span class='ocrx_word' id='word_1_227' title='bbox 1016 2343 1154 2374; x_wconf 85' lang='lat' dir='ltr'>fautores</span> <span class='ocrx_word' id='word_1_228' title='bbox 1172 2344 1210 2373; x_wconf 88' lang='lat' dir='ltr'>il-</span> 
     </span>
     <span class='ocr_line' id='line_1_35' title="bbox 198 2387 1208 2435; baseline 0.01 -17"><span class='ocrx_word' id='word_1_229' title='bbox 198 2389 262 2419; x_wconf 89' lang='lat' dir='ltr'>lius</span> <span class='ocrx_word' id='word_1_230' title='bbox 279 2387 432 2420; x_wconf 73' lang='lat' dir='ltr'>hactenus</span> <span class='ocrx_word' id='word_1_231' title='bbox 448 2392 712 2431; x_wconf 83' lang='lat' dir='ltr'>promulgarunt,</span> <span class='ocrx_word' id='word_1_232' title='bbox 731 2403 767 2423; x_wconf 86' lang='lat' dir='ltr'>ea</span> <span class='ocrx_word' id='word_1_233' title='bbox 784 2403 847 2424; x_wconf 88' lang='lat' dir='ltr'>non</span> <span class='ocrx_word' id='word_1_234' title='bbox 872 2400 959 2434; x_wconf 91' lang='lat' dir='ltr'>potes</span> <span class='ocrx_word' id='word_1_235' title='bbox 983 2397 1157 2435; x_wconf 88' lang='lat' dir='ltr'>producere</span> <span class='ocrx_word' id='word_1_236' title='bbox 1174 2398 1208 2427; x_wconf 91' lang='lat' dir='ltr'>in</span> 
     </span>
     <span class='ocr_line' id='line_1_36' title="bbox 199 2444 1209 2488; baseline 0.009 -15"><span class='ocrx_word' id='word_1_237' title='bbox 199 2444 384 2474; x_wconf 82' lang='lat' dir='ltr'>effectum...</span> <span class='ocrx_word' id='word_1_238' title='bbox 402 2445 474 2474; x_wconf 85' lang='lat' dir='ltr'>Tibi</span> <span class='ocrx_word' id='word_1_239' title='bbox 493 2446 595 2484; x_wconf 84' lang='lat' dir='ltr'>quod,</span> <span class='ocrx_word' id='word_1_240' title='bbox 617 2447 643 2476; x_wconf 86' lang='lat' dir='ltr'>si</span> <span class='ocrx_word' id='word_1_241' title='bbox 659 2448 829 2486; x_wconf 82' lang='lat' dir='ltr'>contigerit</span> <span class='ocrx_word' id='word_1_242' title='bbox 845 2453 873 2479; x_wconf 90' lang='lat' dir='ltr'>te</span> <span class='ocrx_word' id='word_1_243' title='bbox 895 2459 950 2488; x_wconf 91' lang='lat' dir='ltr'>pro</span> <span class='ocrx_word' id='word_1_244' title='bbox 967 2450 1067 2481; x_wconf 85' lang='lat' dir='ltr'>salute</span> <span class='ocrx_word' id='word_1_245' title='bbox 1082 2451 1209 2481; x_wconf 89' lang='lat' dir='ltr'>anima-</span> 
     </span>
     <span class='ocr_line' id='line_1_37' title="bbox 198 2498 1208 2537; baseline 0.011 -11"><span class='ocrx_word' id='word_1_246' title='bbox 198 2507 270 2528; x_wconf 90' lang='lat' dir='ltr'>rum</span> <span class='ocrx_word' id='word_1_247' title='bbox 287 2498 487 2528; x_wconf 86' lang='lat' dir='ltr'>subditorum</span> <span class='ocrx_word' id='word_1_248' title='bbox 508 2503 636 2530; x_wconf 90' lang='lat' dir='ltr'>tuorum</span> <span class='ocrx_word' id='word_1_249' title='bbox 655 2506 682 2531; x_wconf 87' lang='lat' dir='ltr'>et</span> <span class='ocrx_word' id='word_1_250' title='bbox 702 2504 944 2534; x_wconf 84' lang='lat' dir='ltr'>conservatione</span> <span class='ocrx_word' id='word_1_251' title='bbox 963 2513 998 2534; x_wconf 91' lang='lat' dir='ltr'>ac</span> <span class='ocrx_word' id='word_1_252' title='bbox 1021 2505 1208 2537; x_wconf 80' lang='lat' dir='ltr'>defensione</span> 
     </span>
     <span class='ocr_line' id='line_1_38' title="bbox 197 2551 1207 2595; baseline 0.009 -15"><span class='ocrx_word' id='word_1_253' title='bbox 197 2551 354 2581; x_wconf 89' lang='lat' dir='ltr'>bonorum</span> <span class='ocrx_word' id='word_1_254' title='bbox 379 2556 409 2581; x_wconf 93' lang='lat' dir='ltr'>et</span> <span class='ocrx_word' id='word_1_255' title='bbox 434 2552 558 2590; x_wconf 87' lang='lat' dir='ltr'>jurium</span> <span class='ocrx_word' id='word_1_256' title='bbox 585 2554 718 2584; x_wconf 85' lang='lat' dir='ltr'>ecclesie</span> <span class='ocrx_word' id='word_1_257' title='bbox 745 2560 796 2585; x_wconf 90' lang='lat' dir='ltr'>tue</span> <span class='ocrx_word' id='word_1_258' title='bbox 821 2557 961 2595; x_wconf 85' lang='lat' dir='ltr'>predicte</span> <span class='ocrx_word' id='word_1_259' title='bbox 983 2558 1148 2589; x_wconf 81' lang='lat' dir='ltr'>dumtaxat</span> <span class='ocrx_word' id='word_1_260' title='bbox 1168 2560 1207 2589; x_wconf 88' lang='lat' dir='ltr'>ad</span> 
     </span>
     <span class='ocr_line' id='line_1_39' title="bbox 198 2604 1206 2647; baseline 0.01 -15"><span class='ocrx_word' id='word_1_261' title='bbox 198 2604 337 2634; x_wconf 89' lang='lat' dir='ltr'>eundem</span> <span class='ocrx_word' id='word_1_262' title='bbox 354 2604 526 2635; x_wconf 86' lang='lat' dir='ltr'>Alfonsum</span> <span class='ocrx_word' id='word_1_263' title='bbox 545 2607 755 2645; x_wconf 84' lang='lat' dir='ltr'>personaliter</span> <span class='ocrx_word' id='word_1_264' title='bbox 770 2610 929 2647; x_wconf 85' lang='lat' dir='ltr'>accedere,</span> <span class='ocrx_word' id='word_1_265' title='bbox 952 2611 1002 2641; x_wconf 90' lang='lat' dir='ltr'>vel</span> <span class='ocrx_word' id='word_1_266' title='bbox 1018 2612 1056 2641; x_wconf 90' lang='lat' dir='ltr'>ad</span> <span class='ocrx_word' id='word_1_267' title='bbox 1075 2621 1149 2642; x_wconf 90' lang='lat' dir='ltr'>eum</span> <span class='ocrx_word' id='word_1_268' title='bbox 1165 2613 1206 2642; x_wconf 88' lang='lat' dir='ltr'>fa·</span> 
     </span>
     <span class='ocr_line' id='line_1_40' title="bbox 196 2657 1207 2704; baseline 0.01 -18"><span class='ocrx_word' id='word_1_269' title='bbox 196 2657 341 2688; x_wconf 84' lang='lat' dir='ltr'>niiliares</span> <span class='ocrx_word' id='word_1_270' title='bbox 357 2662 387 2688; x_wconf 88' lang='lat' dir='ltr'>et</span> <span class='ocrx_word' id='word_1_271' title='bbox 405 2659 535 2689; x_wconf 85' lang='lat' dir='ltr'>nuntios</span> <span class='ocrx_word' id='word_1_272' title='bbox 554 2664 622 2690; x_wconf 88' lang='lat' dir='ltr'>tuos</span> <span class='ocrx_word' id='word_1_273' title='bbox 639 2665 669 2690; x_wconf 89' lang='lat' dir='ltr'>et</span> <span class='ocrx_word' id='word_1_274' title='bbox 689 2661 809 2692; x_wconf 88' lang='lat' dir='ltr'>litteras</span> <span class='ocrx_word' id='word_1_275' title='bbox 831 2663 1007 2699; x_wconf 87' lang='lat' dir='ltr'>destinare,</span> <span class='ocrx_word' id='word_1_276' title='bbox 1035 2665 1207 2704; x_wconf 87' lang='lat' dir='ltr'>ipsumque</span> 
     </span>
     <span class='ocr_line' id='line_1_41' title="bbox 196 2711 1207 2756; baseline 0.009 -17"><span class='ocrx_word' id='word_1_277' title='bbox 196 2711 231 2740; x_wconf 89' lang='lat' dir='ltr'>iu</span> <span class='ocrx_word' id='word_1_278' title='bbox 248 2711 368 2741; x_wconf 89' lang='lat' dir='ltr'>eisdem</span> <span class='ocrx_word' id='word_1_279' title='bbox 384 2711 499 2741; x_wconf 87' lang='lat' dir='ltr'>litteris</span> <span class='ocrx_word' id='word_1_280' title='bbox 513 2717 542 2742; x_wconf 87' lang='lat' dir='ltr'>et</span> <span class='ocrx_word' id='word_1_281' title='bbox 560 2712 640 2743; x_wconf 83' lang='lat' dir='ltr'>alias</span> <span class='ocrx_word' id='word_1_282' title='bbox 657 2714 750 2744; x_wconf 90' lang='lat' dir='ltr'>etiam</span> <span class='ocrx_word' id='word_1_283' title='bbox 766 2719 793 2745; x_wconf 90' lang='lat' dir='ltr'>te</span> <span class='ocrx_word' id='word_1_284' title='bbox 805 2715 969 2756; x_wconf 86' lang='lat' dir='ltr'>dictosque</span> <span class='ocrx_word' id='word_1_285' title='bbox 985 2717 1161 2748; x_wconf 83' lang='lat' dir='ltr'>familiares</span> <span class='ocrx_word' id='word_1_286' title='bbox 1177 2724 1207 2748; x_wconf 88' lang='lat' dir='ltr'>et</span> 
     </span>
     <span class='ocr_line' id='line_1_42' title="bbox 196 2765 1204 2810; baseline 0.009 -18"><span class='ocrx_word' id='word_1_287' title='bbox 196 2765 326 2794; x_wconf 87' lang='lat' dir='ltr'>nuntios</span> <span class='ocrx_word' id='word_1_288' title='bbox 344 2765 513 2795; x_wconf 86' lang='lat' dir='ltr'>nominare</span> <span class='ocrx_word' id='word_1_289' title='bbox 529 2775 636 2804; x_wconf 84' lang='lat' dir='ltr'>regem</span> <span class='ocrx_word' id='word_1_290' title='bbox 654 2768 745 2806; x_wconf 80' lang='lat' dir='ltr'>eique</span> <span class='ocrx_word' id='word_1_291' title='bbox 770 2773 803 2798; x_wconf 90' lang='lat' dir='ltr'>ut</span> <span class='ocrx_word' id='word_1_292' title='bbox 822 2770 888 2808; x_wconf 82' lang='lat' dir='ltr'>regi</span> <span class='ocrx_word' id='word_1_293' title='bbox 906 2770 1062 2801; x_wconf 86' lang='lat' dir='ltr'>honorem</span> <span class='ocrx_word' id='word_1_294' title='bbox 1079 2771 1204 2810; x_wconf 85' lang='lat' dir='ltr'>impen-</span> 
     </span>
     <span class='ocr_line' id='line_1_43' title="bbox 195 2817 1204 2863; baseline 0.009 -17"><span class='ocrx_word' id='word_1_295' title='bbox 195 2817 269 2847; x_wconf 91' lang='lat' dir='ltr'>dere</span> <span class='ocrx_word' id='word_1_296' title='bbox 284 2826 320 2847; x_wconf 89' lang='lat' dir='ltr'>ac</span> <span class='ocrx_word' id='word_1_297' title='bbox 332 2817 451 2848; x_wconf 85' lang='lat' dir='ltr'>litteras</span> <span class='ocrx_word' id='word_1_298' title='bbox 464 2818 565 2849; x_wconf 83' lang='lat' dir='ltr'>facere</span> <span class='ocrx_word' id='word_1_299' title='bbox 579 2820 777 2859; x_wconf 87' lang='lat' dir='ltr'>supradictas</span> <span class='ocrx_word' id='word_1_300' title='bbox 790 2827 914 2861; x_wconf 86' lang='lat' dir='ltr'>propter</span> <span class='ocrx_word' id='word_1_301' title='bbox 928 2824 1204 2863; x_wconf 86' lang='lat' dir='ltr'>participationem</span> 
     </span>
     <span class='ocr_line' id='line_1_44' title="bbox 195 2870 1205 2910; baseline 0.009 -11"><span class='ocrx_word' id='word_1_302' title='bbox 195 2870 381 2909; x_wconf 87' lang='lat' dir='ltr'>hujusmodi</span> <span class='ocrx_word' id='word_1_303' title='bbox 413 2871 526 2910; x_wconf 82' lang='lat' dir='ltr'>prefati</span> <span class='ocrx_word' id='word_1_304' title='bbox 555 2872 682 2902; x_wconf 84' lang='lat' dir='ltr'>Alsonsi</span> <span class='ocrx_word' id='word_1_305' title='bbox 713 2878 744 2903; x_wconf 90' lang='lat' dir='ltr'>tu</span> <span class='ocrx_word' id='word_1_306' title='bbox 776 2879 806 2903; x_wconf 87' lang='lat' dir='ltr'>et</span> <span class='ocrx_word' id='word_1_307' title='bbox 837 2875 935 2905; x_wconf 90' lang='lat' dir='ltr'>iidem</span> <span class='ocrx_word' id='word_1_308' title='bbox 965 2876 1140 2907; x_wconf 83' lang='lat' dir='ltr'>familiares</span> <span class='ocrx_word' id='word_1_309' title='bbox 1169 2887 1205 2907; x_wconf 86' lang='lat' dir='ltr'>ac</span> 
     </span>
     <span class='ocr_line' id='line_1_45' title="bbox 195 2924 1203 2966; baseline 0.008 -14"><span class='ocrx_word' id='word_1_310' title='bbox 195 2924 301 2953; x_wconf 87' lang='lat' dir='ltr'>nuntii</span> <span class='ocrx_word' id='word_1_311' title='bbox 317 2925 492 2954; x_wconf 84' lang='lat' dir='ltr'>sententias</span> <span class='ocrx_word' id='word_1_312' title='bbox 511 2925 596 2964; x_wconf 87' lang='lat' dir='ltr'>ipsas</span> <span class='ocrx_word' id='word_1_313' title='bbox 615 2927 749 2957; x_wconf 90' lang='lat' dir='ltr'>minime</span> <span class='ocrx_word' id='word_1_314' title='bbox 767 2927 938 2958; x_wconf 87' lang='lat' dir='ltr'>incurratis</span> <span class='ocrx_word' id='word_1_315' title='bbox 951 2952 959 2966; x_wconf 90' lang='lat'>,</span> <span class='ocrx_word' id='word_1_316' title='bbox 978 2929 1154 2960; x_wconf 89' lang='lat' dir='ltr'>dummodo</span> <span class='ocrx_word' id='word_1_317' title='bbox 1173 2935 1203 2960; x_wconf 87' lang='lat' dir='ltr'>tu</span> 
     </span>
     <span class='ocr_line' id='line_1_46' title="bbox 194 2977 1201 3013; baseline 0.006 -7"><span class='ocrx_word' id='word_1_318' title='bbox 194 2981 224 3006; x_wconf 89' lang='lat' dir='ltr'>et</span> <span class='ocrx_word' id='word_1_319' title='bbox 251 2977 426 3007; x_wconf 85' lang='lat' dir='ltr'>familiares</span> <span class='ocrx_word' id='word_1_320' title='bbox 453 2986 488 3008; x_wconf 87' lang='lat' dir='ltr'>ac</span> <span class='ocrx_word' id='word_1_321' title='bbox 514 2979 621 3008; x_wconf 89' lang='lat' dir='ltr'>nuntii</span> <span class='ocrx_word' id='word_1_322' title='bbox 652 2981 819 3010; x_wconf 87' lang='lat' dir='ltr'>memorati</span> <span class='ocrx_word' id='word_1_323' title='bbox 848 2981 951 3011; x_wconf 88' lang='lat' dir='ltr'>eidem</span> <span class='ocrx_word' id='word_1_324' title='bbox 979 2982 1113 3013; x_wconf 84' lang='lat' dir='ltr'>Alfonso</span> <span class='ocrx_word' id='word_1_325' title='bbox 1138 2991 1201 3013; x_wconf 91' lang='lat' dir='ltr'>non</span> 
     </span>
    </p>
   </div>
   <div class='ocr_carea' id='block_1_14' title="bbox 1298 375 2305 677">
    <p class='ocr_par' dir='ltr' id='par_1_14' title="bbox 1298 375 2305 677">
     <span class='ocr_line' id='line_1_47' title="bbox 1304 375 2304 416; baseline 0.005 -13"><span class='ocrx_word' id='word_1_326' title='bbox 1304 375 1550 404; x_wconf 88' lang='lat' dir='ltr'>communicetis</span> <span class='ocrx_word' id='word_1_327' title='bbox 1566 375 1599 404; x_wconf 90' lang='lat' dir='ltr'>in</span> <span class='ocrx_word' id='word_1_328' title='bbox 1619 375 1756 405; x_wconf 86' lang='lat' dir='ltr'>crimine</span> <span class='ocrx_word' id='word_1_329' title='bbox 1772 375 1957 412; x_wconf 81' lang='lat' dir='ltr'>criminoso,</span> <span class='ocrx_word' id='word_1_330' title='bbox 1975 376 2159 407; x_wconf 85' lang='lat' dir='ltr'>auctoritate</span> <span class='ocrx_word' id='word_1_331' title='bbox 2177 387 2304 416; x_wconf 89' lang='lat' dir='ltr'>presen-</span> 
     </span>
     <span class='ocr_line' id='line_1_48' title="bbox 1303 426 2305 468; baseline 0.005 -12"><span class='ocrx_word' id='word_1_332' title='bbox 1303 427 1384 457; x_wconf 88' lang='lat' dir='ltr'>tium</span> <span class='ocrx_word' id='word_1_333' title='bbox 1400 426 1620 465; x_wconf 85' lang='lat' dir='ltr'>indulgemus.</span> <span class='ocrx_word' id='word_1_334' title='bbox 1645 427 1793 458; x_wconf 85' lang='lat' dir='ltr'>Volentes</span> <span class='ocrx_word' id='word_1_335' title='bbox 1814 427 2048 459; x_wconf 90' lang='lat' dir='ltr'>nichilominus</span> <span class='ocrx_word' id='word_1_336' title='bbox 2062 429 2219 468; x_wconf 87' lang='lat' dir='ltr'>predictas</span> <span class='ocrx_word' id='word_1_337' title='bbox 2234 440 2305 462; x_wconf 87' lang='lat' dir='ltr'>seu-</span> 
     </span>
     <span class='ocr_line' id='line_1_49' title="bbox 1303 480 2305 520; baseline 0.005 -11"><span class='ocrx_word' id='word_1_338' title='bbox 1303 481 1418 510; x_wconf 86' lang='lat' dir='ltr'>tentias</span> <span class='ocrx_word' id='word_1_339' title='bbox 1440 481 1474 509; x_wconf 90' lang='lat' dir='ltr'>in</span> <span class='ocrx_word' id='word_1_340' title='bbox 1499 480 1572 510; x_wconf 88' lang='lat' dir='ltr'>aliis</span> <span class='ocrx_word' id='word_1_341' title='bbox 1595 481 1698 520; x_wconf 88' lang='lat' dir='ltr'>quoad</span> <span class='ocrx_word' id='word_1_342' title='bbox 1723 486 1750 511; x_wconf 90' lang='lat' dir='ltr'>te</span> <span class='ocrx_word' id='word_1_343' title='bbox 1773 490 1808 511; x_wconf 89' lang='lat' dir='ltr'>ac</span> <span class='ocrx_word' id='word_1_344' title='bbox 1834 481 2008 512; x_wconf 84' lang='lat' dir='ltr'>familiares</span> <span class='ocrx_word' id='word_1_345' title='bbox 2025 486 2055 512; x_wconf 93' lang='lat' dir='ltr'>et</span> <span class='ocrx_word' id='word_1_346' title='bbox 2074 483 2203 514; x_wconf 90' lang='lat' dir='ltr'>nuntios</span> <span class='ocrx_word' id='word_1_347' title='bbox 2220 488 2305 515; x_wconf 83' lang='lat' dir='ltr'>ante-</span> 
     </span>
     <span class='ocr_line' id='line_1_50' title="bbox 1302 532 2302 576; baseline 0.006 -14"><span class='ocrx_word' id='word_1_348' title='bbox 1302 532 1403 563; x_wconf 89' lang='lat' dir='ltr'>dictos</span> <span class='ocrx_word' id='word_1_349' title='bbox 1419 534 1452 562; x_wconf 90' lang='lat' dir='ltr'>iu</span> <span class='ocrx_word' id='word_1_350' title='bbox 1469 542 1526 563; x_wconf 90' lang='lat' dir='ltr'>sua</span> <span class='ocrx_word' id='word_1_351' title='bbox 1542 533 1692 564; x_wconf 86' lang='lat' dir='ltr'>firmitate</span> <span class='ocrx_word' id='word_1_352' title='bbox 1709 543 1830 574; x_wconf 88' lang='lat' dir='ltr'>suoque</span> <span class='ocrx_word' id='word_1_353' title='bbox 1842 543 1973 565; x_wconf 89' lang='lat' dir='ltr'>manere</span> <span class='ocrx_word' id='word_1_354' title='bbox 1984 535 2094 566; x_wconf 89' lang='lat' dir='ltr'>robore</span> <span class='ocrx_word' id='word_1_355' title='bbox 2111 536 2193 566; x_wconf 79' lang='lat' dir='ltr'>sicut.</span> <span class='ocrx_word' id='word_1_356' title='bbox 2208 537 2302 576; x_wconf 83' lang='lat' dir='ltr'>prius.</span> 
     </span>
     <span class='ocr_line' id='line_1_51' title="bbox 1302 585 2304 627; baseline 0.005 -12"><span class='ocrx_word' id='word_1_357' title='bbox 1302 585 1393 615; x_wconf 90' lang='lat' dir='ltr'>Nulli</span> <span class='ocrx_word' id='word_1_358' title='bbox 1411 594 1494 625; x_wconf 82' lang='lat' dir='ltr'>ergo,</span> <span class='ocrx_word' id='word_1_359' title='bbox 1514 590 1572 616; x_wconf 85' lang='lat' dir='ltr'>etc.</span> <span class='ocrx_word' id='word_1_360' title='bbox 1591 587 1663 617; x_wconf 86' lang='lat' dir='ltr'>Dat.</span> <span class='ocrx_word' id='word_1_361' title='bbox 1682 588 1800 624; x_wconf 81' lang='lat' dir='ltr'>Rome,</span> <span class='ocrx_word' id='word_1_362' title='bbox 1818 588 1902 627; x_wconf 87' lang='lat' dir='ltr'>apud</span> <span class='ocrx_word' id='word_1_363' title='bbox 1920 588 2070 618; x_wconf 85' lang='lat' dir='ltr'>Sanctam</span> <span class='ocrx_word' id='word_1_364' title='bbox 2086 589 2222 620; x_wconf 84' lang='lat' dir='ltr'>Mariam</span> <span class='ocrx_word' id='word_1_365' title='bbox 2239 589 2304 620; x_wconf 88' lang='lat' dir='ltr'>Ma-</span> 
     </span>
     <span class='ocr_line' id='line_1_52' title="bbox 1298 638 1878 677; baseline 0.007 -9"><span class='ocrx_word' id='word_1_366' title='bbox 1298 638 1413 677; x_wconf 87' lang='lat' dir='ltr'>jorem,</span> <span class='ocrx_word' id='word_1_367' title='bbox 1433 649 1464 668; x_wconf 89' lang='lat'>111</span> <span class='ocrx_word' id='word_1_368' title='bbox 1484 639 1637 670; x_wconf 83' lang='lat' dir='ltr'>kalendas</span> <span class='ocrx_word' id='word_1_369' title='bbox 1654 641 1847 672; x_wconf 86' lang='lat' dir='ltr'>novembris.</span> <span class='ocrx_word' id='word_1_370' title='bbox 1865 652 1878 668; x_wconf 67' lang='lat' dir='ltr'><strong>n</strong></span> 
     </span>
    </p>
   </div>
   <div class='ocr_carea' id='block_1_15' title="bbox 1372 812 1490 841">
    <p class='ocr_par' dir='ltr' id='par_1_15' title="bbox 1372 812 1490 841">
     <span class='ocr_line' id='line_1_53' title="bbox 1372 812 1490 841; baseline 0.008 -1"><span class='ocrx_word' id='word_1_371' title='bbox 1372 812 1490 841; x_wconf 65' lang='lat'><em>&#39;2188</em></span> 
     </span>
    </p>
   </div>
   <div class='ocr_carea' id='block_1_16' title="bbox 1336 873 2259 912">
    <p class='ocr_par' dir='ltr' id='par_1_16' title="bbox 1336 873 2259 912">
     <span class='ocr_line' id='line_1_54' title="bbox 1336 873 2259 912; baseline 0.004 -13"><span class='ocrx_word' id='word_1_372' title='bbox 1336 873 1378 899; x_wconf 86' lang='lat' dir='ltr'>De</span> <span class='ocrx_word' id='word_1_373' title='bbox 1394 874 1545 900; x_wconf 89' lang='lat' dir='ltr'>collatione</span> <span class='ocrx_word' id='word_1_374' title='bbox 1560 873 1765 901; x_wconf 86' lang='lat' dir='ltr'>beneficiorum</span> <span class='ocrx_word' id='word_1_375' title='bbox 1780 875 2056 902; x_wconf 84' lang='lat' dir='ltr'>ecclesiasticorum.</span> <span class='ocrx_word' id='word_1_376' title='bbox 2073 875 2144 909; x_wconf 80' lang='lat' dir='ltr'>(Fot.</span> <span class='ocrx_word' id='word_1_377' title='bbox 2161 875 2192 903; x_wconf 70' lang='lat'>31</span> <span class='ocrx_word' id='word_1_378' title='bbox 2208 875 2259 912; x_wconf 67' lang='lat' dir='ltr'>vv.)</span> 
     </span>
    </p>
   </div>
   <div class='ocr_carea' id='block_1_17' title="bbox 1599 812 2238 847">
    <p class='ocr_par' dir='ltr' id='par_1_17' title="bbox 1599 812 2238 847">
     <span class='ocr_line' id='line_1_55' title="bbox 1599 812 2238 847; baseline 0.005 -9"><span class='ocrx_word' id='word_1_379' title='bbox 1599 812 1962 847; x_wconf 83' lang='lat' dir='ltr'>Sainte-Marie-Majeure‚</span> <span class='ocrx_word' id='word_1_380' title='bbox 1979 813 2012 840; x_wconf 74' lang='lat'>28</span> <span class='ocrx_word' id='word_1_381' title='bbox 2027 813 2144 840; x_wconf 86' lang='lat' dir='ltr'>octobre</span> <span class='ocrx_word' id='word_1_382' title='bbox 2161 813 2238 842; x_wconf 71' lang='lat'>1288.</span> 
     </span>
    </p>
   </div>
   <div class='ocr_carea' id='block_1_18' title="bbox 1296 977 2305 1334">
    <p class='ocr_par' dir='ltr' id='par_1_18' title="bbox 1297 977 2305 1229">
     <span class='ocr_line' id='line_1_56' title="bbox 1338 977 2303 1018; baseline 0.004 -13"><span class='ocrx_word' id='word_1_383' title='bbox 1338 977 1491 1014; x_wconf 81' lang='lat' dir='ltr'>Roderico,</span> <span class='ocrx_word' id='word_1_384' title='bbox 1503 977 1725 1015; x_wconf 81' lang='lat' dir='ltr'>archiepiscopo</span> <span class='ocrx_word' id='word_1_385' title='bbox 1742 978 1953 1007; x_wconf 70' lang='lat' dir='ltr'>Tem-aconensi</span> <span class='ocrx_word' id='word_1_386' title='bbox 1965 978 2072 1015; x_wconf 81' lang='lat' dir='ltr'>eidem,</span> <span class='ocrx_word' id='word_1_387' title='bbox 2083 987 2179 1017; x_wconf 87' lang='lat' dir='ltr'>quem</span> <span class='ocrx_word' id='word_1_388' title='bbox 2191 987 2303 1018; x_wconf 83' lang='lat' dir='ltr'>nuper,</span> 
     </span>
     <span class='ocr_line' id='line_1_57' title="bbox 1298 1029 2305 1069; baseline 0.006 -11"><span class='ocrx_word' id='word_1_389' title='bbox 1298 1029 1337 1059; x_wconf 91' lang='lat' dir='ltr'>ad</span> <span class='ocrx_word' id='word_1_390' title='bbox 1353 1029 1460 1059; x_wconf 85' lang='lat' dir='ltr'>sedem</span> <span class='ocrx_word' id='word_1_391' title='bbox 1472 1029 1677 1068; x_wconf 87' lang='lat' dir='ltr'>apostolicam</span> <span class='ocrx_word' id='word_1_392' title='bbox 1690 1031 1911 1068; x_wconf 84' lang='lat' dir='ltr'>constitutum,</span> <span class='ocrx_word' id='word_1_393' title='bbox 1922 1031 1961 1061; x_wconf 91' lang='lat' dir='ltr'>de</span> <span class='ocrx_word' id='word_1_394' title='bbox 1973 1031 2162 1069; x_wconf 86' lang='lat' dir='ltr'>Segobiensi</span> <span class='ocrx_word' id='word_1_395' title='bbox 2175 1031 2305 1064; x_wconf 82' lang='lat' dir='ltr'>ecclesia</span> 
     </span>
     <span class='ocr_line' id='line_1_58' title="bbox 1297 1082 2303 1122; baseline 0.004 -10"><span class='ocrx_word' id='word_1_396' title='bbox 1297 1082 1336 1112; x_wconf 89' lang='lat' dir='ltr'>ad</span> <span class='ocrx_word' id='word_1_397' title='bbox 1353 1083 1624 1113; x_wconf 86' lang='lat' dir='ltr'>Terraconensem</span> <span class='ocrx_word' id='word_1_398' title='bbox 1640 1084 1817 1121; x_wconf 85' lang='lat' dir='ltr'>transtulit,</span> <span class='ocrx_word' id='word_1_399' title='bbox 1836 1084 1985 1122; x_wconf 86' lang='lat' dir='ltr'>indulget</span> <span class='ocrx_word' id='word_1_400' title='bbox 2003 1089 2037 1114; x_wconf 93' lang='lat' dir='ltr'>ut</span> <span class='ocrx_word' id='word_1_401' title='bbox 2053 1089 2205 1116; x_wconf 87' lang='lat' dir='ltr'>semestre</span> <span class='ocrx_word' id='word_1_402' title='bbox 2227 1089 2303 1116; x_wconf 80' lang='lat' dir='ltr'>tom-</span> 
     </span>
     <span class='ocr_line' id='line_1_59' title="bbox 1297 1136 2303 1175; baseline 0.005 -10"><span class='ocrx_word' id='word_1_403' title='bbox 1297 1145 1356 1175; x_wconf 88' lang='lat' dir='ltr'>pus</span> <span class='ocrx_word' id='word_1_404' title='bbox 1371 1136 1410 1165; x_wconf 90' lang='lat' dir='ltr'>ad</span> <span class='ocrx_word' id='word_1_405' title='bbox 1426 1136 1628 1166; x_wconf 86' lang='lat' dir='ltr'>collationem</span> <span class='ocrx_word' id='word_1_406' title='bbox 1644 1137 1876 1168; x_wconf 87' lang='lat' dir='ltr'>beneficiorum</span> <span class='ocrx_word' id='word_1_407' title='bbox 1895 1146 1913 1168; x_wconf 88' lang='lat' dir='ltr'>a</span> <span class='ocrx_word' id='word_1_408' title='bbox 1933 1137 2110 1168; x_wconf 87' lang='lat' dir='ltr'>canonibus</span> <span class='ocrx_word' id='word_1_409' title='bbox 2129 1138 2303 1170; x_wconf 85' lang='lat' dir='ltr'>diffinitum</span> 
     </span>
     <span class='ocr_line' id='line_1_60' title="bbox 1298 1190 2302 1229; baseline 0.006 -12"><span class='ocrx_word' id='word_1_410' title='bbox 1298 1197 1362 1219; x_wconf 88' lang='lat' dir='ltr'>non</span> <span class='ocrx_word' id='word_1_411' title='bbox 1378 1193 1484 1219; x_wconf 87' lang='lat' dir='ltr'>currat</span> <span class='ocrx_word' id='word_1_412' title='bbox 1500 1194 1675 1228; x_wconf 81' lang='lat' dir='ltr'>autequam</span> <span class='ocrx_word' id='word_1_413' title='bbox 1693 1190 1761 1229; x_wconf 89' lang='lat' dir='ltr'>ipse</span> <span class='ocrx_word' id='word_1_414' title='bbox 1778 1190 1817 1220; x_wconf 90' lang='lat' dir='ltr'>ad</span> <span class='ocrx_word' id='word_1_415' title='bbox 1833 1199 1925 1221; x_wconf 87' lang='lat' dir='ltr'>suam</span> <span class='ocrx_word' id='word_1_416' title='bbox 1941 1190 2109 1221; x_wconf 89' lang='lat' dir='ltr'>ecclesiam</span> <span class='ocrx_word' id='word_1_417' title='bbox 2126 1191 2302 1224; x_wconf 79' lang='lat' dir='ltr'>advenerit.</span> 
     </span>
    </p>

    <p class='ocr_par' dir='ltr' id='par_1_19' title="bbox 1296 1242 2304 1334">
     <span class='ocr_line' id='line_1_61' title="bbox 1338 1242 2304 1284; baseline 0.004 -12"><span class='ocrx_word' id='word_1_418' title='bbox 1338 1254 1353 1269; x_wconf 87' lang='lat'>«</span> <span class='ocrx_word' id='word_1_419' title='bbox 1371 1242 1451 1272; x_wconf 88' lang='lat' dir='ltr'>Cum</span> <span class='ocrx_word' id='word_1_420' title='bbox 1468 1243 1577 1282; x_wconf 88' lang='lat' dir='ltr'>itaque</span> <span class='ocrx_word' id='word_1_421' title='bbox 1597 1248 1663 1274; x_wconf 89' lang='lat' dir='ltr'>te...</span> <span class='ocrx_word' id='word_1_422' title='bbox 1680 1261 1719 1265; x_wconf 91' lang='lat'>—</span> <span class='ocrx_word' id='word_1_423' title='bbox 1735 1244 1806 1275; x_wconf 87' lang='lat' dir='ltr'>Dat.</span> <span class='ocrx_word' id='word_1_424' title='bbox 1826 1244 1943 1279; x_wconf 88' lang='lat' dir='ltr'>Rome,</span> <span class='ocrx_word' id='word_1_425' title='bbox 1967 1244 2051 1284; x_wconf 88' lang='lat' dir='ltr'>apud</span> <span class='ocrx_word' id='word_1_426' title='bbox 2068 1244 2218 1275; x_wconf 86' lang='lat' dir='ltr'>Sanctam</span> <span class='ocrx_word' id='word_1_427' title='bbox 2237 1245 2304 1276; x_wconf 88' lang='lat' dir='ltr'>Ma-</span> 
     </span>
     <span class='ocr_line' id='line_1_62' title="bbox 1296 1295 2016 1334; baseline 0.004 -10"><span class='ocrx_word' id='word_1_428' title='bbox 1296 1295 1378 1324; x_wconf 88' lang='lat' dir='ltr'>riam</span> <span class='ocrx_word' id='word_1_429' title='bbox 1395 1295 1563 1334; x_wconf 75' lang='lat' dir='ltr'>Major-em,</span> <span class='ocrx_word' id='word_1_430' title='bbox 1581 1306 1601 1325; x_wconf 85' lang='lat' dir='ltr'>v</span> <span class='ocrx_word' id='word_1_431' title='bbox 1617 1296 1772 1326; x_wconf 87' lang='lat' dir='ltr'>kalendas</span> <span class='ocrx_word' id='word_1_432' title='bbox 1788 1297 1982 1327; x_wconf 84' lang='lat' dir='ltr'>novembris.</span> <span class='ocrx_word' id='word_1_433' title='bbox 2002 1309 2016 1324; x_wconf 77' lang='lat' dir='ltr'>n</span> 
     </span>
    </p>
   </div>
   <div class='ocr_carea' id='block_1_19' title="bbox 1367 1469 1486 1497">
    <p class='ocr_par' dir='ltr' id='par_1_20' title="bbox 1367 1469 1486 1497">
     <span class='ocr_line' id='line_1_63' title="bbox 1367 1469 1486 1497; baseline 0 0"><span class='ocrx_word' id='word_1_434' title='bbox 1367 1469 1486 1497; x_wconf 63' lang='lat'><em>*2189</em></span> 
     </span>
    </p>
   </div>
   <div class='ocr_carea' id='block_1_20' title="bbox 1294 1531 2304 1615">
    <p class='ocr_par' dir='ltr' id='par_1_21' title="bbox 1294 1531 2304 1615">
     <span class='ocr_line' id='line_1_64' title="bbox 1331 1531 2304 1568; baseline 0.003 -11"><span class='ocrx_word' id='word_1_435' title='bbox 1331 1531 1473 1566; x_wconf 83' lang='lat' dir='ltr'>Regimen</span> <span class='ocrx_word' id='word_1_436' title='bbox 1499 1532 1623 1559; x_wconf 87' lang='lat' dir='ltr'>civitatis</span> <span class='ocrx_word' id='word_1_437' title='bbox 1646 1531 1838 1559; x_wconf 72' lang='lat' dir='ltr'>Vliet-biensis</span> <span class='ocrx_word' id='word_1_438' title='bbox 1860 1532 1992 1559; x_wconf 83' lang='lat' dir='ltr'>Mathaeo</span> <span class='ocrx_word' id='word_1_439' title='bbox 2015 1533 2051 1560; x_wconf 90' lang='lat' dir='ltr'>de</span> <span class='ocrx_word' id='word_1_440' title='bbox 2074 1532 2178 1560; x_wconf 84' lang='lat' dir='ltr'>Madiis</span> <span class='ocrx_word' id='word_1_441' title='bbox 2201 1540 2304 1568; x_wconf 81' lang='lat' dir='ltr'>proro-</span> 
     </span>
     <span class='ocr_line' id='line_1_65' title="bbox 1294 1580 1552 1615; baseline 0.004 -8"><span class='ocrx_word' id='word_1_442' title='bbox 1294 1584 1351 1615; x_wconf 85' lang='lat' dir='ltr'>gat.</span> <span class='ocrx_word' id='word_1_443' title='bbox 1368 1580 1438 1615; x_wconf 90' lang='lat' dir='ltr'>(Fol.</span> <span class='ocrx_word' id='word_1_444' title='bbox 1457 1580 1488 1607; x_wconf 70' lang='lat'>32</span> <span class='ocrx_word' id='word_1_445' title='bbox 1507 1582 1552 1615; x_wconf 65' lang='grc' dir='ltr'>νο.)</span> 
     </span>
    </p>
   </div>
   <div class='ocr_carea' id='block_1_21' title="bbox 1595 1469 2232 1505">
    <p class='ocr_par' dir='ltr' id='par_1_22' title="bbox 1595 1469 2232 1505">
     <span class='ocr_line' id='line_1_66' title="bbox 1595 1469 2232 1505; baseline 0.003 -10"><span class='ocrx_word' id='word_1_446' title='bbox 1595 1469 1954 1505; x_wconf 80' lang='lat' dir='ltr'>Sainte-Marie-Majeure‚</span> <span class='ocrx_word' id='word_1_447' title='bbox 1970 1469 2004 1497; x_wconf 76' lang='lat'>28</span> <span class='ocrx_word' id='word_1_448' title='bbox 2020 1469 2138 1497; x_wconf 83' lang='lat' dir='ltr'>octobre</span> <span class='ocrx_word' id='word_1_449' title='bbox 2154 1469 2232 1498; x_wconf 74' lang='lat'>1288.</span> 
     </span>
    </p>
   </div>
   <div class='ocr_carea' id='block_1_22' title="bbox 1294 1684 2303 2043">
    <p class='ocr_par' dir='ltr' id='par_1_23' title="bbox 1294 1684 2303 1937">
     <span class='ocr_line' id='line_1_67' title="bbox 1335 1684 2302 1724; baseline 0.004 -12"><span class='ocrx_word' id='word_1_450' title='bbox 1335 1684 1444 1713; x_wconf 78' lang='lat' dir='ltr'>Dilecto</span> <span class='ocrx_word' id='word_1_451' title='bbox 1459 1684 1525 1721; x_wconf 75' lang='lat' dir='ltr'>filio</span> <span class='ocrx_word' id='word_1_452' title='bbox 1542 1684 1636 1713; x_wconf 74' lang='lat' dir='ltr'>nobiti</span> <span class='ocrx_word' id='word_1_453' title='bbox 1652 1685 1718 1714; x_wconf 82' lang='lat' dir='ltr'>viro</span> <span class='ocrx_word' id='word_1_454' title='bbox 1736 1685 1850 1713; x_wconf 75' lang='lat' dir='ltr'>Matheo</span> <span class='ocrx_word' id='word_1_455' title='bbox 1867 1685 1900 1714; x_wconf 80' lang='lat' dir='ltr'>de</span> <span class='ocrx_word' id='word_1_456' title='bbox 1920 1686 2029 1714; x_wconf 68' lang='lat' dir='ltr'>Mediis</span> <span class='ocrx_word' id='word_1_457' title='bbox 2048 1686 2082 1714; x_wconf 86' lang='lat' dir='ltr'>de</span> <span class='ocrx_word' id='word_1_458' title='bbox 2103 1685 2211 1715; x_wconf 72' lang='lat' dir='ltr'>Brixia</span> <span class='ocrx_word' id='word_1_459' title='bbox 2223 1709 2230 1723; x_wconf 93' lang='lat'>,</span> <span class='ocrx_word' id='word_1_460' title='bbox 2247 1694 2302 1724; x_wconf 83' lang='lat' dir='ltr'>po-</span> 
     </span>
     <span class='ocr_line' id='line_1_68' title="bbox 1296 1737 2303 1776; baseline 0.003 -10"><span class='ocrx_word' id='word_1_461' title='bbox 1296 1738 1393 1767; x_wconf 79' lang='lat' dir='ltr'>testati</span> <span class='ocrx_word' id='word_1_462' title='bbox 1429 1738 1614 1766; x_wconf 77' lang='lat' dir='ltr'>Viterbiensi.</span> <span class='ocrx_word' id='word_1_463' title='bbox 1645 1737 1803 1776; x_wconf 80' lang='lat' dir='ltr'>Regimen</span> <span class='ocrx_word' id='word_1_464' title='bbox 1825 1738 1963 1768; x_wconf 89' lang='lat' dir='ltr'>civitatis</span> <span class='ocrx_word' id='word_1_465' title='bbox 1988 1738 2201 1768; x_wconf 86' lang='lat' dir='ltr'>Viterbiensis</span> <span class='ocrx_word' id='word_1_466' title='bbox 2231 1739 2259 1769; x_wconf 91' lang='lat' dir='ltr'>ei</span> <span class='ocrx_word' id='word_1_467' title='bbox 2285 1747 2303 1769; x_wconf 83' lang='lat' dir='ltr'>a</span> 
     </span>
     <span class='ocr_line' id='line_1_69' title="bbox 1294 1790 2301 1831; baseline 0.003 -12"><span class='ocrx_word' id='word_1_468' title='bbox 1294 1790 1509 1820; x_wconf 85' lang='lat' dir='ltr'>cardinalium</span> <span class='ocrx_word' id='word_1_469' title='bbox 1528 1790 1681 1829; x_wconf 84' lang='lat' dir='ltr'>concilio,</span> <span class='ocrx_word' id='word_1_470' title='bbox 1699 1791 1870 1830; x_wconf 84' lang='lat' dir='ltr'>apostolica</span> <span class='ocrx_word' id='word_1_471' title='bbox 1888 1791 1961 1821; x_wconf 91' lang='lat' dir='ltr'>sede</span> <span class='ocrx_word' id='word_1_472' title='bbox 1980 1801 2036 1831; x_wconf 88' lang='lat' dir='ltr'>per</span> <span class='ocrx_word' id='word_1_473' title='bbox 2050 1792 2174 1822; x_wconf 90' lang='lat' dir='ltr'>obitum</span> <span class='ocrx_word' id='word_1_474' title='bbox 2193 1792 2301 1823; x_wconf 92' lang='lat' dir='ltr'>Hono-</span> 
     </span>
     <span class='ocr_line' id='line_1_70' title="bbox 1294 1843 2303 1884; baseline 0.004 -12"><span class='ocrx_word' id='word_1_475' title='bbox 1294 1843 1335 1873; x_wconf 88' lang='lat' dir='ltr'>rii</span> <span class='ocrx_word' id='word_1_476' title='bbox 1351 1844 1438 1873; x_wconf 78' lang='lat' dir='ltr'>IIlI¹i</span> <span class='ocrx_word' id='word_1_477' title='bbox 1457 1848 1601 1881; x_wconf 86' lang='lat' dir='ltr'>vacante,</span> <span class='ocrx_word' id='word_1_478' title='bbox 1622 1853 1678 1882; x_wconf 90' lang='lat' dir='ltr'>pro</span> <span class='ocrx_word' id='word_1_479' title='bbox 1698 1853 1783 1874; x_wconf 87' lang='lat' dir='ltr'>anno</span> <span class='ocrx_word' id='word_1_480' title='bbox 1800 1844 1946 1875; x_wconf 88' lang='lat' dir='ltr'>kalendis</span> <span class='ocrx_word' id='word_1_481' title='bbox 1959 1845 2104 1884; x_wconf 76' lang='lat' dir='ltr'>Januarii</span> <span class='ocrx_word' id='word_1_482' title='bbox 2122 1845 2303 1877; x_wconf 87' lang='lat' dir='ltr'>inchoando</span> 
     </span>
     <span class='ocr_line' id='line_1_71' title="bbox 1295 1897 2070 1937; baseline 0.004 -11"><span class='ocrx_word' id='word_1_483' title='bbox 1295 1904 1493 1933; x_wconf 75' lang='lat' dir='ltr'>concessum,</span> <span class='ocrx_word' id='word_1_484' title='bbox 1512 1901 1658 1935; x_wconf 81' lang='lat' dir='ltr'>prorogat</span> <span class='ocrx_word' id='word_1_485' title='bbox 1673 1897 1712 1927; x_wconf 90' lang='lat' dir='ltr'>ad</span> <span class='ocrx_word' id='word_1_486' title='bbox 1730 1906 1854 1927; x_wconf 87' lang='lat' dir='ltr'>annum</span> <span class='ocrx_word' id='word_1_487' title='bbox 1872 1903 2070 1937; x_wconf 86' lang='lat' dir='ltr'>sequentem.</span> 
     </span>
    </p>

    <p class='ocr_par' dir='ltr' id='par_1_24' title="bbox 1295 1950 2303 2043">
     <span class='ocr_line' id='line_1_72' title="bbox 1336 1950 2303 1991; baseline 0.005 -13"><span class='ocrx_word' id='word_1_488' title='bbox 1336 1963 1349 1977; x_wconf 84' lang='grc'><strong>«</strong></span> <span class='ocrx_word' id='word_1_489' title='bbox 1369 1950 1500 1980; x_wconf 86' lang='lat' dir='ltr'>Dudum</span> <span class='ocrx_word' id='word_1_490' title='bbox 1516 1950 1687 1989; x_wconf 86' lang='lat' dir='ltr'>apostolica</span> <span class='ocrx_word' id='word_1_491' title='bbox 1704 1951 1814 1982; x_wconf 86' lang='lat' dir='ltr'>sede...</span> <span class='ocrx_word' id='word_1_492' title='bbox 1832 1968 1869 1973; x_wconf 97' lang='lat'><strong>—</strong></span> <span class='ocrx_word' id='word_1_493' title='bbox 1886 1952 1957 1981; x_wconf 87' lang='lat' dir='ltr'>Dat.</span> <span class='ocrx_word' id='word_1_494' title='bbox 1979 1952 2089 1988; x_wconf 80' lang='lat' dir='ltr'>Rome,</span> <span class='ocrx_word' id='word_1_495' title='bbox 2106 1952 2191 1991; x_wconf 89' lang='lat' dir='ltr'>apud</span> <span class='ocrx_word' id='word_1_496' title='bbox 2206 1951 2303 1983; x_wconf 83' lang='lat' dir='ltr'>Sanc-</span> 
     </span>
     <span class='ocr_line' id='line_1_73' title="bbox 1295 2004 2163 2043; baseline 0.001 -11"><span class='ocrx_word' id='word_1_497' title='bbox 1295 2008 1360 2033; x_wconf 88' lang='lat' dir='ltr'>tam</span> <span class='ocrx_word' id='word_1_498' title='bbox 1378 2004 1514 2033; x_wconf 85' lang='lat' dir='ltr'>Mariam</span> <span class='ocrx_word' id='word_1_499' title='bbox 1533 2005 1686 2043; x_wconf 82' lang='lat' dir='ltr'>Majorem</span> <span class='ocrx_word' id='word_1_500' title='bbox 1698 2028 1706 2042; x_wconf 95' lang='lat'>,</span> <span class='ocrx_word' id='word_1_501' title='bbox 1721 2015 1740 2035; x_wconf 93' lang='lat' dir='ltr'>v</span> <span class='ocrx_word' id='word_1_502' title='bbox 1758 2004 1912 2035; x_wconf 85' lang='lat' dir='ltr'>kalendas</span> <span class='ocrx_word' id='word_1_503' title='bbox 1928 2005 2122 2036; x_wconf 89' lang='lat' dir='ltr'>novembris.</span> <span class='ocrx_word' id='word_1_504' title='bbox 2147 2017 2163 2033; x_wconf 88' lang='lat'>»</span> 
     </span>
    </p>
   </div>
   <div class='ocr_carea' id='block_1_23' title="bbox 1365 2171 1482 2200">
    <p class='ocr_par' dir='ltr' id='par_1_25' title="bbox 1365 2171 1482 2200">
     <span class='ocr_line' id='line_1_74' title="bbox 1365 2171 1482 2200; baseline 0.009 -1"><span class='ocrx_word' id='word_1_505' title='bbox 1365 2171 1482 2200; x_wconf 71' lang='lat'><strong>‘⁷190</strong></span> 
     </span>
    </p>
   </div>
   <div class='ocr_carea' id='block_1_24' title="bbox 1328 2233 1833 2269">
    <p class='ocr_par' dir='ltr' id='par_1_26' title="bbox 1328 2233 1833 2269">
     <span class='ocr_line' id='line_1_75' title="bbox 1328 2233 1833 2269; baseline 0 -9"><span class='ocrx_word' id='word_1_506' title='bbox 1328 2233 1370 2260; x_wconf 89' lang='lat' dir='ltr'>De</span> <span class='ocrx_word' id='word_1_507' title='bbox 1386 2234 1487 2260; x_wconf 87' lang='lat' dir='ltr'>eodem</span> <span class='ocrx_word' id='word_1_508' title='bbox 1504 2235 1630 2269; x_wconf 86' lang='lat' dir='ltr'>negotio.</span> <span class='ocrx_word' id='word_1_509' title='bbox 1647 2234 1719 2268; x_wconf 85' lang='lat' dir='ltr'>(Fol.</span> <span class='ocrx_word' id='word_1_510' title='bbox 1736 2234 1768 2261; x_wconf 75' lang='grc'>3-2</span> <span class='ocrx_word' id='word_1_511' title='bbox 1786 2235 1833 2268; x_wconf 80' lang='lat' dir='ltr'>ro.)</span> 
     </span>
    </p>
   </div>
   <div class='ocr_carea' id='block_1_25' title="bbox 1591 2171 2249 2207">
    <p class='ocr_par' dir='ltr' id='par_1_27' title="bbox 1591 2171 2249 2207">
     <span class='ocr_line' id='line_1_76' title="bbox 1591 2171 2249 2207; baseline 0.005 -10"><span class='ocrx_word' id='word_1_512' title='bbox 1591 2171 1950 2207; x_wconf 71' lang='lat' dir='ltr'>Sainte-Marie-Majeure,</span> <span class='ocrx_word' id='word_1_513' title='bbox 1968 2172 2002 2199; x_wconf 74' lang='lat'>28</span> <span class='ocrx_word' id='word_1_514' title='bbox 2018 2172 2136 2199; x_wconf 82' lang='lat' dir='ltr'>octobre</span> <span class='ocrx_word' id='word_1_515' title='bbox 2153 2172 2230 2201; x_wconf 75' lang='lat'>1288.</span> <span class='ocrx_word' id='word_1_516' title='bbox 2247 2202 2249 2204; x_wconf 61' lang='grc'>,</span> 
     </span>
    </p>
   </div>
   <div class='ocr_carea' id='block_1_26' title="bbox 1332 2337 2166 2430">
    <p class='ocr_par' dir='ltr' id='par_1_28' title="bbox 1332 2337 2166 2430">
     <span class='ocr_line' id='line_1_77' title="bbox 1332 2337 2159 2374; baseline 0.002 -9"><span class='ocrx_word' id='word_1_517' title='bbox 1332 2337 1452 2366; x_wconf 76' lang='grc' dir='ltr'><em>Βίίεειίε</em></span> <span class='ocrx_word' id='word_1_518' title='bbox 1467 2337 1542 2374; x_wconf 72' lang='lat' dir='ltr'>filiis</span> <span class='ocrx_word' id='word_1_519' title='bbox 1560 2337 1685 2366; x_wconf 79' lang='lat' dir='ltr'>consilio</span> <span class='ocrx_word' id='word_1_520' title='bbox 1702 2342 1727 2366; x_wconf 75' lang='lat' dir='ltr'>et</span> <span class='ocrx_word' id='word_1_521' title='bbox 1743 2338 1899 2367; x_wconf 78' lang='lat' dir='ltr'>communi</span> <span class='ocrx_word' id='word_1_522' title='bbox 1918 2338 2159 2367; x_wconf 80' lang='lat' dir='ltr'>Viterbiensibus.</span> 
     </span>
     <span class='ocr_line' id='line_1_78' title="bbox 1334 2389 2166 2430; baseline -0.001 -11"><span class='ocrx_word' id='word_1_523' title='bbox 1334 2401 1348 2416; x_wconf 92' lang='lat'>«</span> <span class='ocrx_word' id='word_1_524' title='bbox 1365 2389 1494 2420; x_wconf 86' lang='lat' dir='ltr'>Dudum</span> <span class='ocrx_word' id='word_1_525' title='bbox 1514 2390 1684 2429; x_wconf 86' lang='lat' dir='ltr'>apostolica</span> <span class='ocrx_word' id='word_1_526' title='bbox 1703 2391 1814 2421; x_wconf 83' lang='lat' dir='ltr'>sede...</span> <span class='ocrx_word' id='word_1_527' title='bbox 1832 2407 1869 2412; x_wconf 90' lang='lat'><em>-</em></span> <span class='ocrx_word' id='word_1_528' title='bbox 1887 2390 1960 2421; x_wconf 89' lang='lat' dir='ltr'>Dat.</span> <span class='ocrx_word' id='word_1_529' title='bbox 1977 2395 2132 2430; x_wconf 85' lang='lat' dir='ltr'>utsupra.</span> <span class='ocrx_word' id='word_1_530' title='bbox 2152 2403 2166 2418; x_wconf 84' lang='lat'><strong>»</strong></span> 
     </span>
    </p>
   </div>
   <div class='ocr_carea' id='block_1_27' title="bbox 1363 2556 1475 2585">
    <p class='ocr_par' dir='ltr' id='par_1_29' title="bbox 1363 2556 1475 2585">
     <span class='ocr_line' id='line_1_79' title="bbox 1363 2556 1475 2585; baseline -0.009 0"><span class='ocrx_word' id='word_1_531' title='bbox 1363 2556 1475 2585; x_wconf 66' lang='lat'><em>*2191</em></span> 
     </span>
    </p>
   </div>
   <div class='ocr_carea' id='block_1_28' title="bbox 1289 2618 2298 2703">
    <p class='ocr_par' dir='ltr' id='par_1_30' title="bbox 1289 2618 2298 2703">
     <span class='ocr_line' id='line_1_80' title="bbox 1326 2618 2298 2655; baseline 0.002 -11"><span class='ocrx_word' id='word_1_532' title='bbox 1326 2618 1441 2645; x_wconf 84' lang='lat' dir='ltr'>Mandat</span> <span class='ocrx_word' id='word_1_533' title='bbox 1464 2622 1493 2645; x_wconf 92' lang='lat' dir='ltr'>ut</span> <span class='ocrx_word' id='word_1_534' title='bbox 1512 2618 1661 2646; x_wconf 86' lang='lat' dir='ltr'>Johannes</span> <span class='ocrx_word' id='word_1_535' title='bbox 1685 2619 1720 2645; x_wconf 93' lang='lat' dir='ltr'>de</span> <span class='ocrx_word' id='word_1_536' title='bbox 1743 2619 1942 2653; x_wconf 89' lang='lat' dir='ltr'>Guidonibus,</span> <span class='ocrx_word' id='word_1_537' title='bbox 1961 2618 2114 2646; x_wconf 83' lang='lat' dir='ltr'>Firmanus</span> <span class='ocrx_word' id='word_1_538' title='bbox 2133 2620 2227 2655; x_wconf 87' lang='lat' dir='ltr'>cives,</span> <span class='ocrx_word' id='word_1_539' title='bbox 2248 2619 2298 2655; x_wconf 88' lang='lat' dir='ltr'>qui</span> 
     </span>
     <span class='ocr_line' id='line_1_81' title="bbox 1289 2667 2296 2703; baseline 0.003 -10"><span class='ocrx_word' id='word_1_540' title='bbox 1289 2667 1426 2694; x_wconf 80' lang='lat' dir='ltr'>clericum</span> <span class='ocrx_word' id='word_1_541' title='bbox 1436 2669 1521 2694; x_wconf 84' lang='lat' dir='ltr'>morti</span> <span class='ocrx_word' id='word_1_542' title='bbox 1531 2667 1656 2702; x_wconf 79' lang='lat' dir='ltr'>tradidit,</span> <span class='ocrx_word' id='word_1_543' title='bbox 1665 2668 1698 2695; x_wconf 88' lang='lat' dir='ltr'>ad</span> <span class='ocrx_word' id='word_1_544' title='bbox 1708 2668 1806 2695; x_wconf 87' lang='lat' dir='ltr'>sedem</span> <span class='ocrx_word' id='word_1_545' title='bbox 1815 2668 2001 2703; x_wconf 88' lang='lat' dir='ltr'>apostolicam</span> <span class='ocrx_word' id='word_1_546' title='bbox 2011 2669 2116 2696; x_wconf 84' lang='lat' dir='ltr'>veniat.</span> <span class='ocrx_word' id='word_1_547' title='bbox 2125 2668 2197 2702; x_wconf 85' lang='lat' dir='ltr'>(Fol.</span> <span class='ocrx_word' id='word_1_548' title='bbox 2208 2668 2240 2696; x_wconf 77' lang='lat'>32</span> <span class='ocrx_word' id='word_1_549' title='bbox 2249 2669 2296 2701; x_wconf 76' lang='lat'>1⁸⁰.)</span> 
     </span>
    </p>
   </div>
   <div class='ocr_carea' id='block_1_29' title="bbox 1590 2556 2226 2592">
    <p class='ocr_par' dir='ltr' id='par_1_31' title="bbox 1590 2556 2226 2592">
     <span class='ocr_line' id='line_1_82' title="bbox 1590 2556 2226 2592; baseline 0.003 -10"><span class='ocrx_word' id='word_1_550' title='bbox 1590 2556 1950 2592; x_wconf 73' lang='lat' dir='ltr'>Sainte-Marie-ltlajeure,</span> <span class='ocrx_word' id='word_1_551' title='bbox 1966 2556 2000 2585; x_wconf 76' lang='lat'>29</span> <span class='ocrx_word' id='word_1_552' title='bbox 2016 2557 2133 2584; x_wconf 86' lang='lat' dir='ltr'>octobre</span> <span class='ocrx_word' id='word_1_553' title='bbox 2149 2557 2226 2585; x_wconf 73' lang='lat'>1288.</span> 
     </span>
    </p>
   </div>
   <div class='ocr_carea' id='block_1_30' title="bbox 1286 2771 2296 3024">
    <p class='ocr_par' dir='ltr' id='par_1_32' title="bbox 1286 2771 2296 3024">
     <span class='ocr_line' id='line_1_83' title="bbox 1328 2771 2296 2808; baseline 0.001 -9"><span class='ocrx_word' id='word_1_554' title='bbox 1328 2771 1447 2799; x_wconf 81' lang='lat' dir='ltr'>Dilectis</span> <span class='ocrx_word' id='word_1_555' title='bbox 1465 2771 1541 2808; x_wconf 77' lang='lat' dir='ltr'>filiis</span> <span class='ocrx_word' id='word_1_556' title='bbox 1558 2772 1685 2800; x_wconf 82' lang='lat' dir='ltr'>consilio</span> <span class='ocrx_word' id='word_1_557' title='bbox 1705 2776 1732 2800; x_wconf 83' lang='grc' dir='ltr'>ει</span> <span class='ocrx_word' id='word_1_558' title='bbox 1751 2773 1910 2801; x_wconf 78' lang='lat' dir='ltr'>communi</span> <span class='ocrx_word' id='word_1_559' title='bbox 1930 2772 2100 2802; x_wconf 85' lang='lat' dir='ltr'>Firmanis.</span> <span class='ocrx_word' id='word_1_560' title='bbox 2120 2782 2133 2798; x_wconf 75' lang='grc' dir='ltr'>ι</span> <span class='ocrx_word' id='word_1_561' title='bbox 2156 2771 2296 2802; x_wconf 86' lang='lat' dir='ltr'>Venien-</span> 
     </span>
     <span class='ocr_line' id='line_1_84' title="bbox 1289 2824 2293 2863; baseline 0.002 -11"><span class='ocrx_word' id='word_1_562' title='bbox 1289 2827 1351 2852; x_wconf 88' lang='lat' dir='ltr'>tem</span> <span class='ocrx_word' id='word_1_563' title='bbox 1367 2824 1407 2853; x_wconf 90' lang='lat' dir='ltr'>ad</span> <span class='ocrx_word' id='word_1_564' title='bbox 1422 2824 1627 2862; x_wconf 81' lang='lat' dir='ltr'>apostolicam</span> <span class='ocrx_word' id='word_1_565' title='bbox 1643 2825 1751 2855; x_wconf 85' lang='lat' dir='ltr'>sedem</span> <span class='ocrx_word' id='word_1_566' title='bbox 1772 2825 1926 2855; x_wconf 83' lang='lat' dir='ltr'>dilectum</span> <span class='ocrx_word' id='word_1_567' title='bbox 1945 2824 2051 2855; x_wconf 87' lang='lat' dir='ltr'>filium</span> <span class='ocrx_word' id='word_1_568' title='bbox 2065 2825 2110 2863; x_wconf 87' lang='lat' dir='ltr'>J.,</span> <span class='ocrx_word' id='word_1_569' title='bbox 2129 2825 2293 2856; x_wconf 88' lang='lat' dir='ltr'>concivem</span> 
     </span>
     <span class='ocr_line' id='line_1_85' title="bbox 1287 2877 2294 2918; baseline 0.003 -13"><span class='ocrx_word' id='word_1_570' title='bbox 1287 2880 1317 2906; x_wconf 91' lang='lat' dir='ltr'>et</span> <span class='ocrx_word' id='word_1_571' title='bbox 1332 2877 1593 2908; x_wconf 86' lang='lat' dir='ltr'>ambassiatorem</span> <span class='ocrx_word' id='word_1_572' title='bbox 1611 2883 1765 2915; x_wconf 87' lang='lat' dir='ltr'>vestrum,</span> <span class='ocrx_word' id='word_1_573' title='bbox 1783 2883 1967 2918; x_wconf 83' lang='lat' dir='ltr'>vestrasque</span> <span class='ocrx_word' id='word_1_574' title='bbox 1982 2887 2037 2917; x_wconf 88' lang='lat' dir='ltr'>per</span> <span class='ocrx_word' id='word_1_575' title='bbox 2053 2887 2126 2908; x_wconf 87' lang='lat' dir='ltr'>eum</span> <span class='ocrx_word' id='word_1_576' title='bbox 2143 2878 2236 2908; x_wconf 91' lang='lat' dir='ltr'>nobis</span> <span class='ocrx_word' id='word_1_577' title='bbox 2249 2877 2294 2908; x_wconf 87' lang='lat' dir='ltr'>di-</span> 
     </span>
     <span class='ocr_line' id='line_1_86' title="bbox 1286 2929 2294 2971; baseline 0.002 -12"><span class='ocrx_word' id='word_1_578' title='bbox 1286 2934 1387 2960; x_wconf 87' lang='lat' dir='ltr'>rectas</span> <span class='ocrx_word' id='word_1_579' title='bbox 1405 2930 1526 2961; x_wconf 86' lang='lat' dir='ltr'>litteras</span> <span class='ocrx_word' id='word_1_580' title='bbox 1541 2931 1740 2970; x_wconf 82' lang='lat' dir='ltr'>benignitate</span> <span class='ocrx_word' id='word_1_581' title='bbox 1756 2932 1934 2971; x_wconf 87' lang='lat' dir='ltr'>recepimus</span> <span class='ocrx_word' id='word_1_582' title='bbox 1951 2931 2112 2963; x_wconf 85' lang='lat' dir='ltr'>litteras...</span> <span class='ocrx_word' id='word_1_583' title='bbox 2133 2931 2216 2962; x_wconf 83' lang='lat' dir='ltr'>Sane</span> <span class='ocrx_word' id='word_1_584' title='bbox 2233 2929 2294 2962; x_wconf 82' lang='lat' dir='ltr'>col-</span> 
     </span>
     <span class='ocr_line' id='line_1_87' title="bbox 1286 2982 2291 3024; baseline 0.002 -12"><span class='ocrx_word' id='word_1_585' title='bbox 1286 2982 1424 3021; x_wconf 85' lang='lat' dir='ltr'>legimus</span> <span class='ocrx_word' id='word_1_586' title='bbox 1454 2993 1490 3014; x_wconf 81' lang='lat' dir='ltr'>ex</span> <span class='ocrx_word' id='word_1_587' title='bbox 1523 2983 1638 3015; x_wconf 89' lang='lat' dir='ltr'>litteris</span> <span class='ocrx_word' id='word_1_588' title='bbox 1668 2985 1859 3024; x_wconf 87' lang='lat' dir='ltr'>supradictis</span> <span class='ocrx_word' id='word_1_589' title='bbox 1889 2985 1973 3024; x_wconf 88' lang='lat' dir='ltr'>quod</span> <span class='ocrx_word' id='word_1_590' title='bbox 1987 3009 1994 3023; x_wconf 95' lang='lat'>,</span> <span class='ocrx_word' id='word_1_591' title='bbox 2024 2993 2098 3016; x_wconf 88' lang='lat' dir='ltr'>cum</span> <span class='ocrx_word' id='word_1_592' title='bbox 2129 2984 2291 3024; x_wconf 85' lang='lat' dir='ltr'>quondam</span> 
     </span>
    </p>
   </div>
  </div>
 </body>
</html>
