2393 3496
214 324 274 351 32⁸
964 319 1198 348 i‘itffils‘rttl-:s
1223 318 1275 347 DE
1299 317 1482 347 NICOLAS
1506 319 1560 347 tv.

211 388 276 426 aliq
293 398 320 417 io
337 388 481 423 derogari
500 386 707 422 counngvret.
726 384 900 422 quominus
924 384 955 412 iii
976 393 1031 412 sue
1056 383 1218 412 firmitatis

215 441 328 470 robore
346 440 562 479 perduint-ent.
582 439 725 475 Cumque
741 437 844 465 dictus
861 437 1028 474 episcopus
1048 437 1078 465 iii
1100 436 1218 474 prolixo

213 494 273 523 sibi
290 493 429 523 secundo
445 492 579 520 tei-:nino
594 499 739 527 expresso
753 489 898 526 superins
910 489 1138 527 comparuisset
1152 498 1217 526 per-

213 546 363 576 sonaliter
379 554 483 573 coi-aiii
502 544 602 577 uobis,
621 547 649 570 et
669 542 808 577 tandein,
827 542 1013 579 penitudine
1035 542 1159 576 ductus,
1178 541 1218 570 ad

212 599 346 628 consilia
364 597 495 626 meliora
513 606 544 624 se
563 596 702 623 ietereiis
719 599 747 623 1-1
766 603 828 623 11011
846 594 1004 632 judicium
1023 594 1075 623 sed
1094 594 1218 623 miseri-

211 652 348 682 cordiam
368 649 532 679 humiliter
553 647 731 686 postulans,
756 656 828 677 rum
854 648 1006 677 instantia
1029 648 1217 687 supplicavit

213 709 244 733 ut
269 712 374 732 serum
399 711 493 739 super
518 701 579 729 hiis
602 700 851 729 misericorditer
872 709 965 738 agere
987 700 1216 738 dignm-einum

212 757 296 785 unde
314 764 368 784 iios
386 754 507 783 dilectis
520 753 596 782 filiis
614 753 729 783 nostris
747 754 795 789 R,
815 753 898 783 tituli
916 754 1024 784 Sancti
1040 755 1171 784 Martini
1185 755 1216 784 iii

211 808 373 837 Montibus
388 807 582 845 presbytero.
602 811 675 836 tunc
688 807 795 836 Sancti
811 807 936 837 Nicolai
952 807 984 836 iii
998 807 1130 837 Carcerc
1145 807 1219 837 'l'iil-

210 862 308 895 liano,
329 866 357 889 et
375 861 517 894 Matheo,
537 860 651 889 Sancte
670 860 768 889 Mai-ie
790 861 822 889 111
840 861 968 890 Portiru
987 861 1131 891 diaconis
1150 871 1218 890 car-

209 914 383 948 dinalibus,
401 913 471 942 viva
489 922 562 942 voce
577 913 728 942 duximus
749 914 1014 943 committendum
1034 919 1069 943 ut
1084 914 1219 951 diligen-

211 974 256 997 ter
291 967 439 996 audirent
476 976 537 1005 que
575 967 658 995 idem
698 967 865 1005 episcopiis
899 976 994 1005 super
1032 967 1217 1005 hujusmodi

210 1021 334 1057 negotio
362 1020 481 1048 diceret
507 1028 612 1049 corani
643 1020 699 1049 eis.
729 1020 790 1055 Qui
821 1020 1019 1057 postmodum
1048 1021 1079 1049 in
1109 1030 1217 1050 eornm

209 1074 369 1112 presentia
395 1074 601 1107 constitutus,
627 1082 658 1102 se
682 1073 835 1102 nonnulla
860 1074 970 1111 gravia
991 1074 1029 1103 de
1055 1074 1220 1112 premissis

210 1132 322 1165 sponte
338 1126 499 1156 confessus
511 1127 613 1155 extitit
629 1126 839 1155 commisisse.
859 1127 1013 1162 Quamvis
1032 1127 1142 1164 igitur,
1164 1127 1220 1157 liu-

206 1180 349 1217 jusmodi
383 1179 564 1208 excessibus
599 1179 638 1207 ab
670 1179 779 1208 eodeni
813 1180 957 1218 episcopo
993 1179 1217 1210 Camerareiisi

210 1232 389 1261 commissis
416 1231 569 1269 profunda
593 1237 622 1259 et
641 1237 748 1260 exacta
772 1232 1027 1262 consideratione
1047 1233 1216 1269 discussis,

208 1285 247 1314 ad
267 1290 412 1323 perpetue.
428 1285 636 1322 depositionis
655 1285 846 1313 sententiani
865 1290 972 1314 contra
996 1295 1068 1315 euni
1094 1286 1218 1316 videre-

212 1343 262 1368 tur
279 1347 340 1368 11011
365 1338 526 1367 immerito
550 1338 805 1376 procedendum,
830 1347 887 1367 iios
911 1343 1034 1374 tamen,
1063 1348 1151 1369 more
1174 1340 1217 1378 pii

210 1392 308 1430 patris
324 1400 418 1429 quem
438 1400 498 1420 11011
520 1396 702 1429 pretereuut
718 1391 887 1421 incomoda
905 1391 1057 1428 filiorum,
1078 1393 1219 1431 benigna

211 1445 417 1475 meditatione
447 1449 613 1482 pensantes
639 1444 721 1482 quod
754 1449 947 1474 memoratus
977 1445 1219 1476 Cameracensis

210 1499 374 1536 episcopus
393 1502 517 1536 propter
535 1497 591 1526 1101·
608 1497 646 1526 ad
669 1497 776 1526 sedem
804 1497 1010 1536 apostolicam
1036 1499 1170 1528 veniens
1190 1503 1220 1529 et

208 1551 291 1590 apud
309 1553 408 1589 ipsam
427 1560 488 1580 non
510 1551 623 1580 modici
646 1552 794 1589 temporis
814 1553 915 1590 spatio
933 1561 1053 1582 morani
1076 1554 1216 1589 trahens,

210 1605 319 1642 gravia
342 1605 486 1634 laborum
513 1610 541 1633 et
567 1610 753 1643 sumptuum
781 1614 878 1635 onera
905 1615 966 1644 que
993 1606 1072 1636 solet
1094 1608 1219 1637 itineris

210 1659 368 1696 adaugere
395 1658 557 1697 prolixitas
581 1658 711 1697 pertulit
734 1668 872 1698 eumque
896 1660 1034 1698 perferre
1057 1661 1221 1699 continget

210 1712 249 1741 ad
264 1711 397 1740 eandem
410 1712 674 1741 Caiiieracenseni
691 1712 858 1741 ecclesiam
877 1712 1056 1745 redeundo:
1075 1714 1218 1743 couside-

212 1770 317 1795 rantes
334 1765 429 1794 etiam
451 1765 534 1803 quod
557 1765 723 1803 episcopus
745 1766 810 1803 ipse
833 1765 871 1795 de
894 1765 982 1795 fideli
1007 1771 1037 1796 et
1057 1767 1170 1797 devoto
1185 1777 1221 1797 ac

211 1817 311 1847 nobili
330 1826 447 1855 genere
466 1818 605 1846 noscitur
626 1823 808 1856 procreatus
831 1823 860 1847 et
880 1819 964 1858 quod
986 1819 1112 1858 culpam
1129 1830 1218 1850 suain

211 1872 245 1900 in
271 1871 329 1900 hac
355 1876 440 1909 parte
463 1871 668 1900 commissam
696 1877 871 1909 spontanea
896 1872 1057 1902 voluntate
1083 1873 1218 1910 detexit,

211 1924 359 1962 quodque
374 1933 446 1954 cum
465 1929 576 1962 sponte
595 1924 749 1953 coniessis
772 1925 811 1954 de
834 1925 1035 1963 benignitate
1058 1927 1138 1965 juris
1160 1927 1220 1956 mi-

212 1979 273 2007 tius
296 1982 342 2007 est
357 1977 517 2015 agendum
533 1989 539 2013 ;
556 1978 757 2007 attendentes
780 1987 906 2017 quoque
930 1988 1041 2009 causas
1062 1980 1138 2009 alias
1159 1990 1221 2019 que

210 2031 461 2061 considerationi
478 2041 510 2061 se
525 2032 664 2061 offerunt
682 2037 712 2060 et
727 2032 765 2061 ad
786 2033 997 2062 exercendam
1013 2034 1219 2064 clementiam

210 2089 350 2114 mentem
368 2084 506 2122 pulsant,
520 2089 549 2113 et
567 2089 731 2122 propterea
746 2086 783 2114 de
797 2085 1096 2125 misericordiaque
1113 2097 1220 2126 super-

210 2138 325 2167 exaltat
337 2138 459 2177 judicio
475 2138 619 2168 volentes
632 2139 882 2168 misericorditer
898 2148 992 2177 agere
1005 2149 1078 2170 cum
1095 2141 1217 2179 eodem,

210 2193 314 2229 rigore
335 2192 417 2229 juris
440 2192 689 2221 mansuetudine
713 2192 883 2230 apostolica
906 2197 1080 2232 temperato
1103 2200 1133 2224 et
1156 2195 1218 2225 hu-

208 2245 347 2283 jusmodi
361 2245 572 2283 depositionis
588 2246 746 2275 sententia
765 2246 938 2276 clementer
956 2248 1092 2285 omissa,
1116 2249 1219 2287 presa-

211 2303 277 2327 tum
298 2298 480 2337 episcopum
498 2298 536 2327 ab
557 2299 744 2328 executione
765 2300 955 2337 pontificalis
972 2301 1069 2331 officii
1084 2303 1220 2332 etcolla—

211 2353 297 2382 tione
316 2352 560 2390 prebendarum,
577 2352 773 2390 prioratuum
791 2358 821 2382 et
833 2353 1038 2391 dignitatum,
1054 2364 1127 2385 cum
1144 2366 1219 2387 cura

212 2411 242 2434 et
258 2406 326 2434 sine
346 2415 432 2441 cura,
457 2414 492 2434 ac
508 2405 644 2434 alioruin
664 2406 892 2436 beneficiorum
915 2408 954 2437 ad
978 2409 1046 2446 ejus
1064 2410 1220 2447 provisio-

212 2468 286 2487 nem
306 2468 361 2487 seu
380 2458 582 2488 collationem
607 2460 821 2498 spectantium
841 2470 940 2500 usque
957 2462 996 2491 ad
1015 2463 1190 2493 triennium
1203 2473 1221 2493 a

211 2512 283 2541 data
303 2512 496 2549 presentium
518 2512 754 2541 numerandum
773 2514 942 2551 apostolica
958 2516 1142 2548 auctoritate
1154 2526 1220 2547 sus-

213 2565 402 2603 pendimus,
422 2565 613 2603 prebeudaS,
634 2566 810 2604 prioratus,
830 2567 1000 2605 dignitates
1019 2573 1048 2598 et
1064 2569 1221 2600 beneficia

212 2618 321 2648 eadem
345 2618 472 2647 interim
498 2619 671 2656 provisioni
698 2624 728 2648 et
747 2620 907 2650 collationi
931 2622 1101 2660 apostolice
1121 2633 1220 2653 reser-

211 2676 333 2700 vantes.
356 2672 571 2701 Deceriientes
590 2682 625 2701 ex
653 2682 739 2702 nunc
762 2674 891 2703 irritum
918 2680 948 2704 et
967 2675 1064 2705 inane
1083 2676 1109 2706 si
1131 2686 1221 2707 secus

212 2724 250 2754 de
267 2724 329 2753 illis
347 2724 430 2753 infra
450 2724 625 2763 predictum
654 2730 775 2764 tempus
795 2737 849 2765 per
867 2737 1092 2768 quemcunque
1109 2732 1222 2768 quavis

212 2778 396 2807 anctoritate
428 2778 597 2815 contigerit
626 2780 817 2817 attemptari.
858 2781 1078 2812 Permittimus
1114 2789 1221 2814 autem

212 2830 296 2869 quod
314 2830 397 2860 idem
408 2830 647 2861 Cameracensis
663 2833 828 2872 episcopus
845 2835 1057 2872 parrochiales
1073 2836 1222 2867 ecclesias

212 2893 274 2922 que
290 2884 329 2913 ad
343 2893 433 2913 suam
451 2883 653 2914 collatimem
672 2886 831 2924 pertinere
851 2893 1037 2925 noscuntur,
1055 2890 1139 2920 infra
1156 2900 1222 2930 pre-

212 2937 331 2967 dictum
350 2937 526 2967 triennium
550 2942 730 2975 vacaturaS‚
762 2944 877 2978 iropter
895 2942 1078 2972 animarum
1097 2943 1223 2982 pericu-

212 2989 296 3026 lum,
315 2991 459 3029 personis
482 2990 615 3029 ydoneis
634 2992 776 3022 conserat
794 2992 832 3023 dc
853 2993 971 3032 quibus
993 2995 1108 3026 viderit
1130 3006 1221 3036 expe-

1302 382 1379 411 dire.
1408 383 1491 418 Quia
1519 391 1593 413 vero
1618 383 1754 421 dignum
1779 384 1844 413 sore
1871 383 2052 414 dinoscitur
2078 388 2108 414 et
2133 393 2309 416 consonum

1302 435 1418 464 rationi
1437 441 1469 465 ut
1492 436 1618 474 culpam
1640 436 1798 474 publicam
1826 445 1907 475 pena
1930 436 2058 475 publica
2081 437 2309 477 subsequatur,

1302 487 1449 517 volumus
1477 493 1506 518 et
1527 489 1671 519 districte
1699 489 1893 528 precipimus
1913 489 2137 519 Cameracensi
2164 491 2310 531 episcopo

1302 542 1440 579 sepefato
1460 546 1492 571 ut
1511 542 1544 571 in
1562 541 1705 579 generali
1724 541 1922 580 pai-lamento
1939 542 2081 571 Paris-ius
2100 542 2309 581 celebrando,

1302 599 1331 623 et
1347 595 1547 633 postmodum
1565 595 1597 624 iii
1616 595 1776 633 presentia
1792 594 2011 624 universitatis
2033 594 2202 625 scolarium
2222 596 2311 626 Pari-

1301 649 1455 677 sieiisiuni
1477 654 1602 686 propter
1620 649 1677 677 1100
1694 658 1749 686 pei·
1771 648 1909 678 eundem
1933 648 2117 687 episcopum
2139 649 2313 687 spetialiter

1301 701 1524 738 congregande
1551 701 1608 730 has
1633 705 1756 731 nostras
1780 700 1902 730 litteras
1926 701 2050 739 publice
2078 701 2142 739 legi
2165 702 2260 732 faciat
2283 707 2314 733 et

1301 754 1464 791 distincte,
1485 759 1517 784 ut
1537 763 1647 784 earum
1664 755 1764 784 series
1786 759 1861 784 tunc
1878 755 2081 793 presentibus
2101 755 2244 794 apertius
2262 757 2312 786 in-

1303 812 1458 843 notescat,
1487 808 1634 846 ipseque,
1662 807 1808 846 perlectis
1829 807 1950 837 eisdem
1970 807 2100 844 litteris,
2126 808 2314 839 confiteatur

1301 861 1429 891 oraculo
1447 861 1517 890 vive
1532 862 1616 891 vocis
1631 861 1715 900 quod
1734 866 1860 899 propter
1879 861 2036 891 nonnulla
2053 862 2163 900 gravia
2187 862 2226 891 de
2242 871 2314 901 pre-

1302 915 1394 945 dictis
1411 925 1474 953 que
1492 915 1656 944 confessus
1679 915 1781 944 extitit
1807 924 1854 951 se,
1883 920 1917 944 ut
1940 915 2155 953 premittitur,
2180 916 2314 946 commi-

1303 969 1381 997 sisse
1399 977 1477 1006 peue
1493 968 1553 997 sibi
1571 973 1646 997 sunt
1662 967 1812 1006 imposite
1831 973 2016 998 memorate.
2038 968 2129 998 Nulli
2146 977 2235 1007 ergo.
2253 972 2312 1000 etc.

1304 1027 1409 1051 nostre
1421 1022 1653 1059 suspensionis,
1664 1022 1902 1057 reservationis,
1917 1022 2166 1056 constitutionis,
2180 1022 2314 1060 permis-

1303 1076 1404 1105 sionis
1422 1080 1451 1104 et
1466 1076 1601 1114 precepti
1618 1075 1806 1112 iusi-ingere,
1821 1079 1877 1104 etc.
1894 1076 1927 1105 Si
1944 1075 2016 1114 quis
2031 1079 2149 1112 autem,
2165 1079 2223 1105 etc.
2242 1075 2312 1105 Dat.

1301 1129 1385 1167 apud
1402 1129 1678 1165 Urbemveterem‚
1696 1139 1715 1157 v
1733 1137 1834 1159 nonas
1848 1129 1996 1165 octobris,
2013 1138 2100 1159 311110
2115 1133 2239 1168 quarto.
2258 1141 2272 1156 »

1375 1288 1632 1317 6141-6142

1338 1351 1383 1377 Ad
1401 1352 1572 1378 solutionem
1591 1346 1752 1378 debitorum
1775 1351 1993 1379 Cameracensis
2012 1353 2162 1380 ecclesiae.
2174 1351 2256 1386 (Rau.
2269 1351 2313 1383 46,
2355 1383 2357 1385 ,

1302 1410 1327 1428 c.
1346 1392 1406 1432 552⁷,
1424 1402 1443 1428 f.
1464 1401 1511 1427 i09
1529 1401 1579 1435 vo.)

1849 1288 1980 1322 Orvieto,
2000 1290 2014 1316 3
2030 1289 2148 1315 octobre
2164 1288 2242 1317 129¹.

1349 1505 1516 1534 Venerabili
1534 1505 1630 1540 fratri
1649 1527 1668 1534 ..
1688 1505 1821 1542 episcopo
1839 1503 2060 1533 Cameracensi.
2085 1516 2099 1531 «
2119 1503 2211 1534 Nosti
2229 1505 2316 1544 quod

1302 1557 1544 1588 Cameracensis
1570 1557 1703 1587 ecclesia
1724 1557 1850 1595 magnis
1875 1562 2060 1596 pregravata
2079 1557 2187 1587 existit
2208 1558 2315 1588 oneri-

1302 1612 1361 1641 bus
1379 1611 1580 1646 debitorum,
1599 1620 1653 1649 pei·
1676 1615 1703 1640 te
1726 1615 1858 1649 tuosque
1880 1611 2116 1649 predecessores
2139 1615 2314 1641 contracto-

1303 1673 1374 1694 rum
1392 1664 1588 1702 temporibus
1604 1665 1779 1694 retroactis.
1796 1664 1861 1694 Nos
1877 1669 1983 1693 autem
1997 1673 2092 1702 super
2104 1664 2168 1694 hiis
2184 1663 2316 1695 ecclesie

1302 1718 1532 1756 compatientes
1550 1717 1653 1746 eidem
1671 1721 1701 1746 et
1717 1717 1880 1755 cupientes
1899 1721 1934 1746 nt
1949 1727 1967 1746 a
1984 1716 2136 1755 predictis
2157 1716 2317 1747 relevetur

1302 1771 1468 1806 oneribus,
1497 1780 1554 1805 ne,
1580 1770 1663 1809 quod
1689 1770 1786 1800 absit!
1814 1770 1943 1800 illorum
1973 1769 2183 1800 multitudine
2208 1779 2317 1809 pressa

1302 1824 1423 1854 diutius
1445 1824 1695 1862 irreparabiliter
1712 1823 1907 1858 collabatur,
1928 1823 2151 1854 interdicimus
2168 1824 2226 1854 tihi
2241 1823 2317 1854 alie-

1304 1878 1402 1907 nandi
1419 1886 1473 1906 seu
1496 1877 1736 1915 quomodolibet
1759 1876 1962 1906 distrahendi
1986 1876 2036 1906 vel
2053 1876 2218 1915 obligandi
2234 1877 2318 1907 bona

1303 1931 1484 1961 immobilia
1507 1930 1650 1968 ejusdem
1668 1930 1908 1960 Cameracensis
1929 1930 2060 1961 ecclesie
2075 1939 2111 1961 ac
2128 1930 2224 1960 etiam
2239 1939 2318 1961 con-

1304 1984 1453 2014 trahendi
1484 1988 1632 2013 mutuum
1666 1983 1888 2014 omnimodam
1916 1987 2124 2022 potestatem,
2150 1984 2213 2013 nisi
2241 1987 2318 2014 tunc

1302 2039 1433 2067 demum
1461 2045 1534 2066 cum
1563 2037 1762 2066 necessitatis
1793 2042 1920 2074 urgeret
1948 2036 2102 2067 articulus
2131 2041 2161 2066 et
2187 2037 2317 2076 capituli

1302 2090 1545 2122 Cameracensis
1556 2099 1731 2120 consensus
1745 2090 1908 2120 accederet
1918 2090 1958 2119 ad
1970 2089 2154 2128 hujusmodi
2167 2095 2316 2120 mutuum

1303 2154 1358 2184 pro
1377 2144 1478 2183 ipsius
1494 2143 1626 2173 ecclesie
1650 2143 1842 2173 utilitatibus
1858 2143 2126 2173 contrahendum.
2144 2143 2212 2174 Nos
2227 2143 2317 2174 enim

1302 2198 1455 2236 quicquid
1476 2200 1586 2227 contra
1606 2196 1791 2235 hujusmodi
1813 2199 1954 2226 nOStram
1976 2196 2184 2227 inibitionem
2205 2196 2317 2227 feceris

1302 2251 1506 2281 decernimus
1539 2249 1669 2278 irritum
1702 2254 1731 2278 et
1760 2249 1880 2286 inane3
1912 2249 2146 2279 nichilominus
2176 2249 2234 2279 tibi
2263 2259 2318 2289 per

1302 2303 1475 2343 apostolica
1493 2304 1609 2341 scripta
1624 2303 1768 2332 districte
1784 2302 1988 2342 precipiendo
2004 2303 2194 2332 mandantes
2210 2303 2316 2342 quati-

1304 2367 1364 2387 nus
1381 2358 1419 2388 de
1436 2357 1642 2396 proventibus
1660 2357 1722 2386 tuis
1743 2355 1876 2386 ecclesie
1897 2355 2094 2394 supradicte,
2112 2364 2199 2386 anno
2216 2355 2317 2396 quoli-
2350 2381 2376 2396 Ι,

1303 2412 1364 2448 bet,
1378 2411 1521 2451 quinque
1536 2410 1626 2440 milia
1640 2410 1795 2440 librarum
1811 2409 2036 2439 turonensium
2053 2418 2224 2448 parvorum
2240 2418 2316 2440 con-

1303 2470 1406 2495 vertas
1423 2466 1557 2495 omnino
1575 2464 1609 2493 in
1633 2463 1894 2494 exonerationem
1916 2463 2102 2502 hujusmodi
2122 2463 2315 2494 debitorum.

1304 2519 1461 2557 Alioquin
1480 2517 1718 2547 venerabilibus
1735 2517 1887 2546 fratribus
1905 2516 2024 2547 11051115
2042 2539 2062 2546 ..
2083 2516 2275 2554 Parisiensi,
2296 2539 2315 2546 ..

1304 2571 1516 2603 Noviomensi
1539 2576 1569 2601 et
1588 2595 1606 2601 ..
1627 2571 1860 2601 silvanectensi
1884 2570 2040 2609 episcopis
2064 2570 2177 2600 damus
2201 2570 2318 2601 nostris

1304 2625 1419 2655 litteris
1435 2625 1469 2654 in
1486 2624 1647 2654 mandatis
1664 2628 1697 2653 ut
1714 2629 1742 2654 te
1757 2624 1796 2654 ad
1816 2624 1869 2671 id,N
1883 2633 1938 2663 pei·
1956 2633 1989 2654 se
2008 2623 2057 2653 vel
2075 2632 2128 2663 per
2143 2623 2244 2653 alium
2261 2631 2318 2653 seu

1304 2679 1400 2714 alios,
1421 2678 1608 2708 anctoritate
1626 2681 1752 2714 nostra,
1773 2677 1989 2716 appellatione
2013 2680 2153 2714 remota,
2178 2675 2319 2716 compel-

1304 2732 1383 2761 lant.
1406 2732 1477 2761 Nou
1497 2731 1642 2761 obstante
1658 2731 1684 2760 si
1703 2731 1762 2760 tibi
1778 2739 1796 2760 a
1815 2730 1888 2760 sede
1905 2729 2079 2769 apostolica
2097 2730 2139 2759 sit
2155 2729 2320 2760 indultum

1304 2785 1389 2824 quod
1406 2784 1678 2815 excommunicari
1694 2789 1749 2814 aut
1765 2783 1913 2813 interdici
1932 2791 2072 2822 nequeas
2088 2781 2138 2812 vel
2154 2782 2317 2822 suspendi.

1306 2839 1377 2868 Dat.
1396 2842 1430 2868 ut
1448 2847 1554 2877 supra.
1579 2850 1591 2865 ι)

1345 2892 1382 2921 In
1406 2901 1433 2921 e.
1462 2901 1505 2921 m.
1531 2914 1550 2921 ..
1577 2891 1768 2928 Parisiensi,
1788 2914 1808 2920 ..
1831 2890 2042 2921 Noviomensi
2061 2893 2092 2920 et
2113 2911 2132 2919 ..
2155 2889 2321 2920 Silvanec-

1305 2944 1387 2975 tensi
1402 2944 1558 2983 episcopis
1571 2945 1702 2974 mandat
1715 2949 1748 2974 ut
1760 2944 1829 2981 W.,
1841 2943 2107 2974 Cameracensem
2120 2942 2317 2982 episcopum,

1305 2998 1344 3028 ad
1360 2998 1521 3037 praedicta
1538 2998 1688 3029 mandata
1703 2997 1867 3037 implenda
1884 2994 2088 3036 compellant.
