2393 3496
682 384 818 414 TABLE
840 379 1174 420 ALPHABETIQUE
1196 384 1274 414 DES
1296 386 1414 417 NOMS
1438 388 1644 420 PROPRES.
2138 391 2212 422 1175

117 446 308 484 GregoriuS,
328 447 425 477 abhas
452 456 539 478 mon.
559 448 591 479 S.
613 450 735 480 Mariae
757 451 795 480 de
818 451 1023 485 Castellione.
1043 452 1121 481 Par-

158 500 278 529 mensis
294 500 324 530 d.
344 500 432 531 4686.

118 553 304 590 GregoriuS,
323 553 446 583 archid.
466 554 497 584 S.
516 555 665 586 Andreae
680 557 714 586 in
731 566 776 587 ec.
794 557 996 596 Glasgwensi
1013 559 1060 588 27.

117 606 304 644 Gregorius,
321 612 425 637 custos
440 617 485 638 ec.
504 608 655 639 Albensis
671 610 739 640 739.

117 659 304 697 Gregorius,
323 661 408 698 prior
424 669 469 690 ec.
488 661 518 691 S.
539 661 707 692 Michaelis
723 663 810 693 5526.

117 712 300 750 Gregorius,
318 713 420 743 banus
436 713 625 745 Sclavoniae
642 715 731 746 4327.

116 765 301 803 Gregorius,
321 771 414 796 natus
430 767 587 805 Gregorii,
605 768 682 798 bani
697 769 885 801 Sclaveniae
902 770 990 801 4327.

117 819 289 857 Gregorius
307 820 512 857 Duraguerra
530 820 617 851 3467.

117 873 292 911 Gregorius
309 872 420 902 Gattns
436 873 524 903 3467.

117 926 291 964 Gregorius
307 925 447 960 Judieis‚
471 928 645 957 canonicus
668 937 713 959 ec.
731 928 763 958 S.
784 928 940 967 Stephani
959 930 1125 960 Alatrinae

159 978 248 1009 5903.

116 1032 289 1070 Gregorius
304 1031 422 1065 Machi,
441 1032 617 1062 canonicus
634 1033 846 1064 Rossanensis
861 1034 949 1064 6642.

115 1085 290 1124 Gregorius
308 1084 346 1115 de
362 1085 547 1120 Romanna,
569 1090 670 1116 rector
685 1086 879 1125 Campaniae
895 1092 925 1117 et
941 1088 1126 1118 Maritimae

156 1137 244 1168 3467.

114 1191 288 1230 Gregorius
304 1192 343 1221 de
358 1192 447 1222 Urbe
463 1192 534 1222 970.

113 1244 273 1275 Grelliaco
290 1245 470 1284 (Johannes
486 1245 548 1284 de),
566 1246 792 1276 Gebennensis
810 1246 840 1276 d.
862 1247 912 1277 Cf.
929 1247 1038 1277 Grilli.

113 1298 270 1329 Gremaut
287 1299 356 1328 266.

112 1353 272 1384 Gremerii
286 1353 346 1392 (ec.
364 1352 413 1392 S.)
428 1353 466 1382 de
483 1353 632 1383 Murello.
651 1353 699 1383 Cf.
718 1354 888 1383 Germerii.

112 1405 273 1436 Gremona
289 1406 347 1443 (ec.
367 1406 399 1436 S.
418 1406 540 1436 Mariae
556 1406 618 1445 de),
638 1407 867 1445 Aquilegensis
884 1407 913 1436 d.
935 1407 1023 1437 5695.

51 1492 57 1499 .
112 1458 307 1489 Grenestede
323 1458 381 1498 (ec.
399 1459 462 1497 de),
481 1459 689 1489 Cicestrensis
706 1459 736 1489 d.
758 1459 845 1490 1797.

113 1513 262 1543 Gresiaco
276 1512 485 1551 (Guillelmns
501 1513 564 1552 de),
582 1512 807 1543 Gebennensis
823 1513 854 1543 d.
876 1514 962 1544 1725.

113 1565 334 1603 Gresiguanae
351 1566 462 1595 Pirani
481 1566 590 1596 insula
606 1565 676 1596 237.

45 1611 51 1655 Α,
115 1618 285 1649 Gressibus
299 1619 357 1658 (ec.
376 1618 409 1648 S.
428 1619 584 1657 Stephani
601 1619 651 1658 de)
668 1620 861 1649 Parisiensis
875 1619 964 1649 2721.

115 1672 246 1703 Gressio
260 1672 434 1711 (prioratus
451 1672 504 1711 de)
523 1673 568 1702 12.

116 1725 223 1761 Greia,
242 1730 315 1755 nata
331 1725 486 1764 principis
502 1726 696 1764 Ruynorum
712 1726 800 1756 2276.

115 1778 218 1809 Greve
234 1779 291 1817 (ec.
316 1778 348 1808 S.
374 1779 493 1808 Mariae
515 1779 566 1817 de)
583 1778 771 1818 plebanatus
797 1779 897 1817 plebis
921 1779 959 1808 de
976 1778 1127 1817 Giogole,

156 1832 361 1861 Florentinae
378 1831 409 1861 d.
430 1831 519 1862 5381.

115 1885 284 1915 Grevefeld
303 1884 512 1924 (Guilleltnus
534 1885 598 1924 de),
616 1886 792 1916 canonicus
812 1885 1020 1916 Eboracensis
1038 1885 1126 1916 6700.

115 1938 342 1976 Grevemughe
357 1939 416 1977 (ec.
436 1939 468 1968 S.
486 1939 618 1977 Georgii
635 1939 757 1978 prope),
774 1939 970 1969 Morinensis
987 1938 1017 1968 d.
1038 1938 1126 1969 3690.

113 1991 291 2021 Grevenrot
308 1991 539 2030 (Bernhelmus
557 1991 620 2030 de),
639 1992 816 2022 canonicus
835 2001 881 2022 ec.
903 1992 936 2022 S.
957 1991 1126 2022 Bartholo—

154 2045 236 2074 maei
254 2044 585 2081 Frankenvordensis,
605 2045 815 2083 Maguntinae
833 2045 863 2075 d.
883 2045 972 2075 7645.

94 2089 98 2092 ’
113 2097 293 2128 Greverode
309 2097 410 2136 (mon.
428 2098 482 2138 de)
498 2098 566 2128 286.

111 2151 272 2181 Grextoue
286 2151 347 2190 (ec.
365 2151 427 2190 de),
447 2151 668 2182 Nox-wicensis
687 2152 718 2181 d.
737 2152 826 2182 6373.

112 2204 228 2234 Griffiu
247 2197 458 2242 (Gaufridus),
480 2205 699 2236 thesaurarius
721 2215 767 2236 ec.
792 2206 1010 2236 Landavensis
1033 2204 1122 2235 3397.

152 2257 199 2288 Cf.
220 2257 400 2288 Gruffinus.

111 2310 207 2341 Griui
226 2310 408 2350 (Johaunes
432 2311 498 2350 de),
521 2312 706 2350 capitaneus
731 2313 836 2350 gentis
857 2311 1012 2350 Philippi,
1034 2311 1124 2348 regis

153 2364 316 2401 Franciae,
333 2365 366 2394 in
383 2365 481 2394 Terra
499 2364 616 2395 Sancta
634 2366 702 2401 620,
723 2365 809 2400 1713,
831 2365 915 2399 1941,
937 2364 1122 2400 2252-2258,

153 2417 241 2453 2269,
260 2417 348 2453 4387,
366 2417 454 2453 4393,
473 2418 560 2455 4400,
580 2418 669 2448 4401.
689 2418 739 2448 Cf.
756 2418 925 2449 Grelliaco.

112 2470 234 2501 Grillus
246 2471 427 2510 (Johannes
439 2471 574 2501 Arnaldi
591 2471 719 2510 dictus),
733 2471 869 2501 clericus
885 2470 1126 2500 Lemovicensis

154 2523 245 2555 3621.

113 2579 236 2610 Grimal
255 2580 314 2618 (ee.
335 2580 398 2619 de),
417 2580 646 2618 Forojuliensis
666 2581 696 2610 d.
716 2581 785 2610 528.

111 2633 288 2663 Grimaldis
304 2633 534 2672 (Borgaminus
550 2634 612 2673 de),
632 2635 712 2664 civis
729 2634 909 2664 Januensis
929 2633 1020 2662 5044.

111 2685 287 2716 Grimaldis
305 2686 451 2723 [Jacobus
468 2686 530 2725 de),
549 2687 628 2716 civis
645 2687 820 2717 Januensis
839 2686 925 2715 1760.

112 2739 285 2769 Grimaldis
301 2739 522 2778 (Johanninus
541 2740 604 2779 de).
624 2741 702 2770 civis
719 2740 895 2770 Jauuensis
914 2739 980 2768 150.

112 2792 287 2822 GrimaIdis
303 2793 487 2831 (Philippus
503 2794 566 2832 de),
583 2794 661 2823 civis
677 2794 737 2822 Jan
745 2793 853 2822 nensis
870 2792 956 2822 3986.

113 2844 289 2874 Grimaldis
303 2846 427 2884 (Sorleo
443 2846 506 2884 de),
524 2847 604 2876 civis
619 2846 796 2876 Januensis
813 2845 903 2875 3972.

113 2897 280 2928 Grimaldo
298 2899 477 2937 (castellum
497 2909 552 2929 sen
569 2899 645 2929 villa
661 2900 711 2938 de)
729 2900 798 2928 526.

113 2950 343 2981 Grimauderia
363 2953 420 2991 (ec.
446 2953 478 2983 S.
500 2953 647 2992 Eparchii
672 2953 741 2992 de),
763 2951 964 2982 Pictavensis
985 2950 1017 2980 d.
1036 2950 1123 2979 5640.

114 3003 328 3035 Grimbovilla
346 3008 400 3043 (ec.
418 3006 480 3045 de),
502 3006 769 3044 Rothomagensis
786 3005 818 3035 d.
836 3005 925 3034 2514.

115 3055 348 3088 Grimenberch
365 3058 493 3097 (domus
510 3059 547 3088 fr.
571 3059 650 3088 min.
670 3058 733 3097 de),
754 3057 966 3095 Maguntinae
986 3055 1016 3085 d.
1036 3054 1122 3085 2964.

1207 451 1375 482 Grimondi
1393 455 1448 491 (ec.
1467 455 1504 484 de
1521 455 1696 495 Plesseyo),
1720 457 1901 496 Baj00ensis
1917 457 1948 489 d.
1967 457 2055 487 2940.

1207 505 1370 536 Grinionis
1384 507 1532 545 (Egidius
1547 509 1658 549 Petri),
1675 510 1849 540 canonicus
1865 511 2014 541 Oscensis
2030 511 2120 542 3598.

1207 558 1395 588 Grimovilla
1415 560 1621 598 (Guillelmus
1646 563 1712 602 de),
1740 567 1842 593 rector
1868 572 1912 593 ec.
1943 563 1978 594 S.
2008 564 2149 602 Remigii
2173 564 2212 594 de

1248 613 1369 650 Dyppa,
1389 613 1655 652 Rothomagensis
1670 615 1700 646 d.
1719 616 1788 651 944,
1809 617 1896 647 2539.

1207 665 1378 703 Grisogoni
1395 667 1494 704 (mon.
1513 666 1562 706 S.)
1575 668 1731 698 Jadrense
1748 668 1817 699 366.

1207 718 1414 756 Grisogouus.
1430 728 1580 750 romanae
1596 721 1747 752 eeclesiae
1763 722 1916 752 diaconus
1932 723 2105 753 cardinalis
2121 728 2151 754 et
2165 723 2212 753 bi-

1247 770 1469 801 bliothecarius
1485 773 1575 802 6178.

1207 823 1396 854 Grisostomi
1408 825 1465 863 (ec.
1477 826 1508 855 S.
1519 826 1692 866 Johannis)
1703 828 1740 857 de
1753 828 1907 859 Venetiis.
1923 828 1970 858 Cf.
1984 830 2211 860 Chrisostomi.

1208 876 1406 914 Grogouzola
1422 877 1481 916 (ec.
1500 878 1555 908 SS.
1574 879 1719 909 Gervasii
1739 885 1768 910 et
1785 881 1944 911 Prothasii
1960 882 2029 920 de),
2054 882 2211 913 Mediola-

1249 930 1359 959 nensis
1377 930 1408 959 d.
1432 931 1516 960 1808.

1207 982 1436 1020 Grogonzolam
1453 984 1511 1022 (ec.
1531 984 1562 1014 S.
1582 985 1730 1015 Herastni
1750 988 1854 1025 prope)
1876 987 1963 1016 1808.

1208 1036 1394 1066 Grondinns
1406 1037 1640 1068 Bartholomaei
1653 1039 1692 1068 de
1707 1039 1877 1075 Bucclano,
1892 1041 2067 1070 Theatinae
2079 1042 2108 1071 d.
2122 1041 2214 1073 3231.

1208 1088 1425 1118 Grossatensis
1441 1091 1614 1129 episcopus.
1635 1091 1683 1121 Cf.
1701 1091 1911 1122 Grossetanus
1927 1094 2102 1132 episcopus.

1209 1141 1346 1171 Grossen
1363 1143 1519 1173 Trebbow
1534 1144 1636 1183 (villa)
1653 1144 1742 1174 7534.

1209 1194 1399 1225 Grossetana
1413 1196 1567 1226 dioecesis
1584 1198 1672 1233 2556,
1688 1198 1777 1235 4761,
1796 1198 1883 1235 4762,
1898 1199 1986 1234 5150,
2004 1199 2098 1236 5902;
2114 1217 2151 1222 —
2164 1209 2214 1230 ec·

1248 1247 1345 1277 clesia
1360 1248 1544 1286 4759-4763,
1563 1249 1650 1280 5903.

1209 1301 1419 1330 Grossetanus
1442 1302 1521 1331 civis
1547 1303 1641 1340 7281,
1668 1304 1763 1341 72823
1788 1322 1826 1326 —
1850 1305 2013 1343 episcopus
2039 1305 2112 1342 595,
2137 1305 2212 1342 596,

1249 1354 1343 1391 2489,
1361 1353 1455 1391 4308,
1472 1355 1639 1386 4759-4763
1651 1379 1658 1392 ‚
1679 1357 1756 1387 4800
1768 1379 1775 1393 ,
1793 1358 1885 1391 6664,
1905 1358 1997 1395 6719,
2018 1358 2106 1395 6858,
2125 1359 2213 1395 7171,

1249 1408 1338 1444 717‘2,
1358 1409 1446 1438 7220.

1209 1460 1316 1499 Groyn
1335 1461 1486 1500 (Petrus),
1503 1463 1677 1492 canonicus
1694 1463 1967 1493 Barchinonensis
1987 1464 2051 1494 183.

1210 1514 1297 1544 Grua
1311 1514 1369 1552 (ee.
1393 1514 1425 1544 S.
1445 1515 1567 1545 Nicolai
1585 1515 1647 1555 de),
1666 1517 1863 1546 pictavensis
1882 1518 1911 1547 d.
1931 1517 2018 1547 3658.

1210 1567 1319 1597 Gruba
1334 1567 1372 1596 de
1389 1568 1485 1603 Arbo,
1505 1570 1698 1599 Auserensis
1717 1570 1747 1599 (1.
1766 1570 1855 1601 4690.

1211 1620 1387 1656 Gruffinus,
1407 1621 1622 1651 Laudavensis
1640 1622 1670 1653 d.
1689 1623 1776 1653 6051.
1793 1623 1841 1654 Cf.
1860 1624 1986 1654 Griffin.

1211 1673 1406 1712 Grnmeleya
1427 1674 1486 1711 (ec.
1503 1674 1556 1712 de)
1575 1675 1661 1705 1072.

1211 1726 1379 1756 Grundula
1403 1727 1567 1765 (Albertus
1595 1728 1664 1767 de),
1690 1731 1863 1760 canonicus
1889 1731 2055 1769 Lucanus,
2081 1731 2215 1770 scriptor

1252 1789 1348 1818 papae
1365 1780 1452 1809 7570.

1211 1832 1338 1862 Grunni
1357 1833 1505 1872 (Petrus),
1525 1835 1700 1865 canonicus
1717 1835 1989 1866 Barchinonensis
2005 1836 2094 1866 5818.

1210 1886 1443 1924 Gryrnberghis
1458 1887 1633 1925 (Gerardus
1652 1887 1724 1926 de),
1740 1888 1881 1918 decanus
1897 1889 2108 1919 Tornacensis
2124 1889 2212 1919 5740.

1210 1938 1370 1968 Gualandi
1387 1939 1538 1978 (Nellus),
1557 1946 1712 1971 mercator
1728 1940 1817 1971 7199.

1211 1992 1617 2032 Gualandi(1³aganellus),
1636 1999 1791 2024 mercator
1805 1994 1855 2030 96,
1876 1995 1941 2031 105,
1960 1995 2047 2025 7111.

1210 2045 1396 2081 Gualascus,
1414 2047 1586 2075 canonicus
1601 2046 1818 2076 Civitatensis.
1837 2047 1885 2078 Cf.
1904 2048 2066 2078 Velascus.

1210 2099 1333 2129 Gualba
1351 2099 1523 2137 (Gerardus
1541 2099 1589 2136 de)
1612 2100 1677 2129 155.

1209 2152 1326 2183 Gualdi
1342 2157 1492 2189 castrum,
1511 2152 1691 2182 Nucerinae
1709 2154 1740 2183 d.
1758 2153 1847 2183 7329.

1209 2206 1332 2237 Gualdo
1346 2208 1442 2244 (mon.
1459 2206 1490 2235 S.
1509 2206 1673 2236 Benedicti
1689 2206 1752 2246 de),
1769 2207 1953 2237 Nucerinae
1970 2208 2000 2237 d.
2017 2208 2105 2245 6509,
2121 2208 2214 2246 6510;

1248 2276 1287 2281 —
1302 2259 1360 2297 (ec.
1381 2259 1419 2289 fr.
1438 2259 1518 2288 min.
1535 2259 1587 2297 de)
1603 2259 1692 2288 4740.

1209 2312 1395 2350 Gualganus
1414 2312 1503 2341 3467.

1209 2365 1396 2403 Gualganus
1416 2365 1637 2403 Dnraguerrae
1654 2366 1742 2395 3467.

1209 2418 1394 2456 Gualganus
1410 2418 1705 2448 ζ101130055363467.

1208 2472 1418 2509 Gualguanus
1434 2471 1471 2501 de
1488 2471 1635 2501 Sculeula
1651 2472 1740 2501 7097.

1209 2524 1413 2555 Gualhardus
1429 2524 1467 2553 de
1482 2524 1624 2554 Condato
1641 2524 1731 2555 6053.

1209 2577 1355 2607 Gualteri
1369 2577 1569 2616 (Obertinus)
1584 2577 1622 2606 de
1637 2577 1832 2608 Castrovicto
1853 2578 2020 2607 Parmensi
2039 2578 2127 2608 5621.

1210 2630 1352 2660 Gualteri
1369 2630 1510 2668 (Petrus)
1531 2630 1569 2659 de
1587 2630 1843 2667 Chamberonio,
1863 2631 2058 2661 Pictavensis
2075 2631 2106 2660 d.
2127 2631 2215 2661 5427.

1208 2682 1352 2712 Gualteri
1369 2682 1551 2720 (Robertus)
1573 2683 1611 2712 de
1633 2683 1865 2722 Wydyhulhe,
1885 2684 2056 2714 canonicus
2075 2684 2113 2713 de
2133 2684 2215 2713 Has-

1251 2737 1337 2773 tinge
1357 2735 1446 2764 5286.

1210 2788 1367 2818 Gualterii
1383 2787 1616 2826 (Guillelmus),
1636 2789 1674 2817 fr.
1695 2790 1772 2818 min.
1793 2789 1831 2818 de
1851 2789 2019 2824 Medicino‚
2038 2789 2217 2826 Agennen—

1251 2842 1294 2871 sis
1309 2841 1339 2870 d.
1359 2841 1450 2871 6053.

1209 2893 1365 2924 Gnalterii
1380 2893 1591 2932 (Stephanus)
1607 2893 1645 2923 de
1663 2894 1824 2924 Tadwelle
1840 2893 1927 2924 6394.

1211 2946 1411 2981 Gualterius,
1430 2946 1587 2984 Trojauus
1604 2947 1767 2984 episcopus
1787 2950 1817 2976 et
1833 2947 1926 2983 regni
1949 2945 2076 2976 Siciliae
2093 2946 2220 2976 cancel·

1250 2999 1349 3028 larius
1365 2998 1548 3028 5162-5164.

1210 3051 1404 3086 Gualterius,
1422 3056 1522 3081 rector
1538 3060 1583 3080 ec.
1600 3051 1638 3080 de
1654 3051 1854 3088 Castellione‚
1872 3050 2062 3081 Sabineusis
2074 3051 2106 3081 d.
2124 3050 2214 3081 3110.
