2393 3496
6 0 62 21 vv

858 341 1070 373 REGISTRE
1092 340 1307 372 CAMERAL.
2074 340 2130 372 993

43 418 117 452 alias
137 413 305 446 afficiendo
326 413 431 451 ipsum
454 411 564 441 multis
584 411 714 450 injuriis
733 414 762 440 et
777 408 980 448 improperiis
995 407 1042 437 la-

43 468 200 504 cescendo‚
214 475 316 505 nuper
327 465 427 495 iidem
441 464 590 500 Nursini,
601 465 639 494 de
649 464 714 494 suis
724 462 860 492 malitiis
871 461 1042 500 gloriantes

44 528 73 556 et
93 527 241 561 tanquam
263 519 297 548 in
316 518 487 557 reprobum
508 526 638 547 sensum
657 517 741 553 dati,
760 516 867 555 pejora
885 513 1043 553 prioribus

43 574 233 609 committere
249 580 313 602 non
331 575 488 607 verentes,
507 574 646 599 castrum
665 569 772 608 ipsum
787 568 826 597 de
846 575 928 597 novo
944 565 1042 594 inhu-

45 629 176 663 maniter
194 626 402 662 invadentes,
421 624 569 655 fortilitas
588 624 689 663 ipsius
711 623 794 653 inibi
816 631 872 661 per
888 624 1042 651 rectorem

43 684 170 716 ducatus
184 679 347 719 Spolctani
366 681 563 708 constructas
579 682 610 707 et
624 685 788 706 cassamen
808 676 894 714 ejus,
920 674 956 703 in
981 681 1043 711 quo

43 740 107 770 erat
131 735 217 765 locus
240 733 375 763 fratrum
406 732 582 763 minorum.
619 730 766 760 funditus
797 729 1041 764 destruxerunt,

44 787 211 823 occidendo
232 785 403 816 crudeliter
426 783 601 815 nonnullos
623 783 722 822 ipsius
739 782 834 813 castri
852 781 999 811 homines
1015 783 1045 809 et

43 843 118 876 alias
142 840 234 871 bonis
262 838 399 878 propriis
427 837 612 876 spoliando,
638 836 780 874 cogendo
809 833 1043 864 nichilominus

43 902 207 929 commune
222 901 259 922 ac
274 892 423 922 homiues
447 891 542 921 castri
558 890 691 929 predicti
708 898 763 927 per
778 888 845 918 vim
862 892 892 917 et
907 890 1042 922 metum,

43 956 102 989 que
115 946 224 978 cadere
240 949 386 984 poterant
407 944 441 973 in
463 947 678 978 constantem,
697 951 737 972 ne
752 942 791 971 ab
812 941 856 971 eis
875 941 913 970 de
929 940 1043 978 hujus-

42 1001 125 1034 modi
143 999 292 1038 dampnis
313 1003 343 1028 et
363 997 493 1037 injuriis
512 997 557 1026 eis
574 996 670 1026 illatis
689 995 937 1025 satisfactionem
953 1002 1044 1031 repe-

44 1057 151 1090 terent,
167 1052 315 1092 quodque
332 1060 428 1090 super
444 1050 509 1080 hiis
524 1049 612 1079 nullo
627 1057 781 1088 umquam
798 1052 937 1086 tempore
952 1046 1044 1084 depo-

42 1111 118 1140 nant
132 1105 369 1146 querimoniam
386 1109 495 1134 contra
511 1112 580 1139 eos,
601 1103 716 1132 exortis
732 1101 802 1141 (sie)
819 1109 913 1139 super
928 1100 988 1130 hoc
1005 1100 1044 1129 ab

42 1161 86 1193 eis
99 1158 307 1198 fidejussoriis
321 1157 534 1193 cautionibus,
546 1155 739 1195 juramentis
755 1159 784 1184 et
797 1155 887 1193 penis
898 1153 1040 1192 abjectis.

43 1213 122 1252 Quia
145 1219 219 1242 vero
247 1210 345 1240 nimis
375 1214 567 1240 excresceret
596 1208 727 1238 audacia
756 1215 980 1246 perversorum
1016 1207 1042 1235 si

0 1263 1 1268 ’
42 1266 126 1305 virga
143 1264 291 1294 deficeret
306 1263 494 1301 corrigentis
513 1268 543 1292 et
560 1271 670 1292 eorum
686 1265 868 1291 remaneret
884 1259 1043 1289 temeritas

41 1317 210 1358 impunita,
226 1325 283 1347 nos
295 1340 302 1353 ,
321 1316 465 1346 nolentes
483 1321 545 1345 tam
561 1324 673 1353 graves
689 1318 719 1344 et
734 1323 882 1344 enormes
897 1321 1044 1342 excessus

42 1371 212 1412 impunitos
229 1369 384 1408 relinqui,
401 1369 587 1399 discretioni
604 1373 655 1398 tue
673 1377 727 1406 per
742 1367 913 1406 apostolica
929 1366 1044 1404 scripta

43 1424 229 1457 mandamus
244 1424 413 1462 quatinus,
434 1423 462 1452 si
484 1423 523 1451 de
538 1422 632 1460 plano
653 1426 682 1450 et
706 1420 897 1456 summarie,
924 1419 1044 1457 absque

39 1477 150 1519 iudicii
173 1477 318 1515 strepitu,
343 1486 397 1515 per
413 1477 531 1505 lamam
555 1475 604 1504 vel
627 1475 838 1504 summai-iam
854 1473 1043 1510 indaginem

44 1531 98 1563 tihi
119 1530 293 1561 constiterit
318 1529 356 1559 de
379 1529 561 1568 premissis,
588 1532 790 1566 potestatem,
818 1525 990 1556 consilium
1015 1529 1045 1554 et

44 1591 209 1615 commune
232 1582 365 1622 predicti
387 1582 481 1612 castri
500 1582 539 1611 de
557 1581 676 1610 Nursia
695 1589 731 1609 ex
754 1584 841 1618 parte
863 1583 969 1609 nostra
988 1587 1043 1616 pe-

44 1637 208 1676 remptorie
224 1637 321 1666 citare
337 1645 487 1675 procures
505 1640 538 1665 ut
552 1635 636 1664 infra
651 1634 819 1664 duodecim
834 1633 902 1662 dies
919 1637 986 1671 post
999 1633 1044 1662 ci-

43 1690 187 1722 tationem
221 1694 309 1719 tuam
344 1694 479 1728 potestas
509 1687 736 1727 personaliter,
769 1686 939 1717 consilium
970 1693 1044 1714 vero

43 1747 72 1774 et
89 1751 257 1773 commune
282 1751 336 1781 per
356 1742 517 1771 sindicum
541 1750 595 1771 seu
614 1744 849 1779 procuratorem
866 1739 1044 1778 y[doneum

43 1795 80 1828 ad
95 1795 154 1826 h'oc
168 1795 347 1835 specialiter
363 1805 418 1834 per
435 1803 486 1825 eos
502 1793 735 1832 constituturn]‚
751 1797 956 1832 compareant
971 1801 1043 1831 per-

45 1848 190 1880 sonaliter
213 1857 319 1879 coram
346 1849 448 1883 uobis,
474 1848 587 1877 facturi
607 1852 638 1877 et
654 1846 812 1885 recepturi
835 1845 930 1885 [quod
951 1854 1046 1883 super

12 1922 13 1926 =
44 1901 100 1934 hoc
117 1901 180 1932 hiis
197 1902 387 1932 duxerimus
404 1900 676 1940 injungendum],
698 1903 727 1929 et
749 1899 827 1929 alias
847 1907 901 1937 pro
922 1898 1045 1927 meritis

44 1955 207 1994 recepturi.
227 1955 320 1985 Diem
344 1963 418 1984 vero
438 1954 599 1984 citationis
622 1959 653 1983 et
673 1954 807 1982 sormam
831 1952 873 1991 [et
894 1951 1045 1990 quicquid

44 2007 166 2040 duxeris
190 2008 224 2037 in
246 2008 412 2048 premissis
435 2007 632 2046 sacien]dum
655 2007 747 2036 nobis
769 2016 822 2044 per
840 2010 907 2035 tuas
925 2005 1045 2034 litteras

0 2055 1 2059 ¹
44 2061 152 2092 harum
180 2061 296 2091 seriem
322 2062 522 2091 continentes
550 2060 676 2090 studeas
707 2059 855 2098 [fideliter
880 2058 1043 2088 intimare.

43 2105 123 2154 Dat]
139 2116 221 2154 apud
238 2115 518 2151 Urbemveterem,
537 2124 579 2143 vn
597 2113 748 2144 kalendas
763 2113 900 2143 octobris
912 2136 919 2149 ‚
939 2112 1044 2151 ponti—

42 2167 148 2199 ficatus
164 2168 262 2198 nostri
276 2177 362 2198 auno
377 2168 481 2198 tertio.
499 2180 512 2194 »

108 2366 224 2395 '22⁸2ss

74 2427 116 2456 De
130 2428 292 2455 confinibus
309 2429 396 2455 castri
411 2427 558 2454 Mirandae
574 2427 763 2462 inquirendis.
784 2426 853 2459 (Fol.
873 2426 904 2453 48
920 2428 972 2459 vo.)

565 2366 693 2399 Orvieto,
709 2365 742 2392 26
759 2365 875 2391 octobre
896 2364 972 2391 1290.

79 2531 185 2561 Dilecto
200 2532 264 2569 filio
281 2532 428 2569 magistro
443 2531 622 2568 Raymundo
639 2531 672 2559 cle
687 2531 790 2566 Ponte,
809 2529 962 2567 capellano
978 2538 1044 2558 nos-

0 2594 2 2609 =
43 2587 103 2622 tro,
120 2584 227 2614 decano
244 2585 362 2614 ecclesie
379 2584 631 2621 compostellam,
655 2584 783 2612 saltitem
805 2588 830 2611 et
848 2581 1045 2620 apostolicam

0 2654 1 2663 κ
21 2644 26 2647 ’
43 2636 280 2668 benedictionem.
299 2650 313 2664 «
332 2637 415 2668 Cum
431 2641 572 2667 castrum
587 2636 747 2674 Mirande,
764 2636 958 2666 Nar-niensis
974 2636 1045 2665 dio-

0 2702 3 2724 ;
43 2689 132 2727 cesis,
147 2690 230 2729 quod
245 2691 285 2720 ad
300 2699 359 2720 nos
378 2695 408 2720 et
426 2699 595 2720 romanam
611 2689 779 2720 ecclesiam
797 2689 935 2728 pertinet
951 2688 1045 2727 pleno

41 2741 121 2782 jure,
136 2752 229 2783 super
244 2743 425 2774 confinibus
442 2747 615 2781 terrarum,
638 2743 875 2782 possessionum
898 2747 928 2772 et
949 2743 1046 2781 perti-

42 2796 222 2826 nentiarum
237 2797 338 2836 ipsius
357 2806 375 2827 a
391 2796 560 2827 nonnullis
581 2796 782 2834 civitatibus,
807 2796 936 2833 castris,
962 2795 1046 2824 villis

0 2850 2 2855 ’
43 2851 72 2878 et
83 2847 254 2880 baronibus
270 2849 615 2888 circumadjacentibus
631 2849 832 2885 molestetur,
851 2858 919 2885 nos,
938 2849 1048 2879 volen-

43 2903 86 2931 tes
103 2902 176 2941 jura
199 2903 302 2942 ipsius
323 2903 419 2933 castri
445 2907 538 2941 prout
561 2907 708 2932 tenemur
739 2912 776 2933 ex
804 2902 911 2933 debito
935 2903 1045 2933 defeu-

0 2963 4 2974 ν
43 2961 128 2992 sare,
149 2963 189 2985 ne
206 2955 245 2985 ab
263 2955 334 2985 aliis
355 2959 570 2994 occupentur,
595 2955 779 2986 discretioni
805 2960 857 2986 tue
879 2965 934 2995 per
958 2964 1048 2994 apos-

0 3023 1 3026 =
43 3005 135 3037 tolica
166 3008 280 3047 scripta
309 3007 504 3038 mandamus
533 3009 702 3047 quatinus,
731 3009 771 3038 ad
798 3013 903 3048 partes
925 3009 996 3039 illas
1021 3014 1049 3039 te

181 3074 253 3101 Rea.
274 3074 397 3102 Nicotas
416 3074 469 3101 tv.

1126 407 1334 446 personaliter
1352 407 1530 443 cousereuS,
1551 407 1667 436 vocatis
1684 407 1738 445 qui
1754 406 1876 436 fuerint
1893 406 2056 443 evocandi,
2076 416 2129 436 su-

1125 469 1180 498 per
1205 459 1354 498 predictis
1378 459 1560 489 confinibus
1581 459 1620 489 ab
1638 459 1780 498 antiquis
1803 463 1832 488 et
1851 458 1924 488 aliis
1940 459 2003 488 fide
2023 459 2131 497 dignis

1125 514 1270 551 personis
1287 513 1424 552 partium
1441 513 1625 542 earumdem
1643 517 1672 542 et
1693 521 1748 552 per
1770 512 1897 551 publica
1915 513 2132 542 instrumenta

1126 570 1155 595 et
1170 565 1232 595 alia
1248 565 1391 604 legitima
1407 566 1596 595 documenta
1617 566 1792 595 summarie
1816 569 1846 595 et
1868 565 1906 594 de
1930 564 2044 604 plano,
2064 565 2133 595 sine

1126 619 1258 657 strepitu
1281 624 1311 649 et
1335 619 1576 657 figurajndicii‚
1599 619 1726 648 studeas
1749 618 1916 657 inquirere
1943 618 2132 656 diligentius

1125 671 1303 708 veritatem,
1322 681 1382 710 que
1396 672 1470 701 inde
1486 671 1649 701 inveneris
1665 671 1803 701 fideliter
1817 672 1851 701 in
1868 671 1993 710 scriptis
2006 671 2132 701 redacta

1125 725 1165 754 ad
1182 730 1324 754 nostram
1342 725 1534 763 presentiam
1549 724 1744 753 relaturus...
1765 725 1835 753 Dat.
1853 725 1937 763 apud
1954 724 2132 754 Urbemve-

1128 781 1242 813 terem,
1260 787 1305 807 vii
1323 777 1475 807 kalendas
1493 777 1693 812 novembris,
1713 777 1916 815 pontificatus
1931 777 2031 807 nostri
2047 785 2133 807 anno

1127 830 1228 860 tertio.
1249 843 1262 856 n

1199 1029 1313 1057 ’2QO
1840 1027 1966 1058 Orvieto,
1987 1027 2065 1054 1290.

1161 1091 1300 1117 Concedit
1317 1111 1336 1118 ..
1353 1091 1390 1123 (l)
1409 1095 1438 1117 ut
1455 1091 1526 1117 ultra
1541 1090 1613 1116 dnus
1629 1090 1720 1116 dietas
1736 1099 1752 1116 a
1768 1090 1941 1116 monasterio
1958 1098 2011 1116 sno
2026 1098 2077 1124 per
2092 1089 2134 1116 lit-

1125 1144 1202 1167 teras
1223 1139 1302 1165 sedis
1324 1139 1498 1174 apostolicae
1514 1138 1557 1164 vel
1578 1139 1737 1173 legatorum
1754 1139 1818 1172 ejus
1842 1138 1914 1164 trahi
1938 1146 1993 1164 non
2011 1139 2133 1172 possint.

1126 1188 1195 1223 (Fol.
1214 1187 1246 1214 48
1263 1191 1312 1218 νῦ.)

1169 1303 1182 1317 ι(
1198 1291 1311 1320 Vestre
1326 1290 1413 1329 pacis
1429 1293 1638 1328 querentes...
1659 1301 1671 1315 n

1200 1489 1315 1518 2228

1164 1552 1327 1578 Rectoriam
1343 1551 1371 1576 in
1387 1551 1586 1585 spiritualibus
1602 1550 1769 1577 Patrimonii
1786 1550 1861 1576 beati
1884 1549 1961 1576 Petri
1978 1549 2135 1584 Pcregrino

1127 1601 1290 1627 committit.
1311 1599 1379 1632 (Fol.
1398 1600 1430 1626 48
1446 1600 1498 1632 vo.)

1654 1488 1785 1521 Orvieto,
1804 1487 1835 1514 ⁶23
1852 1487 1968 1514 octobre
1988 1487 2063 1514 1290.

1168 1704 1276 1732 Dilecto
1294 1703 1359 1739 fillo
1378 1703 1561 1739 Pereyriizo,
1579 1703 1728 1738 preposito
1744 1701 1860 1730 ecclesie
1877 1702 1910 1730 cle
1937 1701 2062 1736 Vaneio,
2080 1701 2136 1729 Pa-

1129 1757 1229 1786 (tuane
1247 1757 1388 1792 diocesis,
1409 1754 1584 1794 cappellano
1602 1760 1718 1791 nostro,
1740 1756 1851 1784 rectori
1868 1756 1900 1784 in
1921 1755 2137 1792 spiritualibus

1128 1810 1318 1839 Patrimonii
1338 1810 1415 1838 beati
1431 1809 1513 1838 Petri
1530 1810 1564 1838 in
1590 1809 1713 1843 Tuscia,
1740 1808 1871 1837 salutem
1893 1813 1919 1837 et
1942 1808 2134 1845 apostolicam

1128 1863 1374 1893 benedictionem.

1171 1928 1184 1943 α
1201 1916 1284 1946 Cum
1300 1916 1334 1945 in
1351 1915 1590 1945 Patrimonio...
1609 1931 1647 1936 -
1666 1915 1738 1944 Dat.
1756 1913 1840 1953 apud
1857 1913 2134 1948 Urbemveterem,

1128 1979 1146 1998 x
1161 1969 1314 1999 kalendas
1336 1968 1537 2003 novembris,
1562 1967 1765 2006 pontificatus
1780 1966 1882 1996 nostri
1897 1975 1983 1996 anno
2001 1966 2101 1996 tertio.
2120 1978 2133 1992 n

1200 2167 1314 2196 *2229

1163 2230 1206 2256 De
1221 2229 1322 2256 eodem
1338 2229 1464 2264 negotio.
1484 2228 1554 2261 OEol.
1572 2228 1604 2255 48
1621 2229 1672 2260 vo.)

1662 2166 1788 2199 Orrieto,
1805 2164 1837 2192 23
1853 2164 1970 2191 octobre
1989 2164 2065 2191 1290.

1174 2333 1280 2362 Venera
1287 2332 1397 2361 bilibus
1406 2331 1557 2368 fratribus
1566 2330 1709 2368 episcopis
1722 2334 1747 2358 et
1759 2330 1875 2358 dilectis
1883 2330 1958 2366 filiis
1968 2329 2137 2365 abbatibus,

1124 2387 1281 2424 prioribus
1297 2390 1322 2414 et
1338 2385 1532 2414 conventibus
1558 2383 1763 2413 cisterciensis
1783 2386 1808 2412 et
1832 2383 1968 2411 aliorum
1991 2383 2137 2411 ordinum

1126 2449 1161 2469 ac
1177 2439 1309 2474 ‹let-anis,
1327 2438 1498 2475 prepositis,
1517 2437 1756 2473 archidiaconis,
1773 2436 2055 2473 archipresbyteris,
2069 2436 2136 2472 ple-

1129 2494 1233 2528 banis,
1250 2491 1393 2529 capitulis
1412 2495 1437 2519 et
1455 2490 1528 2519 aliis
1551 2490 1745 2519 ecclesiarum
1766 2490 1891 2526 prelatis
1906 2497 1959 2517 seu
1975 2489 2138 2517 rectoribus

1128 2546 1290 2582 ceterisque
1302 2544 1439 2581 personis
1454 2543 1671 2578 ecclesiasticis,
1683 2543 1829 2578 exemptis
1845 2540 1883 2580 [et
1895 2549 1957 2570 ηοη
1969 2540 2137 2578 εωεηιρῑίε],

1127 2607 1161 2627 ac
1188 2598 1346 2635 hospitalis
1382 2596 1485 2625 Sancti
1513 2596 1663 2624 Johannis
1692 2595 1935 2624 Jerosolimitani
1970 2598 1996 2623 et
2027 2594 2138 2623 militie

1131 2653 1243 2689 Templi
1264 2651 1419 2688 magistris
1434 2654 1460 2678 et
1473 2650 1707 2688 preceptoribus,
1722 2649 1875 2677 universz‘s
1886 2648 2014 2686 [quoque
2029 2647 2139 2676 nobili-

1128 2707 1191 2742 bus,
1208 2705 1401 2742 potestatibus
1416 2712 1468 2732 seit
1484 2703 1659 2737 rectoribus,
1673 2700 1968 2738 communitatibus],
1981 2700 2137 2729 universi-

1130 2760 1243 2789 latibus
1272 2758 1444 2792 civitatum,
1478 2756 1659 2795 [castrorum
1693 2760 1718 2784 et
1750 2755 1887 2784 aliorum
1920 2755 2053 2784 locorum
2086 2761 2138 2790 per

1132 2809 1371 2848 Patrimonium]
1390 2810 1467 2839 beati
1482 2810 1565 2839 Petri
1585 2810 1616 2838 in
1637 2809 1741 2837 Tuscia
1758 2808 1942 2837 constitutis,

1172 2877 1185 2892 ι(
1213 2865 1292 2894 Cum
1316 2863 1352 2893 in
1379 2860 1644 2902 [Patrimonio]...
1662 2876 1701 2883 —
1717 2861 1788 2890 Dat.
1807 2865 1962 2898 utsupra.
1983 2871 1996 2885 J)

1164 3013 1195 3042 (1)
1214 3012 1248 3035 Ni
1265 3011 1336 3038 date,
1354 3010 1380 3032 ni
1397 3008 1573 3038 suscription.

1948 3061 1996 3088 125
