2393 3496
900 297 1153 343 QUATROEME
1175 296 1332 336 ANNnE.
2111 311 2166 340 867

396 374 761 408 Sainte-Marie-MaJ'eure,
779 375 793 401 5
809 374 910 400 fevi-ier
930 373 1004 399 1‘292.

113 440 151 469 In
167 447 193 468 e.
211 447 268 473 m.‚
286 445 341 476 pro
364 436 496 466 ecclesia
515 459 534 465 ..
555 436 723 474 guardiam
745 441 775 465 et
797 437 930 466 fratrum
954 436 1077 466 ordinis

72 492 235 522 minorum
245 490 283 519 de
298 490 536 526 Lucingniano,
551 490 703 519 Aretinae
715 489 880 524 dioecesis,
896 489 930 518 in
942 493 1077 527 quatuor

73 545 180 575 beatae
197 543 334 577 Mariae,
353 543 385 572 S.
400 543 580 579 Francisci,
603 543 635 572 S.
654 543 801 577 Antonii,
823 547 949 571 sanctae
965 541 1076 571 Clarae

74 602 105 628 et
117 602 241 628 sanctae
256 596 360 625 crucis
376 596 601 625 festivitatibus
615 600 644 625 et
660 605 715 633 per
730 599 798 625 octo
812 595 879 624 dies
893 600 1073 633 sequentes.

73 651 144 681 Dat.
164 649 293 685 Romae,
314 648 397 687 apud
412 649 560 677 Sanctam
580 649 716 677 Mariam
737 649 901 686 Majorem,
920 648 1014 677 nonis
1031 648 1076 677 fe-

73 703 195 734 bruarii
207 726 214 737 ,
235 710 321 732 anno
338 707 460 740 quarto.
478 702 630 740 (Pomm,
648 702 771 740 23913.)

375 781 736 815 Sainte-Marie-Majeure,
755 782 786 809 30
799 783 912 817 janvier
929 783 1006 810 1292.

111 847 148 877 In
167 854 194 875 e.
211 854 268 881 m.,
293 854 349 883 pro
369 845 501 875 ecclesia
520 868 539 874 ..
558 845 679 874 abbatis
703 849 733 874 et
752 849 929 875 conventus
947 854 1076 875 monas-

74 899 144 930 terii
157 899 195 928 de
211 898 430 935 Thekesbiria‚
446 898 570 928 ordinis
589 898 622 927 S.
640 898 819 933 Benedicti,
838 899 1078 936 Wigorniensis

73 953 240 987 dioecesis,
258 952 292 981 in
310 957 446 990 quatuor
461 953 568 981 beatae
590 952 709 981 Mariae
729 952 952 981 festivitatibus
974 956 1004 981 et
1023 960 1077 989 per

72 1011 139 1038 octo
152 1006 220 1036 dies
235 1010 414 1044 sequentes.
435 1005 506 1034 Dat.
526 1006 660 1042 Romae,
680 1005 762 1043 apud
778 1006 925 1035 Sanctam
941 1005 1076 1034 Mariam

72 1060 236 1099 Majorem,
257 1068 289 1088 111
309 1058 462 1088 kalendas
477 1059 641 1093 februarii,
659 1067 744 1088 anno
759 1063 882 1097 quarto.

375 1230 734 1264 sainte-Marie-Majeure,
754 1230 785 1257 'li'
798 1231 911 1263 janvier
928 1230 1004 1257 1292.

140 1231 256 1259 6466

107 1292 243 1320 Concedit
274 1296 305 1319 ut
333 1292 512 1327 Stephanus,
545 1293 611 1319 olim
641 1301 656 1318 a
687 1292 881 1326 praepositura
911 1292 1077 1318 monasterii

73 1342 170 1370 Sancti
192 1342 327 1369 Germani
344 1342 379 1368 de
395 1342 489 1368 Pratis
506 1341 679 1368 parisiensis
701 1342 843 1376 privatus.
865 1341 898 1367 ad
916 1349 1016 1367 omnes
1033 1350 1078 1367 re-

72 1391 184 1426 gulares
199 1391 463 1418 administrationes
483 1391 528 1417 sui
551 1390 660 1417 ordinis
680 1391 790 1417 assumi
811 1391 913 1425 possit.
930 1390 1012 1423 (Hm.
1028 1391 1075 1423 46,

26 1450 29 1453 ·
71 1449 96 1468 c.
111 1440 184 1473 692²,
200 1440 220 1466 f.
240 1440 288 1467 138
305 1447 352 1471 v⁰;
371 1439 488 1474 Pom-n„
505 1440 613 1469 23888.)

113 1565 132 1573 ..
149 1544 247 1572 abbati
258 1543 437 1572 monasterii
450 1542 555 1573 Sancti
567 1543 712 1572 Germani
723 1543 757 1571 (Ie
771 1543 872 1572 Pratis
883 1543 1075 1579 Parisiensz's,

70 1597 110 1626 ad
122 1605 284 1626 romanam
300 1597 452 1626 ecclesiam
469 1595 554 1625 nullo
573 1595 668 1625 medio
688 1597 887 1633 pertinentis,
907 1597 1027 1626 ordinis
1044 1596 1075 1626 S.

70 1649 229 1679 Benedicti.
255 1660 269 1676 «
292 1649 407 1679 Petitio
431 1653 484 1678 tua
505 1648 596 1678 nobis
619 1648 762 1678 exhibita
779 1648 962 1678 continebat
978 1648 1073 1687 quod,

69 1700 144 1732 olim
164 1701 248 1731 inter
262 1701 459 1737 Gerardum,
487 1706 560 1731 tnnc
582 1701 743 1737 abbatem,
762 1705 791 1731 et
815 1701 988 1731 monachos
1005 1710 1075 1731 mo-

69 1754 201 1784 nasterii
221 1754 288 1791 tui,
309 1763 344 1784 ex
362 1759 449 1793 parte
468 1763 551 1789 una,
577 1763 611 1784 ac
635 1754 877 1783 universitatem
904 1753 1073 1785 scolarium

68 1807 298 1843 Parisiensem,
316 1816 353 1836 ex
369 1807 478 1843 altera,
497 1807 697 1836 dissensione
713 1807 860 1844 suborta,
879 1807 970 1845 cujus
988 1816 1073 1837 occa-

68 1859 157 1891 sione
172 1869 285 1898 graves
300 1861 399 1890 secuti
413 1861 542 1890 fuerunt
558 1869 716 1895 excessus,
730 1859 832 1889 felicis
847 1861 1074 1891 recordationis

70 1913 226 1943 Martinus
241 1923 320 1952 papa
335 1914 438 1949 Inlue,
461 1914 664 1952 predecessor
678 1917 795 1950 noster,
813 1917 887 1943 tunc
902 1914 936 1943 in
953 1914 1074 1944 minori

67 1966 171 1997 officio
187 1967 378 1997 constitutus
398 1971 428 1997 et
449 1967 482 1996 in
502 1967 643 2005 partibus
658 1966 723 1996 illis
743 1966 914 2005 apostolice
927 1967 1010 1996 sedis
1026 1967 1073 1997 le-

65 2024 167 2057 gatus,
184 2020 314 2050 fratrem
331 2020 542 2059 Stephanum,
561 2020 775 2055 monachum,
788 2025 864 2049 tunc
878 2021 1072 2058 prepositum

65 2072 207 2111 eJ'usdem
230 2073 438 2108 monasterii,
466 2073 505 2102 ad
534 2073 720 2103 scandalum
748 2073 831 2112 qnod
862 2073 939 2103 inde
970 2074 1073 2103 suerat

64 2130 205 2155 exortum
223 2126 417 2163 sedandum,
437 2127 541 2156 officio
556 2127 753 2165 prepositure
770 2127 871 2165 ipsius
885 2128 1071 2157 monasterii

64 2186 120 2208 sue
132 2178 300 2217 legationis
315 2180 501 2210 auctoritate
515 2180 662 2218 privavit,
679 2184 708 2209 et
725 2179 765 2209 ad
781 2180 958 2218 quamlibet
972 2181 1071 2210 admi-

63 2230 284 2262 nistrationem
312 2233 419 2271 ipsum
446 2233 626 2263 inhabilem
650 2242 717 2262 esse
741 2233 937 2271 decernens,
964 2234 1069 2271 ipsum

62 2284 227 2314 mandavit
244 2285 278 2314 in
297 2285 405 2324 aliqua
419 2285 644 2316 Cluniacensis
656 2287 843 2315 monasterii
855 2286 934 2316 cella
948 2287 1069 2316 recludi

61 2344 117 2374 per
137 2337 399 2376 quinquennium
413 2363 420 2375 ‚
445 2338 484 2367 ad
504 2338 713 2377 penitentiam
737 2339 817 2369 inibi
835 2340 1068 2377 peragendam,

62 2388 115 2418 sed
134 2390 240 2428 ipsum
262 2399 326 2420 non
345 2391 513 2429 suspendit
534 2391 740 2429 aliquatenus
761 2401 779 2421 a
804 2392 935 2423 divinis.
964 2392 1069 2428 Quare

62 2446 94 2471 tu
106 2464 115 2479 ,
133 2451 279 2473 asserens
295 2444 379 2482 quod
394 2444 480 2474 idem
497 2444 778 2483 Stephanusjuxta
794 2446 981 2475 mandatum
999 2455 1067 2484 pre-

59 2495 115 2526 fati
139 2495 235 2534 legati
255 2497 371 2527 dictam
399 2498 609 2536 penitentiam
629 2498 697 2536 jam
723 2499 843 2537 peregit
868 2503 897 2528 et
924 2499 1008 2537 quod
1033 2499 1068 2529 in

61 2548 198 2588 predicto
216 2550 411 2581 monasterio
431 2555 493 2580 tam
513 2555 582 2589 post
598 2555 755 2590 peractam
772 2551 958 2591 hujusmodi
976 2553 1067 2591 peni—

8 2623 12 2626 .
61 2602 191 2632 tentiam
205 2611 301 2641 quam
319 2608 393 2633 ante
407 2603 468 2633 fnit
484 2603 690 2634 laudabiliter
706 2610 922 2642 conversatus,
941 2610 971 2635 et
985 2606 1068 2645 qnod

59 2653 146 2684 utilis
163 2659 194 2685 et
209 2657 407 2686 necessarius
425 2657 533 2687 existit
550 2658 744 2688 monasterio
765 2663 956 2695 memorato,
975 2660 1068 2689 nobis

59 2706 224 2738 humiliter
239 2709 424 2747 supplicasti
442 2715 475 2739 ut
490 2719 563 2740 cum
585 2710 698 2740 eodem
714 2710 877 2749 Stephano
895 2721 990 2750 super
1009 2712 1068 2743 hoc

58 2767 149 2799 agere
176 2761 427 2792 misericorditer
450 2762 678 2800 dignaremur;
700 2772 757 2794 nos
776 2765 886 2802 igitur,
906 2765 1068 2795 carissimi

57 2812 93 2842 in
110 2812 237 2844 Christo
258 2814 319 2843 filii
342 2815 443 2845 nostri
460 2815 634 2855 phylippi,
654 2817 738 2854 regis
760 2817 956 2848 Francorum
972 2818 1066 2848 illus-

58 2865 131 2902 tris,
155 2875 211 2905 pro
231 2867 314 2896 dicto
336 2867 433 2897 fratre
456 2868 617 2906 Stephano
636 2869 720 2898 sedis
738 2870 908 2908 apostolice
929 2871 1067 2909 gratiam

57 2927 151 2957 super
167 2919 234 2949 hiis
249 2928 304 2958 per
321 2929 394 2950 suas
410 2919 531 2950 litteras
546 2921 762 2960 implorantis,
780 2923 1067 2962 supplicationibus

54 2970 212 3008 inclinati,
228 2971 357 3011 plenam
373 2972 412 3003 de
427 2972 620 3004 discretione
637 2977 690 3004 tua
707 2976 741 3004 in
760 2976 898 3006 Domino
917 2976 1066 3006 fidutiam

1157 373 1353 410 obtinentes,
1375 374 1571 412 presentium
1598 373 1654 403 tibi
1677 374 1861 403 auctoritate
1884 375 2088 405 concedimus
2112 382 2164 412 ut,

1158 426 1185 455 si
1214 426 1341 455 utilitati
1368 427 1442 456 dicti
1468 427 1653 456 monasterii
1678 426 1797 456 videris
1827 427 1976 465 expedire
2004 433 2033 457 et
2061 429 2166 459 eidem

1159 478 1319 516 Stephano
1335 479 1373 508 ad
1392 480 1451 509 hoc
1469 480 1595 518 propria
1611 480 1838 517 suffragantur,
1860 489 1917 509 nec
1930 481 2044 510 exinde
2060 481 2093 510 in
2113 491 2165 511 su-

1158 532 1299 569 pradicta
1320 532 1527 561 universitate
1553 532 1740 562 scandalum
1767 533 1898 569 oriatur,
1925 534 2090 571 premissis
2116 544 2168 564 ne-

1159 594 1318 623 quaquam
1336 586 1553 620 obstantibus,
1571 585 1654 615 dicto
1671 586 1833 625 Stephano
1853 587 2037 616 auctoritate
2053 596 2167 617 conce—

1159 637 1213 665 das
1234 642 1266 666 ut
1282 637 1320 666 ad
1336 646 1448 667 omnes
1465 638 1625 675 regulares
1641 639 1936 669 administrationes
1952 640 2027 670 dicti
2043 640 2167 670 ordinis

1159 690 1254 727 possit
1270 690 1406 721 adsumi.
1430 691 1500 719 Dat.
1521 691 1637 728 Rome,
1660 692 1742 730 apud
1763 692 1912 721 Sanctam
1939 693 2073 722 Mariam
2095 694 2163 722 Ma—

1156 742 1275 780 jorem,
1294 752 1314 771 11
1332 743 1404 772 idus
1417 744 1570 782 januarii,
1587 753 1672 774 anno
1687 750 1810 783 quarto.
1830 758 1842 772 n

1230 914 1344 942 6467

1196 976 1379 1011 Dispensatio
1394 984 1482 1011 super
1498 977 1657 1011 pluralitate
1674 978 1888 1004 beneficiorum.
1904 978 1986 1010 (Heu.
2004 979 2046 1006 lit).
2064 987 2088 1005 0.
2105 980 2165 1011 693,

1159 1025 1178 1051 f.
1198 1025 1246 1051 '138
1263 1027 1314 1058 vo.)

1464 914 1825 949 Sainte-Marie-Majeure,
1842 917 1873 943 ἱ21
1888 917 2000 950 janvier
2018 918 2095 944 1292.

1199 1127 1354 1164 Radalpho
1368 1128 1401 1156 de
1412 1126 1558 1163 Slcmford
1572 1150 1579 1163 ,
1597 1127 1705 1156 rectori
1718 1128 1836 1157 ecclesie
1849 1128 1882 1156 de
1899 1128 2050 1165 Bylcenton
2063 1151 2070 1164 ,
2092 1130 2168 1158 Win-

1161 1181 1306 1208 toniensss
1322 1180 1456 1215 diocesis,
1475 1180 1531 1217 qui
1551 1179 1699 1209 ecclesias
1718 1180 1756 1209 de
1773 1180 1945 1218 Bylienton
1968 1185 1998 1209 et
2013 1181 2051 1210 de
2067 1182 2167 1211 VVoc-

1159 1235 1227 1267 ton,
1246 1232 1486 1262 Wintoniensis
1505 1233 1673 1269 dioecesis,
1698 1234 1767 1263 sine
1790 1234 2030 1272 dispensatione
2044 1239 2167 1273 aposto-

1158 1284 1239 1327 licae
1255 1285 1338 1315 sedis
1358 1285 1492 1315 insimul
1510 1286 1663 1320 detinuit,
1681 1286 1828 1324 indulget
1846 1292 1890 1324 ut,
1913 1288 2053 1317 demissa
2068 1288 2167 1317 altera

1159 1347 1285 1375 earum,
1306 1338 1438 1367 alteram
1462 1339 1547 1368 licite
1574 1340 1732 1378 possidere
1753 1340 1872 1376 valeat.
1894 1341 2066 1370 dummodo
2092 1350 2167 1370 con-

1158 1399 1269 1428 gruam
1288 1396 1408 1430 partem
1424 1393 1587 1422 fructuum
1599 1402 1634 1422 ex
1649 1393 1694 1422 eis
1708 1398 1927 1432 perceptorum
1939 1394 1972 1423 in
1988 1394 2167 1424 evidentem

1159 1453 1269 1473 earum
1288 1445 1459 1475 utilitatem
1478 1451 1652 1475 convertat.

1201 1510 1214 1524 (ι
1231 1499 1384 1528 Provenit
1402 1509 1438 1528 ex
1456 1500 1614 1529 meritis...
1635 1517 1674 1522 —
1687 1501 1757 1530 Dat.
1778 1502 1896 1538 Rome,
1916 1502 2000 1540 apud
2019 1502 2168 1531 Sanctam

1160 1552 1296 1581 Mariam
1313 1552 1478 1591 Majorem,
1497 1562 1538 1581 ΧΠ
1555 1552 1709 1583 kalendas
1724 1553 1888 1591 februarii,
1906 1562 1992 1584 anno
2007 1559 2130 1593 quarto.
2150 1566 2164 1581 »

1228 1738 1345 1766 6468

1192 1800 1326 1834 Indulget
1343 1804 1372 1826 ut
1389 1801 1573 1827 confessores
1590 1802 1634 1827 vel
1650 1802 1815 1836 capellanus
1830 1803 1944 1829 comitis
1960 1806 1987 1828 et
2003 1804 2167 1829 comitissae

1157 1848 1307 1874 Flandriae
1341 1849 1541 1875 confessiones
1574 1850 1756 1876 familiarium
1787 1858 1886 1877 eorum
1916 1851 2014 1877 audire
2045 1852 2166 1885 possint.

1156 1896 1238 1930 (Rea.
1257 1898 1300 1930 46,
1317 1905 1343 1923 6.
1360 1897 1420 1928 694,
1437 1898 1455 1923 f.
1474 1898 1523 1924 138
1540 1905 1585 1929 v⁰;
1604 1898 1722 1930 Forma„
1740 1898 1850 1931 23595.)

1461 1737 1822 1773 Sainte-Maric-Majeure,
1842 1739 1873 1766 13
1887 1740 2000 1773 janvier
2018 1740 2096 1767 1292.

1194 1999 1296 2027 Nobili
1312 2000 1378 2027 viro
1396 1999 1540 2035 Gititlom‘,
1559 2001 1673 2035 comiti,
1693 2005 1718 2029 ec
1734 2000 1839 2029 dilecte
1857 2002 1887 2029 in
1905 2001 2023 2030 Christo
2036 2003 2098 2039 filie
2112 2012 2164 2032 no-

1154 2053 1209 2080 bili?
1227 2053 1352 2081 mulieri
1371 2051 1508 2088 l'sahetle,
1528 2054 1619 2082 uxori
1635 2053 1710 2091 ejus,
1731 2054 1879 2083 comitisse
1894 2055 2046 2083 Flandrt‘e.

1196 2117 1208 2131 α
1234 2105 1365 2134 Sincere
1386 2105 1563 2135 devotionis
1581 2106 1748 2137 affectus...
1776 2123 1813 2128 —-
1837 2108 1906 2136 Dat.
1934 2109 2049 2143 Rome,
2077 2109 2162 2146 apud

1155 2156 1302 2186 Sanctam
1342 2157 1478 2186 Mariam
1519 2159 1673 2196 Maiorem
1686 2181 1694 2195 ,
1731 2159 1837 2188 idibus
1870 2160 2014 2198 januarii
2030 2184 2036 2196 ,
2077 2169 2162 2191 anno

1153 2214 1277 2248 quarto.
1299 2222 1312 2236 »

1223 2388 1338 2417 6469

1187 2450 1602 2485 privilegiumjurisdictionis.
1616 2451 1697 2484 (Rae.
1709 2452 1751 2484 46,
1765 2460 1790 2478 c.
1801 2452 1876 2487 694²,
1888 2453 1906 2479 f.
1923 2454 1970 2480 138
1983 2460 2028 2488 v03
2045 2454 2159 2487 Porrn„

1151 2500 1260 2534 23893.)

1465 2388 1819 2424 sainte-Marie-MaJeure,
1839 2390 1869 2417 13
1882 2392 1997 2425 janvier
2014 2392 2092 2420 1292.

1195 2625 1213 2631 ..
1231 2603 1374 2631 abbatisse
1389 2607 1414 2631 ει
1431 2603 1594 2631 conventui
1611 2610 1752 2631 sororum
1772 2602 1965 2631 inclusarum
1984 2604 2162 2632 monasterii

1151 2658 1185 2686 de
1200 2657 1341 2685 Belloloco
1357 2664 1452 2692 supra
1467 2655 1649 2691 Sclandam,
1667 2655 1908 2684 ordinis‘Sancte
1925 2655 2011 2684 Clare
2022 2679 2029 2691 ,
2050 2657 2160 2685 Torna-

1151 2711 1246 2739 censis
1261 2710 1395 2738 diocesis.
1417 2719 1430 2734 α
1450 2707 1525 2736 Paci
1545 2712 1575 2737 et
1592 2707 1817 2746 tranquillitati
1835 2711 1937 2737 vestre
1957 2712 2087 2746 paterna
2106 2717 2159 2738 vo-

1150 2761 1251 2791 lentes
1265 2761 1299 2790 in
1316 2766 1479 2799 posterum
1493 2760 1660 2798 diligentia
1676 2761 1854 2798 providere,
1869 2761 2053 2790 auctoritate
2070 2761 2158 2790 vobis

1150 2816 1346 2853 presentium
1364 2814 1571 2851 indulgemus
1590 2819 1624 2843 ut
1640 2823 1694 2844 vos
1713 2823 1768 2844 seu
1784 2814 1893 2852 aliqua
1911 2818 2051 2843 vestrum
2072 2819 2157 2844 extra

1150 2868 1387 2898 Tornacensem
1406 2867 1567 2903 diocesim,
1586 2866 1759 2897 dummodo
1775 2871 1881 2905 parate
1897 2866 1967 2896 sitis
1985 2867 2069 2896 infra
2085 2876 2158 2896 ean-

1150 2921 1222 2951 dem
1248 2921 1399 2951 diocesim
1426 2928 1533 2950 coram
1555 2919 1751 2958 competenti
1774 2919 1883 2958 judice
1906 2924 1988 2948 stare
2011 2920 2097 2958 juri,
2127 2920 2160 2948 in

1149 2983 1278 3005 causam
1295 2973 1376 3003 trahi
1393 2973 1442 3003 vel
1455 2973 1493 3003 ad
1507 2973 1668 3012 Judicium
1681 2972 1806 3003 evocari
1821 2981 1876 3011 per
1890 2971 2057 3010 apostolice
2073 2971 2158 3002 sedis
