2393 3496
246 327 321 356 1010

244 397 313 432 post
328 391 588 431 quinquennium
605 389 739 418 minime
762 387 944 416 valituris...
964 386 1034 414 Dat.
1055 385 1168 420 Reate,
1189 383 1244 412 ka-

242 446 347 476 lendis
368 444 575 483 septembris,
600 441 801 480 pontificatus
823 439 925 469 nostri
946 446 1032 468 anno
1053 436 1203 467 secundo.
1232 449 1244 462 »

315 602 428 631 ’2362
785 596 871 630 Rieu,
889 596 904 623 5
919 598 1081 630 septembre
1098 595 1174 621 1289.

277 664 480 691 Defensionem
505 661 677 688 Parisiensis
693 659 832 686 ecclesiae
847 659 943 685 abbati
964 657 1130 684 monasterii
1148 656 1248 683 Ferra-

241 713 346 740 riensis
361 711 523 738 committit.
540 710 642 742 (Auen.
659 708 743 742 Nn„
761 708 792 739 L,
809 707 871 739 275,
888 707 944 741 ⁶25.)

282 801 388 829 Dilecto
410 800 473 835 filio
502 822 518 827 ..
549 799 649 827 abbati
673 798 853 826 monasterii
878 796 1099 830 Ferret-tensis,
1128 795 1249 824 ordinis

240 854 345 882 Sancti
362 852 530 885 Benedicti,
549 851 729 880 Senonensis
750 851 881 880 diocesis.
906 862 919 876 a
938 850 1019 879 Cum
1037 848 1248 887 multiplicata

240 906 317 935 sit...
344 905 425 934 Cum
451 904 559 943 itaque
583 903 691 933 dilecti
719 903 781 932 filii
811 926 828 932 ..
855 903 994 932 decanus
1020 907 1050 932 et
1073 901 1247 940 capitulum

239 957 371 988 ecclesie
388 956 581 987 Parisicnsis
598 965 616 986 a
635 955 803 986 nonnullis
823 956 878 994 qui
903 955 1042 985 letantur
1066 963 1139 984 cum
1166 954 1248 984 male

243 1011 377 1040 fecerint
398 1014 427 1039 et
449 1010 480 1039 in
499 1009 594 1039 rebus
615 1009 765 1048 pessimis
779 1008 958 1046 gloriantur
974 1008 1125 1044 diversis,
1145 1012 1178 1037 ut
1195 1017 1248 1037 ac-

241 1064 395 1102 cepimus,
414 1063 640 1101 perturbentur
657 1062 788 1101 injuriis
806 1067 835 1091 et
848 1062 999 1100 jacturis,
1019 1070 1088 1097 nos,
1106 1061 1247 1091 volentes

239 1117 426 1147 eorumdem
443 1115 555 1145 decani
580 1119 610 1145 et
632 1115 762 1153 capituli
782 1115 946 1154 providere
962 1115 1064 1153 quieti
1084 1119 1113 1144 et
1129 1113 1246 1144 moles-

241 1174 376 1200 tatornm
400 1170 541 1208 ipsorum
571 1168 725 1199 molestiis
749 1168 891 1204 obviare,
911 1168 1097 1198 discretioni
1120 1173 1170 1197 tne
1193 1178 1248 1206 per

238 1223 411 1262 apostolica
430 1223 545 1261 scripta
562 1222 753 1251 mandamus
766 1222 931 1260 quatinus,
950 1222 1071 1251 eisdem
1084 1222 1202 1251 decano
1218 1225 1248 1251 et

239 1276 376 1315 capitulo
394 1280 503 1306 contra
518 1280 690 1313 raptorum⁷
710 1275 887 1313 predonum
904 1280 934 1304 et
951 1275 1136 1305 invasorum
1153 1275 1247 1305 anda-

238 1330 321 1359 ciam
348 1329 488 1368 presidio
513 1329 649 1358 efficacis
671 1328 869 1358 defensionis
891 1328 1055 1364 assistens,
1082 1337 1146 1358 non
1175 1337 1246 1366 per·

238 1383 346 1412 mittas
363 1391 416 1412 eos
434 1392 451 1411 a
471 1382 585 1411 talibus
597 1382 631 1411 in
648 1382 791 1420 personis
808 1382 944 1412 ethonis
961 1382 1027 1411 suis
1042 1381 1247 1420 aliquatenus

237 1435 421 1472 molestari,
440 1435 657 1465 molestatores
680 1435 867 1474 hujusmodi
889 1445 943 1474 per
959 1444 1127 1466 censuram
1145 1436 1246 1466 eccle-

237 1488 398 1517 siasticam
415 1488 627 1526 appellatione
641 1488 809 1526 postposita
826 1488 1066 1527 compescendo.
1082 1489 1246 1518 Attentius

237 1541 424 1580 provisurus
441 1550 480 1571 ne
496 1541 533 1571 de
545 1541 608 1570 hiis
622 1550 717 1580 super
730 1541 848 1579 quibus
864 1541 904 1570 lis
923 1545 969 1571 est
985 1542 1063 1571 sorte
1078 1542 1145 1581 jam
1163 1547 1247 1571 mota

237 1598 267 1624 et
292 1604 353 1633 qne
380 1603 474 1624 cause
499 1595 719 1632 cognitionem
745 1594 880 1632 exigunt
902 1598 932 1624 et
956 1603 1018 1633 qne
1044 1603 1196 1633 personas
1217 1599 1247 1624 et

237 1647 320 1677 bona
345 1647 529 1686 hujusmodi
557 1656 620 1678 non
644 1648 836 1685 contingunt
862 1652 890 1677 te
912 1648 1117 1686 aliquatenus
1142 1648 1245 1678 intro-

236 1701 356 1736 mittas,
376 1709 434 1730 nec
456 1701 489 1730 in
507 1701 690 1740 episcopum
707 1700 825 1730 aliosve
843 1701 1023 1740 superiores
1040 1701 1175 1740 prelatos
1192 1711 1246 1731 ex-

237 1754 506 1783 comunicationis
547 1754 597 1783 vel
639 1755 862 1793 suspensionis
902 1759 956 1784 aut
1002 1755 1245 1785 universitatem

237 1807 377 1846 aliquam
394 1808 554 1837 interdicti
573 1808 748 1838 sententias
766 1808 968 1847 promulgare
984 1818 1159 1847 presumas.
1180 1809 1246 1839 Nos

237 1861 336 1895 enim,
353 1861 377 1890 si
391 1869 480 1890 secus
496 1862 738 1899 presumpseris,
754 1866 818 1890 tam
835 1866 997 1900 presentes
1012 1861 1133 1892 litteras
1148 1871 1245 1901 quam

237 1914 331 1943 etiam
351 1923 532 1952 processum
549 1924 646 1953 quem
665 1924 720 1953 per
739 1920 766 1944 te
782 1915 913 1944 illarum
931 1916 1116 1946 auctoritate
1134 1916 1245 1946 haberi

236 1968 404 2005 contigerit
422 1969 555 1998 omnino
573 1977 681 1998 carere
705 1968 827 1997 viribus
846 1977 881 1998 ac
904 1968 1027 1999 nullius
1049 1969 1116 1999 fore
1135 1969 1243 1999 decer-

236 2020 345 2049 nimus
371 2021 543 2050 firmitatis.
573 2021 765 2060 Hujusmodi
790 2030 865 2059 ergo
886 2022 1075 2052 mandatnm
1100 2027 1245 2053 nostrum

235 2073 280 2102 sic
298 2073 472 2112 prudenter
490 2078 520 2103 et
539 2073 677 2104 fideliter
693 2075 861 2112 exequaris
881 2079 914 2104 ut
929 2075 998 2114 ejus
1016 2075 1097 2105 fines
1113 2084 1245 2114 quomo-

236 2125 355 2155 dolibet
381 2135 445 2155 non
475 2127 618 2156 excedas.
650 2127 858 2157 Presentibus
886 2132 953 2166 post
983 2128 1246 2167 quinquennium

236 2179 372 2208 minime
391 2179 546 2210 valituris.
567 2181 635 2210 Dat.
655 2181 764 2216 Reate,
785 2181 878 2211 nonis
897 2182 1099 2220 septembris,
1118 2183 1246 2221 pontifi-

236 2237 324 2262 catus
338 2233 438 2262 nostri
454 2242 539 2262 anno
557 2234 708 2264 secundo.
727 2246 741 2261 »

307 2377 424 2411 &363

272 2444 456 2472 Confirmatio
484 2446 627 2479 generalis
652 2446 869 2481 privilegiorum
895 2449 1035 2476 ecclesiae
1060 2449 1246 2478 Parisiensis.

237 2492 338 2525 (Anca.
356 2493 438 2528 NA'r„
456 2494 486 2528 L,
503 2494 564 2529 275,
581 2495 636 2527 26.)

780 2385 868 2418 Rieu,
885 2387 900 2413 5
916 2387 1080 2422 septembre
1097 2389 1175 2416 1289.

277 2580 400 2611 Dilectis
414 2582 490 2619 filiis
509 2606 528 2612 ..
549 2584 660 2614 decano
680 2591 704 2614 et
722 2586 855 2622 capituto
873 2587 989 2616 ecclesie
1007 2588 1199 2618 Parisiensis.

279 2647 292 2661 a
321 2634 403 2664 Cum
425 2645 443 2665 a
469 2636 598 2665 nobis...
623 2653 662 2658 —
686 2638 758 2667 Dat.
784 2638 895 2677 Reate,
924 2640 1020 2670 nonis
1044 2642 1246 2680 septembris,

237 2689 440 2727 pontificatus
459 2690 558 2719 nostri
574 2699 661 2721 auno
677 2692 827 2722 secundo,
847 2704 861 2719 υ

309 2840 425 2869 2364
765 2844 851 2877 Rieti,
870 2845 901 2872 18
917 2846 1082 2881 septembre
1099 2847 1175 2875 1289.

273 2902 457 2938 Dispensatio
473 2905 657 2935 residentiae.
673 2906 775 2939 (Anca.
794 2907 877 2943 Vnu,
894 2910 967 2937 Bull.
980 2918 1053 2944 qen„
1067 2914 1087 2937 t.
1106 2910 1127 2942 Ι,
1146 2918 1176 2937 n⁰
1193 2911 1247 2945 14.)

279 2992 386 3021 Dilecto
402 2993 465 3029 filio
481 2994 648 3032 Beneficio,
665 2996 769 3026 Sancti
782 2997 900 3027 Νιέοἰαί
916 2999 947 3028 iu
965 2998 1089 3029 Carcere
1106 3001 1248 3030 Tulliano

990 316 1226 349 REGISTRES
1249 317 1302 346 DE
1326 316 1508 346 NICOLAS
1532 317 1588 346 IV.

1331 383 1457 412 diacono
1473 383 1638 419 cardinali,
1656 381 1799 412 concedit
1813 385 1846 411 ut
1861 381 1970 411 clerici
1986 381 2158 411 familiares
2172 382 2240 420 ejus
2251 381 2332 413 fruc-

1332 440 1380 465 tus
1399 439 1429 465 et
1455 440 1626 474 proventus
1647 435 1876 465 beneficiorum
1897 444 2028 465 suornm
2047 434 2331 466 ecclesiasticorum

1330 498 1365 518 ac
1382 489 1407 518 si
1425 488 1458 517 in
1477 488 1523 517 eis
1540 488 1702 518 resideant
1719 489 1879 527 percipere
1895 488 2029 526 possint.

1372 554 1384 568 α
1402 542 1506 579 Digne
1518 550 1612 579 agere
1626 541 1825 572 credimus...
1840 558 1877 563 -—
1892 541 1962 571 Dat.
1978 541 2086 578 Reate,
2099 550 2165 570 x1111
2182 539 2332 572 kalendas

1329 594 1480 634 octobris,
1497 594 1698 633 pontificatus
1717 594 1816 624 nostri
1834 602 1920 624 anno
1936 593 2087 624 secundo.
2108 605 2121 620 v

1403 759 1519 789 '⁷385
1858 759 1943 792 Rieti,
1961 759 1994 786 30
2010 758 2173 794 septembre
2189 758 2266 786 1289.

1368 822 1491 849 Domum
1507 822 1541 848 de
1559 822 1723 849 Valleviridi
1741 822 1934 849 Parisiensem
1950 822 2004 848 sub
2017 830 2069 848 sua
2083 821 2259 856 protectione
2269 828 2337 849 sus-
2380 835 2381 843 π

1330 873 1410 907 cipit.
1427 872 1528 905 (Anca.
1545 871 1629 905 Nam,
1645 871 1675 903 L,
1692 871 1754 905 275,
1770 871 1827 904 28.)

1372 975 1493 1004 Dz'leclt‘s
1508 974 1582 1011 filiis
1600 997 1618 1003 ..
1640 975 1739 1011 priori
1758 974 1866 1003 domus
1883 975 1916 1003 de
1940 972 2116 1003 Valleviridt'
2136 973 2335 1010 Parisiensis,

1332 1029 1534 1058 Cartusiensss
1564 1027 1692 1062 ordinis,
1728 1028 1851 1065 ejusque
1881 1028 2034 1063 fratribus
2063 1031 2126 1055 lam
2152 1026 2337 1064 presentibus

1331 1090 1424 1119 quam
1453 1082 1569 1118 futuris
1598 1081 1771 1117 regularem
1801 1081 1897 1109 vitam
1920 1080 2063 1117 professis
2091 1081 2122 1108 in
2144 1083 2335 1116 perpetuum.
2380 1091 2383 1108 ι

1333 1147 1347 1161 «
1379 1133 1575 1172 Beligiosam
1603 1133 1701 1163 vitam
1732 1133 1925 1170 eligentibus
1952 1132 2159 1172 apostolicum
2189 1130 2338 1162 convenit
2381 1140 2382 1154 ³

1331 1187 1440 1217 adesse
1456 1187 1643 1225 presidium,
1658 1195 1697 1215 ne
1713 1186 1791 1216 sorte
1802 1185 1975 1223 cujuslibet
1992 1184 2178 1215 temeritatis
2189 1184 2336 1215 incursus

1330 1244 1383 1269 ant
1400 1249 1452 1269 eos
1468 1248 1485 1268 a
1504 1239 1663 1278 proposito
1685 1243 1810 1268 revocet
1829 1242 1883 1268 aut
1902 1239 2010 1274 robur,
2027 1237 2111 1276 quod
2131 1236 2229 1266 absit!
2250 1244 2336 1268 sacre

1330 1293 1495 1330 religionis
1512 1292 1677 1329 infringat.
1701 1292 1744 1321 Ea
1764 1295 1903 1330 propter,
1921 1291 2028 1320 dilecti
2049 1291 2082 1320 in
2102 1290 2240 1320 Domino
2258 1289 2334 1328 filii,

1330 1347 1442 1385 vestris
1455 1346 1551 1384 justis
1571 1344 1837 1383 postulationibus
1853 1344 2027 1374 clementer
2046 1343 2222 1373 annuimus
2236 1346 2265 1372 et
2279 1343 2336 1374 do-

1330 1409 1419 1429 mum
1437 1400 1475 1428 de
1489 1398 1678 1429 Valleviridi
1698 1398 1934 1434 parisiensem,
1953 1407 2025 1427 cum
2050 1397 2203 1427 omnibus
2222 1396 2334 1435 bonis,

1330 1453 1457 1492 pascuis
1473 1457 1503 1482 et
1519 1452 1771 1491 possessionibus
1789 1461 1850 1490 que
1867 1451 2145 1490 impresentiarum
2163 1449 2336 1480 rationabi-

1329 1506 1404 1536 liter
1419 1506 1557 1544 possidet
1573 1510 1627 1535 aut
1648 1506 1680 1534 in
1698 1505 1842 1535 futurum
1859 1505 1955 1543 justis
1976 1504 2079 1535 modis
2097 1507 2255 1543 prestante
2275 1503 2336 1534 Do-

1330 1560 1421 1589 mino
1449 1560 1563 1598 poterit
1594 1558 1727 1597 adipisci
1742 1583 1747 1595 ,
1778 1558 1817 1588 ad
1847 1559 1948 1587 instar
1977 1558 2078 1588 felicis
2107 1555 2336 1588 recordationis

1331 1613 1510 1643 Alexandri
1540 1622 1617 1652 pape
1644 1613 1726 1648 IIII,
1760 1612 1989 1651 predecessoris
2017 1611 2132 1650 nostri,
2167 1611 2228 1640 sub
2254 1609 2336 1640 beati

1330 1668 1417 1697 Petri
1433 1671 1463 1696 et
1479 1672 1587 1697 nostra
1604 1667 1794 1712 protectione
1807 1666 2012 1704 suscipimus.
2026 1670 2056 1695 et
2069 1665 2222 1695 terminos
2233 1663 2336 1694 eidem

1331 1721 1441 1751 domui
1458 1721 1497 1750 ab
1513 1721 1626 1750 ordine
1643 1719 1852 1756 Cartnsieusi,
1870 1728 1964 1758 quem
1983 1723 2052 1757 post
2066 1717 2215 1756 generale
2230 1716 2335 1748 conci·

1331 1774 1413 1804 lium
1439 1774 1640 1812 suscepistis,
1665 1773 1795 1811 provida
1821 1772 2050 1801 deliberatione
2075 1775 2207 1801 statutos
2230 1774 2335 1800 aucto-

1330 1828 1422 1858 ritate
1446 1827 1619 1866 apostolica
1645 1827 1875 1857 confirmamus
1901 1830 1931 1855 et
1954 1825 2109 1864 presentis
2136 1823 2242 1862 scripti
2270 1823 2335 1862 pri·
2383 1827 2385 1846 'v

1330 1881 1446 1919 vilegio
1482 1881 1732 1910 communimus.
1772 1879 1820 1909 Ad
1859 1879 1917 1908 hec
1950 1878 2134 1908 auctoritate
2167 1876 2337 1916 apostolica

1330 1935 1553 1964 interdicimus
1575 1939 1605 1963 et
1626 1934 1685 1963 sub
1703 1933 1967 1963 interminatione
1991 1931 2206 1961 anathematis
2230 1929 2335 1970 prohi-

1329 1986 1441 2016 bemus
1464 1995 1505 2016 ne.
1527 1985 1600 2024 quis
1624 1985 1708 2014 iufra
1734 1984 1889 2014 terminos
1915 1984 1999 2022 ipsos
2021 1983 2187 2013 hominem
2213 1987 2336 2012 temere

1328 2048 1451 2078 capere,
1471 2039 1593 2069 furtum
1615 2048 1670 2067 seu
1690 2038 1835 2076 rapinam
1853 2037 2053 2067 committere
2076 2040 2131 2066 aut
2152 2036 2260 2074 ignem
2280 2044 2336 2074 ap-

1331 2102 1448 2131 ponere
1464 2092 1513 2122 vel
1525 2091 1735 2122 homicidium
1749 2091 1852 2120 facere
1867 2089 1993 2126 audeat,
2011 2093 2066 2119 aut
2076 2088 2223 2118 homines
2236 2087 2275 2118 ad
2286 2087 2337 2118 do-

1331 2157 1421 2177 mum
1438 2147 1540 2185 ipsam
1558 2146 1723 2175 venientes
1739 2144 1789 2174 vel
1804 2144 1844 2173 ab
1861 2153 1897 2173 ea
1916 2143 2085 2173 redeuntes
2102 2141 2338 2181 quomodolibet

1331 2200 1528 2240 perturbare,
1545 2205 1578 2229 ut
1594 2199 1633 2229 ob
1647 2198 1861 2228 reverentiam
1878 2197 1936 2226 Dei
1949 2201 1979 2226 et
1994 2196 2054 2226 loci
2067 2195 2163 2225 vestri
2175 2195 2261 2225 infra
2271 2202 2338 2234 pre-

1328 2255 1431 2284 dictos
1444 2253 1596 2283 terminos
1612 2260 1675 2282 nou
1694 2251 1799 2282 solum
1818 2259 1872 2281 vos
1888 2253 1917 2280 et
1934 2250 2047 2279 fratres
2063 2250 2158 2279 vestri
2172 2248 2228 2278 sed
2241 2248 2338 2278 etiam

1331 2308 1385 2338 alii
1406 2307 1535 2346 plenam
1561 2315 1669 2344 pacem
1694 2305 1833 2335 habeant
1858 2308 1887 2334 et
1912 2303 2063 2343 quietem.
2089 2303 2196 2333 Liceat
2212 2309 2338 2341 quoque
2384 2327 2386 2333 ,

1332 2362 1420 2392 vobis
1436 2361 1569 2391 clericos
1586 2359 1747 2391 vellaicos
1765 2359 1883 2388 liberos
1904 2362 1933 2387 et
1955 2357 2117 2387 absolutos
2132 2365 2149 2386 e
2168 2354 2274 2386 seculo
2288 2354 2344 2385 ἰὼ.

1330 2415 1456 2454 gientes
1471 2414 1511 2444 ad
1526 2413 1773 2444 conversionem
1791 2416 1927 2441 vestram
1948 2411 2088 2448 recipere
2104 2413 2134 2440 et
2148 2417 2202 2440 eos
2219 2408 2338 2447 absque

1330 2468 1430 2499 ullius
1445 2467 1698 2498 contradictione
1720 2466 1754 2495 in
1773 2470 1876 2495 vestro
1899 2463 2033 2502 collegio
2055 2463 2204 2494 retinere.
2224 2460 2339 2492 Prohi-

1331 2522 1444 2552 hemus
1460 2522 1594 2560 insuper
1608 2524 1644 2550 nt
1659 2519 1743 2550 nulli
1759 2519 1893 2549 fratrum
1906 2522 2084 2548 vestrorum
2098 2521 2166 2555 post
2178 2516 2291 2546 factam
2305 2515 2339 2545 in

1331 2575 1443 2605 eodem
1463 2574 1531 2604 loco
1547 2573 1777 2613 professionem
1798 2571 1919 2610 absque
1940 2569 2071 2600 licentia
2089 2569 2206 2609 prioris
2222 2568 2272 2599 sui
2294 2567 2340 2599 fas

1331 2628 1373 2658 sit
1387 2628 1426 2658 de
1441 2627 1579 2657 claustro
1591 2630 1694 2656 vestro
1707 2625 1880 2655 discedere.
1897 2623 2121 2653 Discedentem
2135 2630 2209 2652 vero
2222 2621 2340 2661 absque

1331 2680 1555 2711 communium
1567 2679 1745 2709 litterarum
1760 2682 1938 2707 vestrarum
1950 2676 2098 2706 cautione
2107 2674 2218 2705 nullus
2227 2673 2340 2705 audeat

1332 2734 1480 2764 retinere.
1500 2733 1584 2763 Sane
1604 2732 1769 2762 novalium
1788 2735 1965 2761 vestrorum
1990 2738 2052 2768 que
2073 2728 2212 2768 propriis
2235 2726 2339 2758 mani-

1331 2787 1392 2817 bus
1403 2791 1457 2816 aut
1472 2786 1652 2825 sumptibus
1663 2785 1776 2822 colitis,
1795 2785 1833 2815 de
1846 2784 1964 2823 quibus
1976 2782 2094 2822 aliquis
2107 2782 2262 2812 hactenus
2276 2787 2340 2811 non

1332 2841 1487 2880 percepit,
1508 2840 1573 2870 sive
1589 2840 1627 2869 de
1645 2839 1734 2876 ortis,
1753 2837 1899 2876 virgultis
1918 2842 1947 2867 et
1967 2836 2196 2876 piscationibus
2216 2833 2339 2872 vestris,

1332 2894 1381 2924 vel
1398 2893 1436 2924 de
1453 2892 1663 2923 nutrimentis
1683 2891 1875 2922 animalium
1895 2894 2075 2921 vestrorum
2096 2887 2205 2919 nullus
2220 2897 2238 2918 a
2252 2885 2339 2918 vohis

1332 2947 1473 2976 decimas
1505 2946 1632 2984 exigere
1661 2945 1711 2975 vel
1740 2950 1927 2984 extorquere
1955 2945 2127 2982 presumat.
2158 2941 2339 2972 Adicientes

1332 3008 1458 3039 quoque
1475 3000 1644 3030 statuimus
1664 3003 1698 3029 ut
1716 2999 1800 3029 infra
1821 2997 1992 3028 dimidiam
2017 2996 2139 3026 leucam
2155 3003 2174 3025 a
2197 2992 2340 3025 terminis
