<?xml version="1.0" encoding="UTF-8"?>
<!DOCTYPE html PUBLIC "-//W3C//DTD XHTML 1.0 Transitional//EN"
    "http://www.w3.org/TR/xhtml1/DTD/xhtml1-transitional.dtd">
<html xmlns="http://www.w3.org/1999/xhtml" xml:lang="en" lang="en">
 <head>
  <title>
</title>
<meta http-equiv="Content-Type" content="text/html;charset=utf-8" />
  <meta name='ocr-system' content='tesseract 3.04.00' />
  <meta name='ocr-capabilities' content='ocr_page ocr_carea ocr_par ocr_line ocrx_word'/>
</head>
<body>
  <div class='ocr_page' id='page_1' title='image "./lesregistresdeni02romeuoft_0372.png"; bbox 0 0 2393 3496; ppageno 0'>
   <div class='ocr_carea' id='block_1_1' title="bbox 202 319 1211 476">
    <p class='ocr_par' dir='ltr' id='par_1_1' title="bbox 202 319 1211 476">
     <span class='ocr_line' id='line_1_1' title="bbox 207 319 280 348; baseline -0.014 0"><span class='ocrx_word' id='word_1_1' title='bbox 207 319 280 348; x_wconf 80' lang='grc'>1044</span> 
     </span>
     <span class='ocr_line' id='line_1_2' title="bbox 202 376 1208 420; baseline -0.01 -6"><span class='ocrx_word' id='word_1_2' title='bbox 202 386 235 414; x_wconf 90' lang='lat' dir='ltr'>in</span> <span class='ocrx_word' id='word_1_3' title='bbox 253 390 354 414; x_wconf 82' lang='lat' dir='ltr'>castro</span> <span class='ocrx_word' id='word_1_4' title='bbox 369 384 407 413; x_wconf 88' lang='lat' dir='ltr'>de</span> <span class='ocrx_word' id='word_1_5' title='bbox 427 382 566 417; x_wconf 70' lang='lat' dir='ltr'>Marcha,</span> <span class='ocrx_word' id='word_1_6' title='bbox 587 389 667 420; x_wconf 83' lang='lat' dir='ltr'>quae</span> <span class='ocrx_word' id='word_1_7' title='bbox 682 381 722 410; x_wconf 87' lang='lat' dir='ltr'>ab</span> <span class='ocrx_word' id='word_1_8' title='bbox 737 380 849 410; x_wconf 84' lang='lat' dir='ltr'>eadem</span> <span class='ocrx_word' id='word_1_9' title='bbox 865 378 1000 409; x_wconf 89' lang='lat' dir='ltr'>ecclesia</span> <span class='ocrx_word' id='word_1_10' title='bbox 1015 376 1208 415; x_wconf 88' lang='lat' dir='ltr'>dependent,</span> 
     </span>
     <span class='ocr_line' id='line_1_3' title="bbox 203 430 1211 476; baseline -0.009 -9"><span class='ocrx_word' id='word_1_11' title='bbox 203 439 250 468; x_wconf 86' lang='lat' dir='ltr'>eis</span> <span class='ocrx_word' id='word_1_12' title='bbox 270 447 287 467; x_wconf 93' lang='lat' dir='ltr'>a</span> <span class='ocrx_word' id='word_1_13' title='bbox 309 437 470 476; x_wconf 81' lang='lat' dir='ltr'>quondam</span> <span class='ocrx_word' id='word_1_14' title='bbox 489 434 697 472; x_wconf 80' lang='lat' dir='ltr'>Engelberto,</span> <span class='ocrx_word' id='word_1_15' title='bbox 717 433 833 462; x_wconf 87' lang='lat' dir='ltr'>comite</span> <span class='ocrx_word' id='word_1_16' title='bbox 856 432 894 461; x_wconf 91' lang='lat' dir='ltr'>de</span> <span class='ocrx_word' id='word_1_17' title='bbox 912 430 1061 464; x_wconf 84' lang='lat' dir='ltr'>Marcha,</span> <span class='ocrx_word' id='word_1_18' title='bbox 1079 437 1211 459; x_wconf 88' lang='lat' dir='ltr'>conces-</span> 
     </span>
    </p>
   </div>
   <div class='ocr_carea' id='block_1_2' title="bbox 202 490 1211 576">
    <p class='ocr_par' dir='ltr' id='par_1_2' title="bbox 202 490 1211 576">
     <span class='ocr_line' id='line_1_4' title="bbox 202 490 486 525; baseline -0.014 -5"><span class='ocrx_word' id='word_1_19' title='bbox 202 500 287 525; x_wconf 82' lang='lat' dir='ltr'>sum,</span> <span class='ocrx_word' id='word_1_20' title='bbox 307 490 486 519; x_wconf 78' lang='lat' dir='ltr'>confirmat.</span> 
     </span>
     <span class='ocr_line' id='line_1_5' title="bbox 246 535 1211 576; baseline -0.006 -6"><span class='ocrx_word' id='word_1_21' title='bbox 246 556 258 570; x_wconf 72' lang='grc' dir='ltr'>ιι</span> <span class='ocrx_word' id='word_1_22' title='bbox 272 543 352 572; x_wconf 88' lang='lat' dir='ltr'>Cum</span> <span class='ocrx_word' id='word_1_23' title='bbox 369 541 526 570; x_wconf 78' lang='lat' dir='ltr'>anobis...</span> <span class='ocrx_word' id='word_1_24' title='bbox 544 557 581 560; x_wconf 97' lang='lat'><strong>—</strong></span> <span class='ocrx_word' id='word_1_25' title='bbox 599 540 666 569; x_wconf 84' lang='lat' dir='ltr'>Dat.</span> <span class='ocrx_word' id='word_1_26' title='bbox 682 540 794 574; x_wconf 82' lang='lat' dir='ltr'><strong>Rome,</strong></span> <span class='ocrx_word' id='word_1_27' title='bbox 809 537 892 576; x_wconf 84' lang='lat' dir='ltr'>apud</span> <span class='ocrx_word' id='word_1_28' title='bbox 906 537 1055 567; x_wconf 84' lang='lat' dir='ltr'>Sanctam</span> <span class='ocrx_word' id='word_1_29' title='bbox 1074 535 1211 565; x_wconf 84' lang='lat' dir='ltr'>Mariam</span> 
     </span>
    </p>
   </div>
   <div class='ocr_carea' id='block_1_3' title="bbox 203 588 1210 684">
    <p class='ocr_par' dir='ltr' id='par_1_3' title="bbox 203 588 1210 684">
     <span class='ocr_line' id='line_1_6' title="bbox 204 588 1210 633; baseline -0.006 -9"><span class='ocrx_word' id='word_1_30' title='bbox 204 596 373 633; x_wconf 76' lang='lat' dir='ltr'>MaJ‘orem,</span> <span class='ocrx_word' id='word_1_31' title='bbox 400 594 506 623; x_wconf 85' lang='lat' dir='ltr'>idibus</span> <span class='ocrx_word' id='word_1_32' title='bbox 532 592 721 627; x_wconf 76' lang='lat' dir='ltr'>decembris,</span> <span class='ocrx_word' id='word_1_33' title='bbox 750 599 835 620; x_wconf 86' lang='lat' dir='ltr'>anno</span> <span class='ocrx_word' id='word_1_34' title='bbox 860 593 982 629; x_wconf 85' lang='lat' dir='ltr'>quarto.</span> <span class='ocrx_word' id='word_1_35' title='bbox 1013 601 1026 615; x_wconf 73' lang='lat'>¹&gt;</span> <span class='ocrx_word' id='word_1_36' title='bbox 1057 588 1210 628; x_wconf 58' lang='lat' dir='ltr'>(Porrm,</span> 
     </span>
     <span class='ocr_line' id='line_1_7' title="bbox 203 647 325 684; baseline 0 -8"><span class='ocrx_word' id='word_1_37' title='bbox 203 647 325 684; x_wconf 68' lang='lat'>23875.)</span> 
     </span>
    </p>
   </div>
   <div class='ocr_carea' id='block_1_4' title="bbox 273 858 390 886">
    <p class='ocr_par' dir='ltr' id='par_1_4' title="bbox 273 858 390 886">
     <span class='ocr_line' id='line_1_8' title="bbox 273 858 390 886; baseline 0 0"><span class='ocrx_word' id='word_1_38' title='bbox 273 858 390 886; x_wconf 72' lang='grc'>’7643</span> 
     </span>
    </p>
   </div>
   <div class='ocr_carea' id='block_1_5' title="bbox 199 917 1214 1174">
    <p class='ocr_par' dir='ltr' id='par_1_5' title="bbox 200 917 1214 1012">
     <span class='ocr_line' id='line_1_9' title="bbox 240 917 1214 959; baseline -0.004 -9"><span class='ocrx_word' id='word_1_39' title='bbox 240 922 405 959; x_wconf 71' lang='lat' dir='ltr'>Reynizlslo,</span> <span class='ocrx_word' id='word_1_40' title='bbox 429 920 531 950; x_wconf 81' lang='lat' dir='ltr'>comiti</span> <span class='ocrx_word' id='word_1_41' title='bbox 555 920 686 955; x_wconf 74' lang='lat' dir='ltr'>Geli-iae,</span> <span class='ocrx_word' id='word_1_42' title='bbox 709 919 853 958; x_wconf 77' lang='lat' dir='ltr'><strong>indulget</strong></span> <span class='ocrx_word' id='word_1_43' title='bbox 878 922 913 948; x_wconf 90' lang='lat' dir='ltr'>ut</span> <span class='ocrx_word' id='word_1_44' title='bbox 937 917 1121 957; x_wconf 78' lang='lat' dir='ltr'>capellanus</span> <span class='ocrx_word' id='word_1_45' title='bbox 1145 917 1214 955; x_wconf 91' lang='lat' dir='ltr'>ejus</span> 
     </span>
     <span class='ocr_line' id='line_1_10' title="bbox 200 973 724 1012; baseline -0.006 -8"><span class='ocrx_word' id='word_1_46' title='bbox 200 974 298 1004; x_wconf 82' lang='lat' dir='ltr'>altare</span> <span class='ocrx_word' id='word_1_47' title='bbox 316 973 460 1012; x_wconf 76' lang='lat' dir='ltr'>portatile</span> <span class='ocrx_word' id='word_1_48' title='bbox 477 974 595 1003; x_wconf 80' lang='lat' dir='ltr'>babere</span> <span class='ocrx_word' id='word_1_49' title='bbox 615 973 724 1011; x_wconf 88' lang='lat' dir='ltr'>possit.</span> 
     </span>
    </p>

    <p class='ocr_par' dir='ltr' id='par_1_6' title="bbox 199 1023 1212 1174">
     <span class='ocr_line' id='line_1_11' title="bbox 243 1023 1212 1065; baseline -0.001 -11"><span class='ocrx_word' id='word_1_50' title='bbox 243 1041 255 1054; x_wconf 61' lang='lat' dir='ltr'>a</span> <span class='ocrx_word' id='word_1_51' title='bbox 278 1027 462 1057; x_wconf 82' lang='lat' dir='ltr'>Devotionis</span> <span class='ocrx_word' id='word_1_52' title='bbox 479 1031 530 1057; x_wconf 90' lang='lat' dir='ltr'>tue</span> <span class='ocrx_word' id='word_1_53' title='bbox 547 1026 730 1065; x_wconf 81' lang='lat' dir='ltr'>precibus...</span> <span class='ocrx_word' id='word_1_54' title='bbox 746 1041 784 1047; x_wconf 88' lang='lat'>-</span> <span class='ocrx_word' id='word_1_55' title='bbox 797 1025 867 1055; x_wconf 84' lang='lat' dir='ltr'>Dat.</span> <span class='ocrx_word' id='word_1_56' title='bbox 885 1025 996 1059; x_wconf 85' lang='lat' dir='ltr'>Rome,</span> <span class='ocrx_word' id='word_1_57' title='bbox 1009 1024 1093 1063; x_wconf 82' lang='lat' dir='ltr'>apud</span> <span class='ocrx_word' id='word_1_58' title='bbox 1109 1023 1212 1054; x_wconf 89' lang='lat' dir='ltr'>Sanc-</span> 
     </span>
     <span class='ocr_line' id='line_1_12' title="bbox 202 1078 1211 1119; baseline -0.005 -8"><span class='ocrx_word' id='word_1_59' title='bbox 202 1086 265 1111; x_wconf 88' lang='lat' dir='ltr'>tam</span> <span class='ocrx_word' id='word_1_60' title='bbox 280 1082 414 1110; x_wconf 84' lang='lat' dir='ltr'>Mariam</span> <span class='ocrx_word' id='word_1_61' title='bbox 431 1081 621 1119; x_wconf 78' lang='lat' dir='ltr'>Maj01·em,x</span> <span class='ocrx_word' id='word_1_62' title='bbox 634 1078 950 1117; x_wconf 79' lang='lat' dir='ltr'>kalendasjanuarii,</span> <span class='ocrx_word' id='word_1_63' title='bbox 965 1086 1052 1108; x_wconf 89' lang='lat' dir='ltr'>anno</span> <span class='ocrx_word' id='word_1_64' title='bbox 1062 1081 1185 1116; x_wconf 88' lang='lat' dir='ltr'>quarto.</span> <span class='ocrx_word' id='word_1_65' title='bbox 1198 1089 1211 1104; x_wconf 75' lang='lat' dir='ltr'>n</span> 
     </span>
     <span class='ocr_line' id='line_1_13' title="bbox 199 1134 492 1174; baseline -0.01 -8"><span class='ocrx_word' id='word_1_66' title='bbox 199 1135 351 1174; x_wconf 56' lang='lat' dir='ltr'>(Pomm,</span> <span class='ocrx_word' id='word_1_67' title='bbox 370 1134 492 1171; x_wconf 68' lang='lat'>23880.)</span> 
     </span>
    </p>
   </div>
   <div class='ocr_carea' id='block_1_6' title="bbox 459 854 1140 891">
    <p class='ocr_par' dir='ltr' id='par_1_7' title="bbox 459 854 1140 891">
     <span class='ocr_line' id='line_1_14' title="bbox 459 854 1140 891; baseline -0.006 -7"><span class='ocrx_word' id='word_1_68' title='bbox 459 856 823 891; x_wconf 78' lang='lat' dir='ltr'>Sainte-Marie-Majeure,</span> <span class='ocrx_word' id='word_1_69' title='bbox 841 855 874 882; x_wconf 74' lang='lat'>‘23</span> <span class='ocrx_word' id='word_1_70' title='bbox 890 855 1044 882; x_wconf 74' lang='lat' dir='ltr'>decembre</span> <span class='ocrx_word' id='word_1_71' title='bbox 1062 854 1140 881; x_wconf 70' lang='lat'>1291.</span> 
     </span>
    </p>
   </div>
   <div class='ocr_carea' id='block_1_7' title="bbox 273 1347 389 1376">
    <p class='ocr_par' dir='ltr' id='par_1_8' title="bbox 273 1347 389 1376">
     <span class='ocr_line' id='line_1_15' title="bbox 273 1347 389 1376; baseline -0.017 0"><span class='ocrx_word' id='word_1_72' title='bbox 273 1349 297 1376; x_wconf 82' lang='grc'>7</span> <span class='ocrx_word' id='word_1_73' title='bbox 303 1347 389 1375; x_wconf 68' lang='grc'>644</span> 
     </span>
    </p>
   </div>
   <div class='ocr_carea' id='block_1_8' title="bbox 199 1407 1216 1555">
    <p class='ocr_par' dir='ltr' id='par_1_9' title="bbox 199 1407 1216 1555">
     <span class='ocr_line' id='line_1_16' title="bbox 242 1407 1214 1448; baseline -0.004 -8"><span class='ocrx_word' id='word_1_74' title='bbox 242 1434 262 1441; x_wconf 91' lang='grc'>..</span> <span class='ocrx_word' id='word_1_75' title='bbox 287 1412 419 1448; x_wconf 78' lang='lat' dir='ltr'>episcopo</span> <span class='ocrx_word' id='word_1_76' title='bbox 441 1411 629 1439; x_wconf 79' lang='lat' dir='ltr'>Atrebatensi</span> <span class='ocrx_word' id='word_1_77' title='bbox 652 1409 783 1438; x_wconf 85' lang='lat' dir='ltr'>mandat</span> <span class='ocrx_word' id='word_1_78' title='bbox 808 1412 841 1437; x_wconf 91' lang='lat' dir='ltr'>ut</span> <span class='ocrx_word' id='word_1_79' title='bbox 862 1409 893 1438; x_wconf 86' lang='lat' dir='ltr'>J.</span> <span class='ocrx_word' id='word_1_80' title='bbox 918 1408 957 1438; x_wconf 89' lang='lat' dir='ltr'>de</span> <span class='ocrx_word' id='word_1_81' title='bbox 979 1407 1138 1444; x_wconf 81' lang='lat' dir='ltr'>Avesnis,</span> <span class='ocrx_word' id='word_1_82' title='bbox 1162 1415 1214 1437; x_wconf 89' lang='lat' dir='ltr'>co-</span> 
     </span>
     <span class='ocr_line' id='line_1_17' title="bbox 200 1461 1215 1502; baseline -0.003 -9"><span class='ocrx_word' id='word_1_83' title='bbox 200 1464 312 1494; x_wconf 89' lang='lat' dir='ltr'>mitem</span> <span class='ocrx_word' id='word_1_84' title='bbox 338 1463 548 1502; x_wconf 73' lang='lat' dir='ltr'>Haynoniae,</span> <span class='ocrx_word' id='word_1_85' title='bbox 574 1462 718 1501; x_wconf 87' lang='lat' dir='ltr'>aliosque</span> <span class='ocrx_word' id='word_1_86' title='bbox 743 1461 869 1492; x_wconf 89' lang='lat' dir='ltr'>nobiles</span> <span class='ocrx_word' id='word_1_87' title='bbox 893 1461 934 1491; x_wconf 91' lang='lat' dir='ltr'>ad</span> <span class='ocrx_word' id='word_1_88' title='bbox 957 1461 1215 1491; x_wconf 87' lang='lat' dir='ltr'>observationem</span> 
     </span>
     <span class='ocr_line' id='line_1_18' title="bbox 199 1514 1216 1555; baseline -0.003 -8"><span class='ocrx_word' id='word_1_89' title='bbox 199 1518 452 1547; x_wconf 75' lang='lat' dir='ltr'>conventionum</span> <span class='ocrx_word' id='word_1_90' title='bbox 469 1521 499 1546; x_wconf 91' lang='lat' dir='ltr'>et</span> <span class='ocrx_word' id='word_1_91' title='bbox 515 1516 600 1555; x_wconf 83' lang='lat' dir='ltr'>pacis</span> <span class='ocrx_word' id='word_1_92' title='bbox 616 1525 688 1546; x_wconf 90' lang='lat' dir='ltr'>cum</span> <span class='ocrx_word' id='word_1_93' title='bbox 702 1514 1001 1545; x_wconf 85' lang='lat' dir='ltr'>Valencenensibus</span> <span class='ocrx_word' id='word_1_94' title='bbox 1017 1514 1117 1544; x_wconf 84' lang='lat' dir='ltr'>initae</span> <span class='ocrx_word' id='word_1_95' title='bbox 1132 1522 1216 1544; x_wconf 92' lang='lat' dir='ltr'>com-</span> 
     </span>
    </p>
   </div>
   <div class='ocr_carea' id='block_1_9' title="bbox 199 1570 1214 1660">
    <p class='ocr_par' dir='ltr' id='par_1_10' title="bbox 199 1570 1214 1660">
     <span class='ocr_line' id='line_1_19' title="bbox 222 1570 306 1600; baseline -0.012 0"><span class='ocrx_word' id='word_1_96' title='bbox 222 1570 306 1600; x_wconf 89' lang='lat' dir='ltr'>ellat.</span> 
     </span>
     <span class='ocr_line' id='line_1_20' title="bbox 199 1580 1214 1660; baseline -0.002 -7"><span class='ocrx_word' id='word_1_97' title='bbox 199 1580 218 1609; x_wconf 70' lang='lat' dir='ltr'>p</span> <span class='ocrx_word' id='word_1_98' title='bbox 241 1636 255 1650; x_wconf 86' lang='lat'>«</span> <span class='ocrx_word' id='word_1_99' title='bbox 283 1623 348 1653; x_wconf 85' lang='lat' dir='ltr'>Sua</span> <span class='ocrx_word' id='word_1_100' title='bbox 373 1624 464 1653; x_wconf 89' lang='lat' dir='ltr'>nobis</span> <span class='ocrx_word' id='word_1_101' title='bbox 486 1623 635 1653; x_wconf 88' lang='lat' dir='ltr'>dilecti...</span> <span class='ocrx_word' id='word_1_102' title='bbox 658 1639 696 1644; x_wconf 93' lang='lat'>—</span> <span class='ocrx_word' id='word_1_103' title='bbox 719 1622 790 1652; x_wconf 90' lang='lat' dir='ltr'>Dat.</span> <span class='ocrx_word' id='word_1_104' title='bbox 819 1622 936 1658; x_wconf 85' lang='lat' dir='ltr'>Rome,</span> <span class='ocrx_word' id='word_1_105' title='bbox 960 1621 1045 1660; x_wconf 91' lang='lat' dir='ltr'>apud</span> <span class='ocrx_word' id='word_1_106' title='bbox 1066 1621 1214 1651; x_wconf 84' lang='lat' dir='ltr'>Sanctam</span> 
     </span>
    </p>
   </div>
   <div class='ocr_carea' id='block_1_10' title="bbox 201 1675 1212 1768">
    <p class='ocr_par' dir='ltr' id='par_1_11' title="bbox 201 1675 1212 1768">
     <span class='ocr_line' id='line_1_21' title="bbox 201 1675 1212 1716; baseline -0.003 -9"><span class='ocrx_word' id='word_1_107' title='bbox 201 1678 337 1708; x_wconf 84' lang='lat' dir='ltr'>Mariam</span> <span class='ocrx_word' id='word_1_108' title='bbox 359 1678 530 1716; x_wconf 83' lang='lat' dir='ltr'>Majorem,</span> <span class='ocrx_word' id='word_1_109' title='bbox 548 1687 567 1706; x_wconf 88' lang='lat' dir='ltr'>v</span> <span class='ocrx_word' id='word_1_110' title='bbox 588 1676 742 1707; x_wconf 80' lang='lat' dir='ltr'>kalendas</span> <span class='ocrx_word' id='word_1_111' title='bbox 755 1675 919 1714; x_wconf 84' lang='lat' dir='ltr'>januarii,</span> <span class='ocrx_word' id='word_1_112' title='bbox 942 1683 1028 1705; x_wconf 89' lang='lat' dir='ltr'>anno</span> <span class='ocrx_word' id='word_1_113' title='bbox 1048 1678 1171 1714; x_wconf 87' lang='lat' dir='ltr'>quarto.</span> <span class='ocrx_word' id='word_1_114' title='bbox 1198 1686 1212 1702; x_wconf 90' lang='lat'>»</span> 
     </span>
     <span class='ocr_line' id='line_1_22' title="bbox 201 1730 492 1768; baseline 0 -8"><span class='ocrx_word' id='word_1_115' title='bbox 201 1731 349 1768; x_wconf 56' lang='lat' dir='ltr'>(Poma,</span> <span class='ocrx_word' id='word_1_116' title='bbox 368 1730 492 1767; x_wconf 74' lang='lat'>23881.)</span> 
     </span>
    </p>
   </div>
   <div class='ocr_carea' id='block_1_11' title="bbox 462 1344 1141 1380">
    <p class='ocr_par' dir='ltr' id='par_1_12' title="bbox 462 1344 1141 1380">
     <span class='ocr_line' id='line_1_23' title="bbox 462 1344 1141 1380; baseline -0.004 -7"><span class='ocrx_word' id='word_1_117' title='bbox 462 1346 826 1380; x_wconf 73' lang='lat' dir='ltr'>Saintc-Marie-Majeum,</span> <span class='ocrx_word' id='word_1_118' title='bbox 844 1345 878 1372; x_wconf 73' lang='lat'>28</span> <span class='ocrx_word' id='word_1_119' title='bbox 894 1344 1046 1371; x_wconf 72' lang='lat' dir='ltr'>decembre</span> <span class='ocrx_word' id='word_1_120' title='bbox 1063 1344 1141 1371; x_wconf 64' lang='lat'>1291.</span> 
     </span>
    </p>
   </div>
   <div class='ocr_carea' id='block_1_12' title="bbox 273 1945 388 1973">
    <p class='ocr_par' dir='ltr' id='par_1_13' title="bbox 273 1945 388 1973">
     <span class='ocr_line' id='line_1_24' title="bbox 273 1945 388 1973; baseline 0 0"><span class='ocrx_word' id='word_1_121' title='bbox 273 1945 388 1973; x_wconf 74' lang='grc'>’7645</span> 
     </span>
    </p>
   </div>
   <div class='ocr_carea' id='block_1_13' title="bbox 200 2005 1215 2419">
    <p class='ocr_par' dir='ltr' id='par_1_14' title="bbox 200 2005 1214 2258">
     <span class='ocr_line' id='line_1_25' title="bbox 242 2005 1214 2043; baseline -0.004 -5"><span class='ocrx_word' id='word_1_122' title='bbox 242 2031 262 2038; x_wconf 86' lang='grc'>..</span> <span class='ocrx_word' id='word_1_123' title='bbox 282 2008 455 2037; x_wconf 80' lang='lat' dir='ltr'>scholastico</span> <span class='ocrx_word' id='word_1_124' title='bbox 471 2007 608 2037; x_wconf 81' lang='lat' dir='ltr'>ecclesiae</span> <span class='ocrx_word' id='word_1_125' title='bbox 623 2006 727 2035; x_wconf 79' lang='lat' dir='ltr'>Sancti</span> <span class='ocrx_word' id='word_1_126' title='bbox 742 2006 893 2035; x_wconf 66' lang='grc' dir='ltr'>ιΙοΙιαηηιέ</span> <span class='ocrx_word' id='word_1_127' title='bbox 908 2005 1106 2043; x_wconf 74' lang='lat' dir='ltr'>Mayuntinae</span> <span class='ocrx_word' id='word_1_128' title='bbox 1121 2013 1214 2035; x_wconf 89' lang='lat' dir='ltr'>man-</span> 
     </span>
     <span class='ocr_line' id='line_1_26' title="bbox 200 2058 1214 2095; baseline -0.002 -5"><span class='ocrx_word' id='word_1_129' title='bbox 200 2061 252 2090; x_wconf 87' lang='lat' dir='ltr'>dat</span> <span class='ocrx_word' id='word_1_130' title='bbox 282 2065 313 2090; x_wconf 89' lang='lat' dir='ltr'>ut</span> <span class='ocrx_word' id='word_1_131' title='bbox 341 2065 430 2090; x_wconf 87' lang='lat' dir='ltr'>curet</span> <span class='ocrx_word' id='word_1_132' title='bbox 459 2059 693 2089; x_wconf 86' lang='lat' dir='ltr'>Bernhelmum</span> <span class='ocrx_word' id='word_1_133' title='bbox 723 2059 762 2088; x_wconf 86' lang='lat' dir='ltr'>dc</span> <span class='ocrx_word' id='word_1_134' title='bbox 790 2058 989 2095; x_wconf 82' lang='lat' dir='ltr'>Grevenrot,</span> <span class='ocrx_word' id='word_1_135' title='bbox 1020 2058 1214 2089; x_wconf 85' lang='lat' dir='ltr'>canonicum</span> 
     </span>
     <span class='ocr_line' id='line_1_27' title="bbox 200 2111 1214 2152; baseline -0.002 -9"><span class='ocrx_word' id='word_1_136' title='bbox 200 2119 362 2152; x_wconf 80' lang='lat' dir='ltr'>receptum</span> <span class='ocrx_word' id='word_1_137' title='bbox 384 2114 418 2142; x_wconf 94' lang='lat' dir='ltr'>in</span> <span class='ocrx_word' id='word_1_138' title='bbox 441 2113 574 2143; x_wconf 89' lang='lat' dir='ltr'>ecclesia</span> <span class='ocrx_word' id='word_1_139' title='bbox 596 2112 705 2142; x_wconf 81' lang='lat' dir='ltr'>Sancti</span> <span class='ocrx_word' id='word_1_140' title='bbox 728 2111 967 2142; x_wconf 86' lang='lat' dir='ltr'>Bartholomaei</span> <span class='ocrx_word' id='word_1_141' title='bbox 988 2111 1214 2141; x_wconf 84' lang='lat' dir='ltr'>Frankenvor-</span> 
     </span>
     <span class='ocr_line' id='line_1_28' title="bbox 200 2164 1214 2204; baseline -0.002 -8"><span class='ocrx_word' id='word_1_142' title='bbox 200 2167 309 2202; x_wconf 81' lang='lat' dir='ltr'>densi,</span> <span class='ocrx_word' id='word_1_143' title='bbox 334 2167 543 2204; x_wconf 80' lang='lat' dir='ltr'>Maguntinae</span> <span class='ocrx_word' id='word_1_144' title='bbox 563 2166 732 2199; x_wconf 79' lang='lat' dir='ltr'>dioecesis,</span> <span class='ocrx_word' id='word_1_145' title='bbox 757 2164 972 2204; x_wconf 82' lang='lat' dir='ltr'>praebendam</span> <span class='ocrx_word' id='word_1_146' title='bbox 993 2164 1053 2195; x_wconf 88' lang='lat' dir='ltr'>sibi</span> <span class='ocrx_word' id='word_1_147' title='bbox 1073 2164 1214 2195; x_wconf 82' lang='lat' dir='ltr'>debitam</span> 
     </span>
     <span class='ocr_line' id='line_1_29' title="bbox 200 2221 338 2258; baseline 0 -8"><span class='ocrx_word' id='word_1_148' title='bbox 200 2221 338 2258; x_wconf 76' lang='lat' dir='ltr'>assequi.</span> 
     </span>
    </p>

    <p class='ocr_par' dir='ltr' id='par_1_15' title="bbox 201 2270 1215 2419">
     <span class='ocr_line' id='line_1_30' title="bbox 243 2270 1215 2311; baseline -0.001 -9"><span class='ocrx_word' id='word_1_149' title='bbox 243 2287 255 2299; x_wconf 69' lang='grc' dir='ltr'>«ι</span> <span class='ocrx_word' id='word_1_150' title='bbox 284 2273 486 2311; x_wconf 78' lang='lat' dir='ltr'>Significavit</span> <span class='ocrx_word' id='word_1_151' title='bbox 513 2272 607 2302; x_wconf 91' lang='lat' dir='ltr'>nobis</span> <span class='ocrx_word' id='word_1_152' title='bbox 631 2272 806 2302; x_wconf 86' lang='lat' dir='ltr'>dilectus...</span> <span class='ocrx_word' id='word_1_153' title='bbox 834 2289 872 2293; x_wconf 97' lang='lat'><strong>—</strong></span> <span class='ocrx_word' id='word_1_154' title='bbox 896 2271 968 2301; x_wconf 91' lang='lat' dir='ltr'>Dat.</span> <span class='ocrx_word' id='word_1_155' title='bbox 992 2272 1111 2308; x_wconf 85' lang='lat' dir='ltr'>Rome,</span> <span class='ocrx_word' id='word_1_156' title='bbox 1130 2270 1215 2310; x_wconf 90' lang='lat' dir='ltr'>apud</span> 
     </span>
     <span class='ocr_line' id='line_1_31' title="bbox 201 2325 1211 2365; baseline -0.002 -9"><span class='ocrx_word' id='word_1_157' title='bbox 201 2326 350 2357; x_wconf 83' lang='lat' dir='ltr'>Sanctam</span> <span class='ocrx_word' id='word_1_158' title='bbox 362 2327 498 2356; x_wconf 84' lang='lat' dir='ltr'>Mariam</span> <span class='ocrx_word' id='word_1_159' title='bbox 509 2327 675 2365; x_wconf 84' lang='lat' dir='ltr'>Majorem‚</span> <span class='ocrx_word' id='word_1_160' title='bbox 686 2325 793 2355; x_wconf 90' lang='lat' dir='ltr'>idibus</span> <span class='ocrx_word' id='word_1_161' title='bbox 803 2325 1053 2364; x_wconf 80' lang='lat' dir='ltr'>Januarii,ann0</span> <span class='ocrx_word' id='word_1_162' title='bbox 1061 2328 1185 2364; x_wconf 85' lang='lat' dir='ltr'>quarto.</span> <span class='ocrx_word' id='word_1_163' title='bbox 1198 2336 1211 2351; x_wconf 69' lang='lat' dir='ltr'>n</span> 
     </span>
     <span class='ocr_line' id='line_1_32' title="bbox 201 2380 494 2419; baseline -0.003 -8"><span class='ocrx_word' id='word_1_164' title='bbox 201 2381 350 2418; x_wconf 47' lang='lat' dir='ltr'>(Pom-ir,</span> <span class='ocrx_word' id='word_1_165' title='bbox 369 2380 494 2419; x_wconf 62' lang='lat'>23889.)</span> 
     </span>
    </p>
   </div>
   <div class='ocr_carea' id='block_1_14' title="bbox 506 1941 1140 1977">
    <p class='ocr_par' dir='ltr' id='par_1_16' title="bbox 506 1941 1140 1977">
     <span class='ocr_line' id='line_1_33' title="bbox 506 1941 1140 1977; baseline -0.002 -7"><span class='ocrx_word' id='word_1_166' title='bbox 506 1942 869 1977; x_wconf 44' lang='lat' dir='ltr'>Sainte-Mario-ltiajfzurffi</span> <span class='ocrx_word' id='word_1_167' title='bbox 889 1942 920 1969; x_wconf 87' lang='grc'>13</span> <span class='ocrx_word' id='word_1_168' title='bbox 931 1942 1046 1977; x_wconf 88' lang='lat' dir='ltr'>janvier</span> <span class='ocrx_word' id='word_1_169' title='bbox 1063 1941 1140 1969; x_wconf 72' lang='lat'>1292.</span> 
     </span>
    </p>
   </div>
   <div class='ocr_carea' id='block_1_15' title="bbox 275 2602 390 2630">
    <p class='ocr_par' dir='ltr' id='par_1_17' title="bbox 275 2602 390 2630">
     <span class='ocr_line' id='line_1_34' title="bbox 275 2602 390 2630; baseline -0.009 0"><span class='ocrx_word' id='word_1_170' title='bbox 275 2602 390 2630; x_wconf 66' lang='lat'><strong>&#39;⁷8⁴6</strong></span> 
     </span>
    </p>
   </div>
   <div class='ocr_carea' id='block_1_16' title="bbox 202 2663 1216 3023">
    <p class='ocr_par' dir='ltr' id='par_1_18' title="bbox 202 2663 1216 2863">
     <span class='ocr_line' id='line_1_35' title="bbox 244 2663 1216 2700; baseline -0.004 -5"><span class='ocrx_word' id='word_1_171' title='bbox 244 2689 263 2695; x_wconf 93' lang='lat'>..</span> <span class='ocrx_word' id='word_1_172' title='bbox 284 2667 384 2695; x_wconf 67' lang='lat' dir='ltr'>abban·</span> <span class='ocrx_word' id='word_1_173' title='bbox 403 2670 428 2694; x_wconf 82' lang='lat' dir='ltr'>et</span> <span class='ocrx_word' id='word_1_174' title='bbox 448 2666 611 2694; x_wconf 72' lang='lat' dir='ltr'>conventui</span> <span class='ocrx_word' id='word_1_175' title='bbox 635 2664 813 2693; x_wconf 77' lang='lat' dir='ltr'>monasterii</span> <span class='ocrx_word' id='word_1_176' title='bbox 836 2664 944 2693; x_wconf 80' lang='lat' dir='ltr'>Sancti</span> <span class='ocrx_word' id='word_1_177' title='bbox 960 2663 1104 2700; x_wconf 71' lang='lat' dir='ltr'>Maqlorii</span> <span class='ocrx_word' id='word_1_178' title='bbox 1124 2663 1216 2692; x_wconf 74' lang='lat' dir='ltr'>Pari·-</span> 
     </span>
     <span class='ocr_line' id='line_1_36' title="bbox 202 2716 1215 2756; baseline -0.003 -8"><span class='ocrx_word' id='word_1_179' title='bbox 202 2722 312 2749; x_wconf 77' lang='lat' dir='ltr'>siensis</span> <span class='ocrx_word' id='word_1_180' title='bbox 333 2718 479 2756; x_wconf 78' lang='lat' dir='ltr'>indulget</span> <span class='ocrx_word' id='word_1_181' title='bbox 503 2722 536 2747; x_wconf 90' lang='lat' dir='ltr'>ut</span> <span class='ocrx_word' id='word_1_182' title='bbox 555 2727 572 2747; x_wconf 93' lang='lat' dir='ltr'>a</span> <span class='ocrx_word' id='word_1_183' title='bbox 593 2718 738 2756; x_wconf 85' lang='lat' dir='ltr'>personis</span> <span class='ocrx_word' id='word_1_184' title='bbox 756 2717 866 2747; x_wconf 86' lang='lat' dir='ltr'>liberis</span> <span class='ocrx_word' id='word_1_185' title='bbox 889 2717 922 2746; x_wconf 88' lang='lat' dir='ltr'>in</span> <span class='ocrx_word' id='word_1_186' title='bbox 943 2725 1000 2746; x_wconf 86' lang='lat' dir='ltr'>suo</span> <span class='ocrx_word' id='word_1_187' title='bbox 1020 2716 1215 2746; x_wconf 86' lang='lat' dir='ltr'>monasterio</span> 
     </span>
     <span class='ocr_line' id='line_1_37' title="bbox 202 2769 1215 2812; baseline -0.004 -10"><span class='ocrx_word' id='word_1_188' title='bbox 202 2772 433 2812; x_wconf 77' lang='lat' dir='ltr'>professionem</span> <span class='ocrx_word' id='word_1_189' title='bbox 452 2771 641 2800; x_wconf 78' lang='lat' dir='ltr'>facientibus</span> <span class='ocrx_word' id='word_1_190' title='bbox 658 2771 740 2800; x_wconf 87' lang='lat' dir='ltr'>bona</span> <span class='ocrx_word' id='word_1_191' title='bbox 754 2770 885 2800; x_wconf 89' lang='lat' dir='ltr'>mobilia</span> <span class='ocrx_word' id='word_1_192' title='bbox 899 2774 929 2799; x_wconf 88' lang='lat' dir='ltr'>et</span> <span class='ocrx_word' id='word_1_193' title='bbox 942 2769 1131 2806; x_wconf 82' lang='lat' dir='ltr'>immobilia,</span> <span class='ocrx_word' id='word_1_194' title='bbox 1147 2769 1215 2799; x_wconf 81' lang='lat' dir='ltr'>seu-</span> 
     </span>
     <span class='ocr_line' id='line_1_38' title="bbox 203 2823 1157 2863; baseline -0.003 -8"><span class='ocrx_word' id='word_1_195' title='bbox 203 2825 328 2855; x_wconf 87' lang='lat' dir='ltr'>dalibus</span> <span class='ocrx_word' id='word_1_196' title='bbox 345 2825 509 2855; x_wconf 78' lang='lat' dir='ltr'>dumtaxat</span> <span class='ocrx_word' id='word_1_197' title='bbox 529 2824 678 2863; x_wconf 76' lang='lat' dir='ltr'>exceptis,</span> <span class='ocrx_word' id='word_1_198' title='bbox 697 2828 801 2863; x_wconf 81' lang='lat' dir='ltr'>petere</span> <span class='ocrx_word' id='word_1_199' title='bbox 818 2828 848 2853; x_wconf 91' lang='lat' dir='ltr'>et</span> <span class='ocrx_word' id='word_1_200' title='bbox 865 2823 1007 2862; x_wconf 81' lang='lat' dir='ltr'>recipere</span> <span class='ocrx_word' id='word_1_201' title='bbox 1024 2823 1157 2861; x_wconf 84' lang='lat' dir='ltr'>possint.</span> 
     </span>
    </p>

    <p class='ocr_par' dir='ltr' id='par_1_19' title="bbox 203 2876 1216 3023">
     <span class='ocr_line' id='line_1_39' title="bbox 245 2876 1216 2916; baseline 0 -10"><span class='ocrx_word' id='word_1_202' title='bbox 245 2892 258 2905; x_wconf 87' lang='lat'>«</span> <span class='ocrx_word' id='word_1_203' title='bbox 286 2879 473 2908; x_wconf 79' lang='lat' dir='ltr'>Devotionis</span> <span class='ocrx_word' id='word_1_204' title='bbox 495 2882 598 2908; x_wconf 82' lang='lat' dir='ltr'>vestre</span> <span class='ocrx_word' id='word_1_205' title='bbox 623 2877 809 2916; x_wconf 79' lang='lat' dir='ltr'>precibus...</span> <span class='ocrx_word' id='word_1_206' title='bbox 834 2894 872 2899; x_wconf 89' lang='lat'><em>—</em></span> <span class='ocrx_word' id='word_1_207' title='bbox 895 2877 966 2906; x_wconf 84' lang='lat' dir='ltr'>Dat.</span> <span class='ocrx_word' id='word_1_208' title='bbox 990 2878 1108 2913; x_wconf 87' lang='lat' dir='ltr'>Rome,</span> <span class='ocrx_word' id='word_1_209' title='bbox 1132 2876 1216 2915; x_wconf 89' lang='lat' dir='ltr'>apud</span> 
     </span>
     <span class='ocr_line' id='line_1_40' title="bbox 203 2931 1214 2970; baseline -0.003 -8"><span class='ocrx_word' id='word_1_210' title='bbox 203 2933 353 2963; x_wconf 73' lang='lat' dir='ltr'>Sanctam</span> <span class='ocrx_word' id='word_1_211' title='bbox 366 2933 499 2962; x_wconf 75' lang='lat' dir='ltr'>Mariam</span> <span class='ocrx_word' id='word_1_212' title='bbox 515 2932 681 2970; x_wconf 74' lang='lat' dir='ltr'>Maiorem,</span> <span class='ocrx_word' id='word_1_213' title='bbox 692 2931 1056 2969; x_wconf 86' lang='lat' dir='ltr'>idibusjanuarii,anno</span> <span class='ocrx_word' id='word_1_214' title='bbox 1064 2933 1186 2969; x_wconf 82' lang='lat' dir='ltr'>quai-to.</span> <span class='ocrx_word' id='word_1_215' title='bbox 1201 2942 1214 2956; x_wconf 90' lang='lat'>»</span> 
     </span>
     <span class='ocr_line' id='line_1_41' title="bbox 204 2985 495 3023; baseline 0 -9"><span class='ocrx_word' id='word_1_216' title='bbox 204 2986 355 3023; x_wconf 63' lang='lat' dir='ltr'>(POTTH..</span> <span class='ocrx_word' id='word_1_217' title='bbox 373 2985 495 3023; x_wconf 59' lang='lat' dir='ltr'>33¹.)Q5.)</span> 
     </span>
    </p>
   </div>
   <div class='ocr_carea' id='block_1_17' title="bbox 514 2599 1139 2635">
    <p class='ocr_par' dir='ltr' id='par_1_20' title="bbox 514 2599 1139 2635">
     <span class='ocr_line' id='line_1_42' title="bbox 514 2599 1139 2635; baseline -0.002 -8"><span class='ocrx_word' id='word_1_218' title='bbox 514 2601 875 2635; x_wconf 76' lang='lat' dir='ltr'>Saintc-Mai-ie-Majeu1·c‚</span> <span class='ocrx_word' id='word_1_219' title='bbox 894 2600 925 2627; x_wconf 75' lang='lat'>13</span> <span class='ocrx_word' id='word_1_220' title='bbox 941 2600 1044 2626; x_wconf 77' lang='lat' dir='ltr'>sevrier</span> <span class='ocrx_word' id='word_1_221' title='bbox 1062 2599 1139 2626; x_wconf 71' lang='lat'>1292.</span> 
     </span>
    </p>
   </div>
   <div class='ocr_carea' id='block_1_18' title="bbox 952 308 1550 342">
    <p class='ocr_par' dir='ltr' id='par_1_21' title="bbox 952 308 1550 342">
     <span class='ocr_line' id='line_1_43' title="bbox 952 308 1550 342; baseline -0.005 0"><span class='ocrx_word' id='word_1_222' title='bbox 952 309 1187 342; x_wconf 84' lang='lat' dir='ltr'>REGISTRES</span> <span class='ocrx_word' id='word_1_223' title='bbox 1210 308 1264 339; x_wconf 80' lang='lat' dir='ltr'>DE</span> <span class='ocrx_word' id='word_1_224' title='bbox 1286 308 1470 339; x_wconf 76' lang='lat' dir='ltr'>NICOLAS</span> <span class='ocrx_word' id='word_1_225' title='bbox 1493 309 1550 340; x_wconf 86' lang='lat' dir='ltr'>1v.</span> 
     </span>
    </p>
   </div>
   <div class='ocr_carea' id='block_1_19' title="bbox 1368 375 1483 404">
    <p class='ocr_par' dir='ltr' id='par_1_22' title="bbox 1368 375 1483 404">
     <span class='ocr_line' id='line_1_44' title="bbox 1368 375 1483 404; baseline 0.017 -2"><span class='ocrx_word' id='word_1_226' title='bbox 1368 375 1483 404; x_wconf 75' lang='grc'>’7647</span> 
     </span>
    </p>
   </div>
   <div class='ocr_carea' id='block_1_20' title="bbox 1296 436 2304 1007">
    <p class='ocr_par' dir='ltr' id='par_1_23' title="bbox 1296 436 2304 838">
     <span class='ocr_line' id='line_1_45' title="bbox 1339 436 2304 470; baseline 0.003 -4"><span class='ocrx_word' id='word_1_227' title='bbox 1339 459 1358 466; x_wconf 92' lang='grc'>..</span> <span class='ocrx_word' id='word_1_228' title='bbox 1371 438 1469 466; x_wconf 81' lang='lat' dir='ltr'>abbati</span> <span class='ocrx_word' id='word_1_229' title='bbox 1481 442 1508 466; x_wconf 85' lang='lat' dir='ltr'>et</span> <span class='ocrx_word' id='word_1_230' title='bbox 1521 438 1682 466; x_wconf 85' lang='lat' dir='ltr'>conventui</span> <span class='ocrx_word' id='word_1_231' title='bbox 1695 437 1875 466; x_wconf 83' lang='lat' dir='ltr'>monasterii</span> <span class='ocrx_word' id='word_1_232' title='bbox 1891 436 2018 465; x_wconf 77' lang='lat' dir='ltr'>Sanctae</span> <span class='ocrx_word' id='word_1_233' title='bbox 2033 437 2146 466; x_wconf 83' lang='lat' dir='ltr'>Mariae</span> <span class='ocrx_word' id='word_1_234' title='bbox 2162 439 2196 467; x_wconf 86' lang='lat' dir='ltr'>in</span> <span class='ocrx_word' id='word_1_235' title='bbox 2212 439 2304 470; x_wconf 81' lang='lat' dir='ltr'>Otter-</span> 
     </span>
     <span class='ocr_line' id='line_1_46' title="bbox 1296 489 2302 529; baseline 0.002 -10"><span class='ocrx_word' id='word_1_236' title='bbox 1296 491 1384 527; x_wconf 70' lang='lat' dir='ltr'>bury,</span> <span class='ocrx_word' id='word_1_237' title='bbox 1401 490 1607 519; x_wconf 69' lang='lat' dir='ltr'>CistercIensis</span> <span class='ocrx_word' id='word_1_238' title='bbox 1621 489 1750 526; x_wconf 80' lang='lat' dir='ltr'>ordinis,</span> <span class='ocrx_word' id='word_1_239' title='bbox 1767 490 1962 526; x_wconf 67' lang='lat' dir='ltr'>ttayuntinae</span> <span class='ocrx_word' id='word_1_240' title='bbox 1976 489 2126 526; x_wconf 83' lang='lat' dir='ltr'>dioecesis,</span> <span class='ocrx_word' id='word_1_241' title='bbox 2138 490 2189 528; x_wconf 87' lang='lat' dir='ltr'>jus</span> <span class='ocrx_word' id='word_1_242' title='bbox 2201 494 2302 529; x_wconf 87' lang='lat' dir='ltr'>patro-</span> 
     </span>
     <span class='ocr_line' id='line_1_47' title="bbox 1297 541 2300 582; baseline 0.002 -9"><span class='ocrx_word' id='word_1_243' title='bbox 1297 548 1390 573; x_wconf 83' lang='lat' dir='ltr'>natus</span> <span class='ocrx_word' id='word_1_244' title='bbox 1409 543 1560 573; x_wconf 89' lang='lat' dir='ltr'>ecclesiae</span> <span class='ocrx_word' id='word_1_245' title='bbox 1576 543 1614 572; x_wconf 89' lang='lat' dir='ltr'>de</span> <span class='ocrx_word' id='word_1_246' title='bbox 1632 542 1749 573; x_wconf 86' lang='lat' dir='ltr'>Sancto</span> <span class='ocrx_word' id='word_1_247' title='bbox 1765 541 1896 579; x_wconf 83' lang='lat' dir='ltr'>Albino,</span> <span class='ocrx_word' id='word_1_248' title='bbox 1914 542 2125 580; x_wconf 87' lang='lat' dir='ltr'>Maguntinae</span> <span class='ocrx_word' id='word_1_249' title='bbox 2139 543 2300 582; x_wconf 86' lang='lat' dir='ltr'>dioecesis,</span> 
     </span>
     <span class='ocr_line' id='line_1_48' title="bbox 1296 594 2303 635; baseline 0 -9"><span class='ocrx_word' id='word_1_250' title='bbox 1296 596 1342 626; x_wconf 86' lang='lat' dir='ltr'>eis</span> <span class='ocrx_word' id='word_1_251' title='bbox 1358 596 1397 626; x_wconf 86' lang='lat' dir='ltr'>ab</span> <span class='ocrx_word' id='word_1_252' title='bbox 1415 596 1569 631; x_wconf 89' lang='lat' dir='ltr'>Helwico,</span> <span class='ocrx_word' id='word_1_253' title='bbox 1593 596 1749 626; x_wconf 90' lang='lat' dir='ltr'>canonico</span> <span class='ocrx_word' id='word_1_254' title='bbox 1775 595 1978 633; x_wconf 84' lang='lat' dir='ltr'>Maguntino,</span> <span class='ocrx_word' id='word_1_255' title='bbox 1997 594 2128 634; x_wconf 79' lang='lat' dir='ltr'>Syfrido</span> <span class='ocrx_word' id='word_1_256' title='bbox 2143 596 2303 635; x_wconf 87' lang='lat' dir='ltr'>quondam</span> 
     </span>
     <span class='ocr_line' id='line_1_49' title="bbox 1298 647 2303 685; baseline 0.003 -6"><span class='ocrx_word' id='word_1_257' title='bbox 1298 649 1440 680; x_wconf 84' lang='lat' dir='ltr'>Volmari</span> <span class='ocrx_word' id='word_1_258' title='bbox 1460 649 1498 679; x_wconf 91' lang='lat' dir='ltr'>de</span> <span class='ocrx_word' id='word_1_259' title='bbox 1514 649 1631 680; x_wconf 86' lang='lat' dir='ltr'>Sancto</span> <span class='ocrx_word' id='word_1_260' title='bbox 1652 648 1790 685; x_wconf 85' lang='lat' dir='ltr'>Albino,</span> <span class='ocrx_word' id='word_1_261' title='bbox 1808 647 1955 678; x_wconf 90' lang='lat' dir='ltr'>Conrado</span> <span class='ocrx_word' id='word_1_262' title='bbox 1974 647 2156 678; x_wconf 87' lang='lat' dir='ltr'>Baldemari</span> <span class='ocrx_word' id='word_1_263' title='bbox 2175 648 2250 679; x_wconf 82' lang='lat' dir='ltr'>dicti</span> <span class='ocrx_word' id='word_1_264' title='bbox 2265 649 2303 682; x_wconf 83' lang='lat' dir='ltr'>de</span> 
     </span>
     <span class='ocr_line' id='line_1_50' title="bbox 1296 700 2304 739; baseline 0.003 -8"><span class='ocrx_word' id='word_1_265' title='bbox 1296 702 1567 732; x_wconf 89' lang='lat' dir='ltr'>Wendelnsheim</span> <span class='ocrx_word' id='word_1_266' title='bbox 1582 725 1590 739; x_wconf 88' lang='lat'>,</span> <span class='ocrx_word' id='word_1_267' title='bbox 1609 701 1793 738; x_wconf 87' lang='lat' dir='ltr'>domicelli,</span> <span class='ocrx_word' id='word_1_268' title='bbox 1817 704 1847 730; x_wconf 88' lang='lat' dir='ltr'>et</span> <span class='ocrx_word' id='word_1_269' title='bbox 1867 700 2064 738; x_wconf 83' lang='lat' dir='ltr'>Adelheide,</span> <span class='ocrx_word' id='word_1_270' title='bbox 2084 700 2262 733; x_wconf 83' lang='lat' dir='ltr'>Clementia</span> <span class='ocrx_word' id='word_1_271' title='bbox 2275 705 2304 734; x_wconf 74' lang='lat' dir='ltr'>et</span> 
     </span>
     <span class='ocr_line' id='line_1_51' title="bbox 1298 754 2303 794; baseline 0.001 -9"><span class='ocrx_word' id='word_1_272' title='bbox 1298 755 1484 792; x_wconf 85' lang='lat' dir='ltr'>Benedicta,</span> <span class='ocrx_word' id='word_1_273' title='bbox 1497 754 1658 785; x_wconf 84' lang='lat' dir='ltr'>sororibus</span> <span class='ocrx_word' id='word_1_274' title='bbox 1675 754 1830 794; x_wconf 86' lang='lat' dir='ltr'>praedicti</span> <span class='ocrx_word' id='word_1_275' title='bbox 1846 754 2004 790; x_wconf 89' lang='lat' dir='ltr'>canonici,</span> <span class='ocrx_word' id='word_1_276' title='bbox 2019 762 2217 792; x_wconf 86' lang='lat' dir='ltr'>concessum,</span> <span class='ocrx_word' id='word_1_277' title='bbox 2229 763 2303 786; x_wconf 87' lang='lat' dir='ltr'>cou-</span> 
     </span>
     <span class='ocr_line' id='line_1_52' title="bbox 1296 809 1413 838; baseline 0 0"><span class='ocrx_word' id='word_1_278' title='bbox 1296 809 1413 838; x_wconf 83' lang='lat' dir='ltr'>firmat.</span> 
     </span>
    </p>

    <p class='ocr_par' dir='ltr' id='par_1_24' title="bbox 1297 859 2304 1007">
     <span class='ocr_line' id='line_1_53' title="bbox 1338 859 2304 899; baseline 0 -7"><span class='ocrx_word' id='word_1_279' title='bbox 1338 874 1351 888; x_wconf 92' lang='lat'>«</span> <span class='ocrx_word' id='word_1_280' title='bbox 1365 861 1447 892; x_wconf 90' lang='lat' dir='ltr'>Cum</span> <span class='ocrx_word' id='word_1_281' title='bbox 1460 870 1478 891; x_wconf 90' lang='lat' dir='ltr'>a</span> <span class='ocrx_word' id='word_1_282' title='bbox 1493 861 1623 892; x_wconf 87' lang='lat' dir='ltr'>nohis...</span> <span class='ocrx_word' id='word_1_283' title='bbox 1636 878 1676 883; x_wconf 91' lang='lat'>—</span> <span class='ocrx_word' id='word_1_284' title='bbox 1689 861 1762 890; x_wconf 91' lang='lat' dir='ltr'>Dat.</span> <span class='ocrx_word' id='word_1_285' title='bbox 1777 861 1890 897; x_wconf 83' lang='lat' dir='ltr'>Rome,</span> <span class='ocrx_word' id='word_1_286' title='bbox 1906 860 1990 899; x_wconf 88' lang='lat' dir='ltr'>apud</span> <span class='ocrx_word' id='word_1_287' title='bbox 2005 859 2154 890; x_wconf 86' lang='lat' dir='ltr'>Sanctam</span> <span class='ocrx_word' id='word_1_288' title='bbox 2171 860 2304 892; x_wconf 84' lang='lat' dir='ltr'>Mariam</span> 
     </span>
     <span class='ocr_line' id='line_1_54' title="bbox 1298 913 2303 954; baseline 0.002 -9"><span class='ocrx_word' id='word_1_289' title='bbox 1298 916 1464 954; x_wconf 73' lang='lat' dir='ltr'>Maiorem,</span> <span class='ocrx_word' id='word_1_290' title='bbox 1488 924 1509 945; x_wconf 89' lang='lat' dir='ltr'>n</span> <span class='ocrx_word' id='word_1_291' title='bbox 1532 914 1686 945; x_wconf 88' lang='lat' dir='ltr'>kalendas</span> <span class='ocrx_word' id='word_1_292' title='bbox 1708 915 1828 951; x_wconf 90' lang='lat' dir='ltr'>martii,</span> <span class='ocrx_word' id='word_1_293' title='bbox 1854 922 1940 945; x_wconf 91' lang='lat' dir='ltr'>anno</span> <span class='ocrx_word' id='word_1_294' title='bbox 1964 915 2088 954; x_wconf 86' lang='lat' dir='ltr'>quinto.</span> <span class='ocrx_word' id='word_1_295' title='bbox 2113 924 2126 942; x_wconf 75' lang='grc' dir='ltr'><strong>ι</strong></span> <span class='ocrx_word' id='word_1_296' title='bbox 2157 913 2303 954; x_wconf 65' lang='lat' dir='ltr'>(Pom-m„</span> 
     </span>
     <span class='ocr_line' id='line_1_55' title="bbox 1297 967 1422 1007; baseline 0 -9"><span class='ocrx_word' id='word_1_297' title='bbox 1297 967 1422 1007; x_wconf 75' lang='lat'>23933.)</span> 
     </span>
    </p>
   </div>
   <div class='ocr_carea' id='block_1_21' title="bbox 1607 374 2232 408">
    <p class='ocr_par' dir='ltr' id='par_1_25' title="bbox 1607 374 2232 408">
     <span class='ocr_line' id='line_1_56' title="bbox 1607 374 2232 408; baseline 0.003 -6"><span class='ocrx_word' id='word_1_298' title='bbox 1607 374 1969 408; x_wconf 75' lang='lat' dir='ltr'>Sainte-Marie-Majeure‚</span> <span class='ocrx_word' id='word_1_299' title='bbox 1985 374 2020 402; x_wconf 76' lang='lat'>‘29</span> <span class='ocrx_word' id='word_1_300' title='bbox 2036 375 2139 403; x_wconf 78' lang='lat' dir='ltr'>fevi-ier</span> <span class='ocrx_word' id='word_1_301' title='bbox 2155 375 2232 404; x_wconf 71' lang='lat'>1292.</span> 
     </span>
    </p>
   </div>
   <div class='ocr_carea' id='block_1_22' title="bbox 1369 1179 2235 1215">
    <p class='ocr_par' dir='ltr' id='par_1_26' title="bbox 1369 1179 2235 1215">
     <span class='ocr_line' id='line_1_57' title="bbox 1369 1179 2235 1215; baseline -0.005 -3"><span class='ocrx_word' id='word_1_302' title='bbox 1369 1182 1486 1212; x_wconf 76' lang='grc'>’7648</span> <span class='ocrx_word' id='word_1_303' title='bbox 1651 1180 2016 1215; x_wconf 77' lang='lat' dir='ltr'>Sainte-Marie-Majeure,</span> <span class='ocrx_word' id='word_1_304' title='bbox 2034 1181 2048 1206; x_wconf 90' lang='lat'>7</span> <span class='ocrx_word' id='word_1_305' title='bbox 2065 1187 2141 1207; x_wconf 85' lang='lat' dir='ltr'>mars</span> <span class='ocrx_word' id='word_1_306' title='bbox 2158 1179 2235 1208; x_wconf 72' lang='lat'>1292.</span> 
     </span>
    </p>
   </div>
   <div class='ocr_carea' id='block_1_23' title="bbox 1340 1242 2305 1278">
    <p class='ocr_par' dir='ltr' id='par_1_27' title="bbox 1340 1242 2305 1278">
     <span class='ocr_line' id='line_1_58' title="bbox 1340 1242 2305 1278; baseline -0.001 -4"><span class='ocrx_word' id='word_1_307' title='bbox 1340 1269 1359 1274; x_wconf 93' lang='lat'>..</span> <span class='ocrx_word' id='word_1_308' title='bbox 1384 1245 1486 1274; x_wconf 82' lang='lat' dir='ltr'>abbati</span> <span class='ocrx_word' id='word_1_309' title='bbox 1510 1249 1536 1273; x_wconf 86' lang='lat' dir='ltr'>et</span> <span class='ocrx_word' id='word_1_310' title='bbox 1559 1245 1721 1274; x_wconf 83' lang='lat' dir='ltr'>conventui</span> <span class='ocrx_word' id='word_1_311' title='bbox 1744 1243 1925 1273; x_wconf 85' lang='lat' dir='ltr'>monasterii</span> <span class='ocrx_word' id='word_1_312' title='bbox 1950 1243 1985 1272; x_wconf 84' lang='lat' dir='ltr'>de</span> <span class='ocrx_word' id='word_1_313' title='bbox 2007 1243 2169 1278; x_wconf 77' lang='lat' dir='ltr'>Eberhach,</span> <span class='ocrx_word' id='word_1_314' title='bbox 2195 1242 2305 1273; x_wconf 82' lang='lat' dir='ltr'>Cister-</span> 
     </span>
    </p>
   </div>
   <div class='ocr_carea' id='block_1_24' title="bbox 1296 1295 2306 1334">
    <p class='ocr_par' dir='ltr' id='par_1_28' title="bbox 1296 1295 2306 1334">
     <span class='ocr_line' id='line_1_59' title="bbox 1296 1295 2306 1334; baseline -0.001 -6"><span class='ocrx_word' id='word_1_315' title='bbox 1296 1299 1406 1328; x_wconf 81' lang='lat' dir='ltr'>oiensis</span> <span class='ocrx_word' id='word_1_316' title='bbox 1423 1299 1555 1334; x_wconf 84' lang='lat' dir='ltr'>ordinis,</span> <span class='ocrx_word' id='word_1_317' title='bbox 1575 1298 1773 1334; x_wconf 74' lang='lat' dir='ltr'>Mayuntinoe</span> <span class='ocrx_word' id='word_1_318' title='bbox 1793 1297 1943 1332; x_wconf 82' lang='lat' dir='ltr'>dioecesis,</span> <span class='ocrx_word' id='word_1_319' title='bbox 1964 1295 2147 1326; x_wconf 85' lang='lat' dir='ltr'>facultatem</span> <span class='ocrx_word' id='word_1_320' title='bbox 2164 1295 2306 1327; x_wconf 75' lang='lat' dir='ltr'>concedit</span> 
     </span>
    </p>
   </div>
   <div class='ocr_carea' id='block_1_25' title="bbox 1297 1348 2327 1390">
    <p class='ocr_par' dir='ltr' id='par_1_29' title="bbox 1297 1348 2327 1390">
     <span class='ocr_line' id='line_1_60' title="bbox 1297 1348 2327 1390; baseline -0.001 -9"><span class='ocrx_word' id='word_1_321' title='bbox 1297 1351 1408 1384; x_wconf 86' lang='lat' dir='ltr'>utendi</span> <span class='ocrx_word' id='word_1_322' title='bbox 1420 1351 1601 1390; x_wconf 84' lang='lat' dir='ltr'>privilegiis</span> <span class='ocrx_word' id='word_1_323' title='bbox 1616 1350 1694 1389; x_wconf 89' lang='lat' dir='ltr'>ipsis</span> <span class='ocrx_word' id='word_1_324' title='bbox 1710 1359 1727 1380; x_wconf 92' lang='lat' dir='ltr'>a</span> <span class='ocrx_word' id='word_1_325' title='bbox 1743 1350 1818 1380; x_wconf 86' lang='lat' dir='ltr'>sede</span> <span class='ocrx_word' id='word_1_326' title='bbox 1830 1349 2003 1389; x_wconf 87' lang='lat' dir='ltr'>apostolica</span> <span class='ocrx_word' id='word_1_327' title='bbox 2017 1349 2174 1379; x_wconf 84' lang='lat' dir='ltr'>concessis</span> <span class='ocrx_word' id='word_1_328' title='bbox 2190 1348 2305 1388; x_wconf 82' lang='lat' dir='ltr'>quibus</span> <span class='ocrx_word' id='word_1_329' title='bbox 2324 1359 2327 1362; x_wconf 94' lang='lat'>·</span> 
     </span>
    </p>
   </div>
   <div class='ocr_carea' id='block_1_26' title="bbox 1296 1402 2305 1549">
    <p class='ocr_par' dir='ltr' id='par_1_30' title="bbox 1296 1402 2305 1549">
     <span class='ocr_line' id='line_1_61' title="bbox 1296 1402 2305 1444; baseline -0.001 -9"><span class='ocrx_word' id='word_1_330' title='bbox 1296 1410 1423 1444; x_wconf 84' lang='lat' dir='ltr'>propter</span> <span class='ocrx_word' id='word_1_331' title='bbox 1456 1404 1695 1443; x_wconf 88' lang='lat' dir='ltr'>simplicitatem</span> <span class='ocrx_word' id='word_1_332' title='bbox 1734 1404 1899 1434; x_wconf 83' lang='lat' dir='ltr'>retroactis</span> <span class='ocrx_word' id='word_1_333' title='bbox 1931 1403 2124 1442; x_wconf 87' lang='lat' dir='ltr'>temporibus</span> <span class='ocrx_word' id='word_1_334' title='bbox 2154 1402 2206 1433; x_wconf 87' lang='lat' dir='ltr'>usi</span> <span class='ocrx_word' id='word_1_335' title='bbox 2242 1411 2305 1434; x_wconf 89' lang='lat' dir='ltr'>non</span> 
     </span>
     <span class='ocr_line' id='line_1_62' title="bbox 1296 1465 1382 1489; baseline 0 -1"><span class='ocrx_word' id='word_1_336' title='bbox 1296 1465 1382 1489; x_wconf 88' lang='lat' dir='ltr'>sunt.</span> 
     </span>
     <span class='ocr_line' id='line_1_63' title="bbox 1338 1509 2305 1549; baseline 0.002 -10"><span class='ocrx_word' id='word_1_337' title='bbox 1338 1524 1351 1539; x_wconf 82' lang='grc'>«</span> <span class='ocrx_word' id='word_1_338' title='bbox 1368 1511 1448 1542; x_wconf 92' lang='lat' dir='ltr'>Cum</span> <span class='ocrx_word' id='word_1_339' title='bbox 1462 1512 1544 1541; x_wconf 90' lang='lat' dir='ltr'>sicut</span> <span class='ocrx_word' id='word_1_340' title='bbox 1555 1519 1631 1541; x_wconf 85' lang='lat' dir='ltr'>ex...</span> <span class='ocrx_word' id='word_1_341' title='bbox 1647 1527 1684 1533; x_wconf 95' lang='lat'>——</span> <span class='ocrx_word' id='word_1_342' title='bbox 1699 1511 1770 1541; x_wconf 89' lang='lat' dir='ltr'>Dat.</span> <span class='ocrx_word' id='word_1_343' title='bbox 1782 1511 1895 1546; x_wconf 88' lang='lat' dir='ltr'>Rome,</span> <span class='ocrx_word' id='word_1_344' title='bbox 1908 1510 1993 1549; x_wconf 91' lang='lat' dir='ltr'>apud</span> <span class='ocrx_word' id='word_1_345' title='bbox 2007 1509 2157 1540; x_wconf 89' lang='lat' dir='ltr'>Sanctam</span> <span class='ocrx_word' id='word_1_346' title='bbox 2170 1509 2305 1541; x_wconf 85' lang='lat' dir='ltr'>Mariam</span> 
     </span>
    </p>
   </div>
   <div class='ocr_carea' id='block_1_27' title="bbox 1296 1561 2306 1606">
    <p class='ocr_par' dir='ltr' id='par_1_31' title="bbox 1296 1561 2306 1606">
     <span class='ocr_line' id='line_1_64' title="bbox 1296 1561 2306 1606; baseline -0.002 -10"><span class='ocrx_word' id='word_1_347' title='bbox 1296 1566 1466 1606; x_wconf 74' lang='lat' dir='ltr'>Maiorem,</span> <span class='ocrx_word' id='word_1_348' title='bbox 1483 1565 1577 1596; x_wconf 90' lang='lat' dir='ltr'>nonis</span> <span class='ocrx_word' id='word_1_349' title='bbox 1593 1564 1712 1600; x_wconf 85' lang='lat' dir='ltr'>martii,</span> <span class='ocrx_word' id='word_1_350' title='bbox 1730 1572 1817 1594; x_wconf 84' lang='lat' dir='ltr'>anno</span> <span class='ocrx_word' id='word_1_351' title='bbox 1835 1564 1963 1603; x_wconf 87' lang='lat' dir='ltr'>quinto.</span> <span class='ocrx_word' id='word_1_352' title='bbox 1981 1575 1994 1590; x_wconf 77' lang='lat'>1&gt;</span> <span class='ocrx_word' id='word_1_353' title='bbox 2013 1563 2166 1603; x_wconf 64' lang='lat' dir='ltr'>(Porrm,</span> <span class='ocrx_word' id='word_1_354' title='bbox 2185 1561 2306 1603; x_wconf 82' lang='lat'>23939.)</span> 
     </span>
    </p>
   </div>
   <div class='ocr_carea' id='block_1_28' title="bbox 1296 1777 2305 1985">
    <p class='ocr_par' dir='ltr' id='par_1_32' title="bbox 1368 1777 1484 1806">
     <span class='ocr_line' id='line_1_65' title="bbox 1368 1777 1484 1806; baseline 0 0"><span class='ocrx_word' id='word_1_355' title='bbox 1368 1777 1484 1806; x_wconf 81' lang='grc'>’7649</span> 
     </span>
    </p>

    <p class='ocr_par' dir='ltr' id='par_1_33' title="bbox 1338 1838 2304 1875">
     <span class='ocr_line' id='line_1_66' title="bbox 1338 1838 2304 1875; baseline -0.001 -5"><span class='ocrx_word' id='word_1_356' title='bbox 1338 1864 1358 1871; x_wconf 92' lang='grc'>..</span> <span class='ocrx_word' id='word_1_357' title='bbox 1381 1841 1484 1870; x_wconf 84' lang='lat' dir='ltr'>abbati</span> <span class='ocrx_word' id='word_1_358' title='bbox 1508 1844 1534 1869; x_wconf 88' lang='lat' dir='ltr'>et</span> <span class='ocrx_word' id='word_1_359' title='bbox 1557 1841 1723 1870; x_wconf 82' lang='lat' dir='ltr'>conventui</span> <span class='ocrx_word' id='word_1_360' title='bbox 1742 1840 1922 1869; x_wconf 80' lang='lat' dir='ltr'>monasterii</span> <span class='ocrx_word' id='word_1_361' title='bbox 1947 1840 1981 1869; x_wconf 86' lang='lat' dir='ltr'>de</span> <span class='ocrx_word' id='word_1_362' title='bbox 2004 1839 2170 1875; x_wconf 83' lang='lat' dir='ltr'>Eberbach,</span> <span class='ocrx_word' id='word_1_363' title='bbox 2195 1838 2304 1869; x_wconf 74' lang='lat' dir='ltr'>Cister-</span> 
     </span>
    </p>

    <p class='ocr_par' dir='ltr' id='par_1_34' title="bbox 1296 1891 2305 1985">
     <span class='ocr_line' id='line_1_67' title="bbox 1296 1891 2305 1930; baseline -0.002 -6"><span class='ocrx_word' id='word_1_364' title='bbox 1296 1895 1404 1924; x_wconf 80' lang='lat' dir='ltr'>ciensis</span> <span class='ocrx_word' id='word_1_365' title='bbox 1422 1893 1561 1930; x_wconf 75' lang='lat' dir='ltr'>ordinis,</span> <span class='ocrx_word' id='word_1_366' title='bbox 1585 1894 1781 1930; x_wconf 72' lang='lat' dir='ltr'>Mayuntinae</span> <span class='ocrx_word' id='word_1_367' title='bbox 1806 1893 1963 1930; x_wconf 82' lang='lat' dir='ltr'>dioecesis,</span> <span class='ocrx_word' id='word_1_368' title='bbox 1983 1891 2160 1929; x_wconf 84' lang='lat' dir='ltr'>libertates,</span> <span class='ocrx_word' id='word_1_369' title='bbox 2185 1891 2305 1922; x_wconf 89' lang='lat' dir='ltr'>immu-</span> 
     </span>
     <span class='ocr_line' id='line_1_68' title="bbox 1296 1946 1894 1985; baseline -0.002 -8"><span class='ocrx_word' id='word_1_370' title='bbox 1296 1947 1413 1977; x_wconf 86' lang='lat' dir='ltr'>nitates</span> <span class='ocrx_word' id='word_1_371' title='bbox 1431 1950 1461 1977; x_wconf 84' lang='lat' dir='ltr'>et</span> <span class='ocrx_word' id='word_1_372' title='bbox 1479 1946 1697 1985; x_wconf 84' lang='lat' dir='ltr'>exemptiones</span> <span class='ocrx_word' id='word_1_373' title='bbox 1713 1946 1894 1976; x_wconf 83' lang='lat' dir='ltr'>confirmat.</span> 
     </span>
    </p>
   </div>
   <div class='ocr_carea' id='block_1_29' title="bbox 1629 1775 2233 1811">
    <p class='ocr_par' dir='ltr' id='par_1_35' title="bbox 1629 1775 2233 1811">
     <span class='ocr_line' id='line_1_69' title="bbox 1629 1775 2233 1811; baseline -0.002 -8"><span class='ocrx_word' id='word_1_374' title='bbox 1629 1775 1993 1811; x_wconf 79' lang='lat' dir='ltr'>Salute-Marie-Majeure,</span> <span class='ocrx_word' id='word_1_375' title='bbox 2013 1775 2047 1804; x_wconf 74' lang='lat'>23</span> <span class='ocrx_word' id='word_1_376' title='bbox 2062 1783 2140 1803; x_wconf 78' lang='lat' dir='ltr'>mars</span> <span class='ocrx_word' id='word_1_377' title='bbox 2156 1775 2233 1804; x_wconf 75' lang='lat'>1292.</span> 
     </span>
    </p>
   </div>
   <div class='ocr_carea' id='block_1_30' title="bbox 1337 1998 2313 2038">
    <p class='ocr_par' dir='ltr' id='par_1_36' title="bbox 1337 1998 2313 2038">
     <span class='ocr_line' id='line_1_70' title="bbox 1337 1998 2313 2038; baseline 0 -9"><span class='ocrx_word' id='word_1_378' title='bbox 1337 2013 1350 2029; x_wconf 85' lang='lat'>«</span> <span class='ocrx_word' id='word_1_379' title='bbox 1367 2000 1448 2031; x_wconf 91' lang='lat' dir='ltr'>Cum</span> <span class='ocrx_word' id='word_1_380' title='bbox 1465 2000 1625 2031; x_wconf 83' lang='lat' dir='ltr'>anobis...</span> <span class='ocrx_word' id='word_1_381' title='bbox 1639 2017 1679 2022; x_wconf 90' lang='lat'><strong>—</strong></span> <span class='ocrx_word' id='word_1_382' title='bbox 1690 2001 1761 2030; x_wconf 89' lang='lat' dir='ltr'>Dat.</span> <span class='ocrx_word' id='word_1_383' title='bbox 1777 2000 1890 2037; x_wconf 88' lang='lat' dir='ltr'>Rome,</span> <span class='ocrx_word' id='word_1_384' title='bbox 1908 1999 1992 2038; x_wconf 89' lang='lat' dir='ltr'>apud</span> <span class='ocrx_word' id='word_1_385' title='bbox 2004 1999 2155 2030; x_wconf 87' lang='lat' dir='ltr'>Sanctam</span> <span class='ocrx_word' id='word_1_386' title='bbox 2172 1998 2313 2030; x_wconf 84' lang='lat' dir='ltr'>Mariam·</span> 
     </span>
    </p>
   </div>
   <div class='ocr_carea' id='block_1_31' title="bbox 1296 2051 2305 2146">
    <p class='ocr_par' dir='ltr' id='par_1_37' title="bbox 1296 2051 2305 2146">
     <span class='ocr_line' id='line_1_71' title="bbox 1296 2051 2305 2092; baseline -0.001 -9"><span class='ocrx_word' id='word_1_387' title='bbox 1296 2054 1464 2092; x_wconf 89' lang='lat' dir='ltr'>Majorem,</span> <span class='ocrx_word' id='word_1_388' title='bbox 1486 2062 1505 2082; x_wconf 81' lang='lat' dir='ltr'><strong>x</strong></span> <span class='ocrx_word' id='word_1_389' title='bbox 1526 2052 1684 2083; x_wconf 84' lang='lat' dir='ltr'>kalendas</span> <span class='ocrx_word' id='word_1_390' title='bbox 1706 2052 1828 2092; x_wconf 87' lang='lat' dir='ltr'>aprilis,</span> <span class='ocrx_word' id='word_1_391' title='bbox 1854 2061 1940 2083; x_wconf 91' lang='lat' dir='ltr'>anno</span> <span class='ocrx_word' id='word_1_392' title='bbox 1963 2052 2088 2092; x_wconf 87' lang='lat' dir='ltr'>quinto.</span> <span class='ocrx_word' id='word_1_393' title='bbox 2117 2063 2130 2080; x_wconf 65' lang='grc' dir='ltr'><strong>ω</strong></span> <span class='ocrx_word' id='word_1_394' title='bbox 2155 2051 2305 2091; x_wconf 66' lang='lat' dir='ltr'>(Pomm,</span> 
     </span>
     <span class='ocr_line' id='line_1_72' title="bbox 1297 2106 1422 2146; baseline -0.008 -9"><span class='ocrx_word' id='word_1_395' title='bbox 1297 2106 1422 2146; x_wconf 81' lang='grc'>23944.)</span> 
     </span>
    </p>
   </div>
   <div class='ocr_carea' id='block_1_32' title="bbox 1369 2317 2238 2350">
    <p class='ocr_par' dir='ltr' id='par_1_38' title="bbox 1369 2317 2238 2350">
     <span class='ocr_line' id='line_1_73' title="bbox 1369 2317 2238 2350; baseline -0.005 -1"><span class='ocrx_word' id='word_1_396' title='bbox 1369 2320 1487 2350; x_wconf 74' lang='grc'>’7650</span> <span class='ocrx_word' id='word_1_397' title='bbox 2074 2317 2238 2346; x_wconf 75' lang='lat'>1288-1292.</span> 
     </span>
    </p>
   </div>
   <div class='ocr_carea' id='block_1_33' title="bbox 1296 2382 2362 2478">
    <p class='ocr_par' dir='ltr' id='par_1_39' title="bbox 1296 2382 2362 2478">
     <span class='ocr_line' id='line_1_74' title="bbox 1335 2382 2362 2421; baseline -0.003 -6"><span class='ocrx_word' id='word_1_398' title='bbox 1335 2385 1442 2416; x_wconf 80' lang='lat' dir='ltr'>Sancti</span> <span class='ocrx_word' id='word_1_399' title='bbox 1457 2385 1595 2414; x_wconf 82' lang='lat' dir='ltr'>Andreae</span> <span class='ocrx_word' id='word_1_400' title='bbox 1613 2385 1648 2413; x_wconf 83' lang='lat' dir='ltr'>in</span> <span class='ocrx_word' id='word_1_401' title='bbox 1665 2384 1810 2413; x_wconf 83' lang='lat' dir='ltr'>Flumine</span> <span class='ocrx_word' id='word_1_402' title='bbox 1826 2388 1853 2413; x_wconf 82' lang='lat' dir='ltr'>et</span> <span class='ocrx_word' id='word_1_403' title='bbox 1874 2383 1981 2413; x_wconf 88' lang='lat' dir='ltr'>Sancti</span> <span class='ocrx_word' id='word_1_404' title='bbox 1998 2382 2146 2421; x_wconf 84' lang='lat' dir='ltr'>Sylvestri</span> <span class='ocrx_word' id='word_1_405' title='bbox 2162 2383 2197 2412; x_wconf 85' lang='lat' dir='ltr'>de</span> <span class='ocrx_word' id='word_1_406' title='bbox 2213 2382 2308 2412; x_wconf 73' lang='lat' dir='ltr'>Monte</span> <span class='ocrx_word' id='word_1_407' title='bbox 2357 2393 2362 2398; x_wconf 87' lang='lat'>·</span> 
     </span>
     <span class='ocr_line' id='line_1_75' title="bbox 1296 2435 2314 2478; baseline -0.005 -9"><span class='ocrx_word' id='word_1_408' title='bbox 1296 2439 1422 2478; x_wconf 78' lang='lat' dir='ltr'>Syracto</span> <span class='ocrx_word' id='word_1_409' title='bbox 1439 2440 1639 2475; x_wconf 78' lang='lat' dir='ltr'>monasteria,</span> <span class='ocrx_word' id='word_1_410' title='bbox 1658 2446 1792 2475; x_wconf 84' lang='lat' dir='ltr'>quorum</span> <span class='ocrx_word' id='word_1_411' title='bbox 1808 2446 1909 2466; x_wconf 73' lang='lat' dir='ltr'>vnum</span> <span class='ocrx_word' id='word_1_412' title='bbox 1929 2437 1964 2466; x_wconf 86' lang='lat' dir='ltr'>ab</span> <span class='ocrx_word' id='word_1_413' title='bbox 1979 2437 2074 2466; x_wconf 79' lang='lat' dir='ltr'>aliero</span> <span class='ocrx_word' id='word_1_414' title='bbox 2089 2435 2240 2474; x_wconf 76' lang='lat' dir='ltr'>dependet,</span> <span class='ocrx_word' id='word_1_415' title='bbox 2258 2442 2314 2464; x_wconf 68' lang='lat' dir='ltr'>ov·-v</span> 
     </span>
    </p>
   </div>
   <div class='ocr_carea' id='block_1_34' title="bbox 1296 2485 2308 2526">
    <p class='ocr_par' dir='ltr' id='par_1_40' title="bbox 1296 2485 2308 2526">
     <span class='ocr_line' id='line_1_76' title="bbox 1296 2485 2308 2526; baseline -0.005 -4"><span class='ocrx_word' id='word_1_416' title='bbox 1296 2492 1380 2522; x_wconf 84' lang='lat' dir='ltr'>dinis</span> <span class='ocrx_word' id='word_1_417' title='bbox 1411 2492 1442 2521; x_wconf 91' lang='lat' dir='ltr'>S.</span> <span class='ocrx_word' id='word_1_418' title='bbox 1477 2492 1645 2526; x_wconf 76' lang='lat' dir='ltr'>Benedicti,</span> <span class='ocrx_word' id='word_1_419' title='bbox 1680 2490 1820 2520; x_wconf 84' lang='lat' dir='ltr'>Civitatis</span> <span class='ocrx_word' id='word_1_420' title='bbox 1852 2489 2039 2519; x_wconf 81' lang='lat' dir='ltr'>Castellanae</span> <span class='ocrx_word' id='word_1_421' title='bbox 2068 2489 2217 2524; x_wconf 84' lang='lat' dir='ltr'>dioecesis,</span> <span class='ocrx_word' id='word_1_422' title='bbox 2249 2485 2308 2517; x_wconf 88' lang='lat' dir='ltr'>sub</span> 
     </span>
    </p>
   </div>
   <div class='ocr_carea' id='block_1_35' title="bbox 1297 2541 2318 2584">
    <p class='ocr_par' dir='ltr' id='par_1_41' title="bbox 1297 2541 2318 2584">
     <span class='ocr_line' id='line_1_77' title="bbox 1297 2541 2318 2584; baseline -0.006 -8"><span class='ocrx_word' id='word_1_423' title='bbox 1297 2546 1329 2576; x_wconf 90' lang='lat' dir='ltr'>S.</span> <span class='ocrx_word' id='word_1_424' title='bbox 1348 2546 1436 2576; x_wconf 85' lang='lat' dir='ltr'>Petri</span> <span class='ocrx_word' id='word_1_425' title='bbox 1453 2550 1483 2576; x_wconf 86' lang='lat' dir='ltr'>et</span> <span class='ocrx_word' id='word_1_426' title='bbox 1504 2554 1561 2575; x_wconf 90' lang='lat' dir='ltr'>sua</span> <span class='ocrx_word' id='word_1_427' title='bbox 1583 2544 1780 2584; x_wconf 84' lang='lat' dir='ltr'>protectione</span> <span class='ocrx_word' id='word_1_428' title='bbox 1796 2543 1930 2582; x_wconf 86' lang='lat' dir='ltr'>suscipit</span> <span class='ocrx_word' id='word_1_429' title='bbox 1945 2550 2119 2581; x_wconf 88' lang='lat' dir='ltr'>eorumque</span> <span class='ocrx_word' id='word_1_430' title='bbox 2138 2541 2221 2572; x_wconf 86' lang='lat' dir='ltr'>bona</span> <span class='ocrx_word' id='word_1_431' title='bbox 2234 2547 2318 2571; x_wconf 85' lang='lat' dir='ltr'>con--</span> 
     </span>
    </p>
   </div>
   <div class='ocr_carea' id='block_1_36' title="bbox 1297 2599 2308 2690">
    <p class='ocr_par' dir='ltr' id='par_1_42' title="bbox 1297 2599 2308 2690">
     <span class='ocr_line' id='line_1_78' title="bbox 1297 2599 1414 2629; baseline -0.009 0"><span class='ocrx_word' id='word_1_432' title='bbox 1297 2599 1414 2629; x_wconf 83' lang='lat' dir='ltr'>firmat.</span> 
     </span>
     <span class='ocr_line' id='line_1_79' title="bbox 1339 2643 2308 2690; baseline -0.004 -10"><span class='ocrx_word' id='word_1_433' title='bbox 1339 2665 1353 2680; x_wconf 87' lang='lat'>«</span> <span class='ocrx_word' id='word_1_434' title='bbox 1378 2652 1575 2690; x_wconf 83' lang='lat' dir='ltr'>Religiosam</span> <span class='ocrx_word' id='word_1_435' title='bbox 1601 2651 1702 2681; x_wconf 90' lang='lat' dir='ltr'>vitam</span> <span class='ocrx_word' id='word_1_436' title='bbox 1722 2649 1952 2689; x_wconf 87' lang='lat' dir='ltr'>eligentibus...</span> <span class='ocrx_word' id='word_1_437' title='bbox 1974 2661 1988 2676; x_wconf 80' lang='grc'>»</span> <span class='ocrx_word' id='word_1_438' title='bbox 2010 2648 2164 2688; x_wconf 61' lang='lat' dir='ltr'>(Porri-1„</span> <span class='ocrx_word' id='word_1_439' title='bbox 2187 2643 2308 2684; x_wconf 79' lang='lat'>23945.)</span> 
     </span>
    </p>
   </div>
   <div class='ocr_carea' id='block_1_37' title="bbox 1372 2859 2239 2897">
    <p class='ocr_par' dir='ltr' id='par_1_43' title="bbox 1372 2859 2239 2897">
     <span class='ocr_line' id='line_1_80' title="bbox 1372 2859 2239 2897; baseline -0.008 -3"><span class='ocrx_word' id='word_1_440' title='bbox 1372 2865 1483 2894; x_wconf 73' lang='grc'>7651</span> <span class='ocrx_word' id='word_1_441' title='bbox 1600 2862 1962 2897; x_wconf 77' lang='lat' dir='ltr'>Sainte-Marie—MaJeure,</span> <span class='ocrx_word' id='word_1_442' title='bbox 1979 2861 2012 2888; x_wconf 78' lang='lat'>27</span> <span class='ocrx_word' id='word_1_443' title='bbox 2029 2861 2146 2888; x_wconf 85' lang='lat' dir='ltr'>octobre</span> <span class='ocrx_word' id='word_1_444' title='bbox 2162 2859 2239 2887; x_wconf 74' lang='lat'>1288.</span> 
     </span>
    </p>
   </div>
   <div class='ocr_carea' id='block_1_38' title="bbox 1300 2923 2307 3012">
    <p class='ocr_par' dir='ltr' id='par_1_44' title="bbox 1300 2923 2307 3012">
     <span class='ocr_line' id='line_1_81' title="bbox 1338 2923 2307 2966; baseline -0.006 -8"><span class='ocrx_word' id='word_1_445' title='bbox 1338 2928 1506 2966; x_wconf 77' lang='lat' dir='ltr'>Hospitalis</span> <span class='ocrx_word' id='word_1_446' title='bbox 1519 2928 1625 2957; x_wconf 82' lang='lat' dir='ltr'>Sancti</span> <span class='ocrx_word' id='word_1_447' title='bbox 1638 2928 1766 2957; x_wconf 80' lang='lat' dir='ltr'>Antonii</span> <span class='ocrx_word' id='word_1_448' title='bbox 1783 2926 1958 2957; x_wconf 80' lang='lat' dir='ltr'>Viennensis</span> <span class='ocrx_word' id='word_1_449' title='bbox 1974 2924 2135 2955; x_wconf 86' lang='lat' dir='ltr'>libertates</span> <span class='ocrx_word' id='word_1_450' title='bbox 2151 2927 2180 2954; x_wconf 88' lang='lat' dir='ltr'>et</span> <span class='ocrx_word' id='word_1_451' title='bbox 2194 2923 2307 2953; x_wconf 84' lang='lat' dir='ltr'>immu-</span> 
     </span>
     <span class='ocr_line' id='line_1_82' title="bbox 1300 2982 1609 3012; baseline -0.006 0"><span class='ocrx_word' id='word_1_452' title='bbox 1300 2982 1416 3012; x_wconf 86' lang='lat' dir='ltr'>nitates</span> <span class='ocrx_word' id='word_1_453' title='bbox 1432 2982 1609 3012; x_wconf 88' lang='lat' dir='ltr'>confirmat.</span> 
     </span>
    </p>
   </div>
   <div class='ocr_carea' id='block_1_39' title="bbox 2383 1987 2390 3445">
    <p class='ocr_par' dir='ltr' id='par_1_45' title="bbox 2383 1987 2390 3445">
     <span class='ocr_line' id='line_1_83' title="bbox 2383 1987 2390 3445; baseline 0 0"><span class='ocrx_word' id='word_1_454' title='bbox 2383 1987 2390 3445; x_wconf 95' lang='lat' dir='ltr'> </span> 
     </span>
    </p>
   </div>
  </div>
 </body>
</html>
