2393 3496
947 320 1200 366 QUATRIEME
1221 320 1378 360 ANNEE.
2152 339 2205 368 751

119 398 296 435 sequentes.
316 394 386 424 Dat.
404 394 486 433 apud
508 395 786 432 Urbemveterem‚
803 406 846 426 xu
866 396 1019 426 kalendas
1035 395 1122 435 julii,

119 456 203 479 anno
217 451 339 486 quarto.

689 501 816 533 Orvieto,
834 503 848 529 7
861 503 955 537 juillet
975 502 1051 530 1291.

158 563 196 592 In
220 571 248 592 e.
271 571 333 599 m.,
356 570 413 600 pro
435 562 555 601 capella
576 563 692 593 Beatae
713 564 834 594 Mariae
856 565 1066 603 Magdalenae
1085 565 1124 595 de

83 620 86 623 '
119 615 251 653 Rooloe,
275 615 504 645 Ambianensis
524 616 694 653 dioecesis,
718 617 753 646 in
775 618 918 656 ejusdem
944 623 1071 648 sanctae
1095 623 1125 648 et

118 673 252 710 quatuor
271 669 380 698 beatae
402 669 523 699 Mariae
542 669 768 700 festivitatibus
786 675 815 701 et
832 680 886 710 per
903 675 972 701 octo
990 671 1058 701 dies
1076 680 1123 701 se-

118 726 263 763 quentes.
290 723 360 753 Dat.
387 722 471 761 apud
496 723 780 761 Urbemveterem,
806 725 900 754 nonis
920 724 1013 764 julii,
1039 733 1124 754 anno

118 779 240 816 quarto.

158 829 196 859 In
215 838 241 859 e.
260 837 317 865 m.,
335 836 390 867 pro
409 828 577 860 ecclesia...
595 830 737 859 ministri
756 834 787 860 et
804 830 937 860 fratrum
955 831 994 860 de
1010 830 1125 861 Pulce-

119 883 177 919 ria,
188 882 310 912 ordinis
326 881 459 911 Sanctae
473 882 641 912 Trinitatis
655 883 912 921 etCaptivorum‚
922 884 1124 914 Ebroicensis

119 935 282 970 dioecesis,
296 936 328 964 in
346 935 450 973 prima
466 935 516 965 die
532 935 692 966 dominica
710 940 780 974 post
791 936 906 966 festum
923 937 1125 967 Pentecostes

118 993 149 1019 et
168 988 202 1018 in
229 992 356 1017 sanctae
379 988 483 1017 crucis
505 992 536 1018 et
561 988 592 1018 S.
621 988 777 1027 Stephani
803 989 1049 1026 festivitatibus,
1070 999 1125 1028 per

117 1044 185 1072 octo
205 1041 273 1070 dies
296 1044 464 1079 sequentes
489 1045 519 1071 et
540 1041 575 1070 in
600 1041 822 1072 anniversario
843 1042 895 1072 die
916 1042 1125 1072 dedicationis

117 1094 259 1134 ejusdem
277 1093 439 1123 ecclesiae.
459 1094 529 1123 Dat.
548 1098 582 1124 ut
597 1103 703 1133 supra.

155 1147 194 1177 In
210 1156 237 1177 e.
258 1155 315 1183 m.,
333 1156 390 1185 pro
407 1146 527 1185 capella
545 1147 655 1177 Sancti
672 1148 837 1177 Laurentii
854 1147 892 1178 de
907 1148 1121 1185 Chamberno,

117 1200 317 1231 Ebroicensis
332 1200 497 1235 dioecesis,
517 1200 552 1229 in
566 1204 702 1239 quatuor
716 1201 826 1230 beatae
840 1201 972 1237 Mariae,
992 1201 1024 1231 S.
1043 1201 1124 1231 Lau-

115 1253 213 1284 rentii
235 1258 264 1283 et
285 1253 316 1283 S.
341 1253 497 1292 Stephani
517 1254 744 1295 *festivitatibus
769 1258 800 1284 et
819 1263 874 1292 per
895 1259 963 1284 octo
983 1254 1050 1284 dies
1073 1263 1123 1284 se-

115 1309 259 1346 quentes.
277 1306 349 1337 Dat.
366 1311 401 1336 ut
418 1316 524 1345 supra.

685 1373 816 1406 Orvieto,
833 1373 849 1400 6
862 1374 957 1408 juillet
974 1374 1051 1401 1291.

154 1436 194 1466 In
209 1444 236 1466 e.
257 1444 315 1473 m.,
333 1444 388 1474 pro
405 1435 538 1465 ecclesia
553 1436 741 1466 monasterii
757 1435 865 1466 Sancti
880 1436 968 1466 Petri
985 1436 1024 1466 de
1040 1436 1125 1467 Con-

116 1489 202 1525 chis‚
221 1489 346 1519 ordinis
367 1489 398 1519 S.
426 1489 607 1525 Benedicti,
626 1489 829 1519 Ebroicensis
848 1490 1015 1527 dioecesis,
1034 1491 1069 1519 in
1091 1491 1123 1520 S.

117 1543 214 1577 Petri,
243 1543 275 1573 S.
305 1542 554 1579 Bartholomaei,
582 1548 709 1572 sanctae
736 1543 838 1572 crucis
864 1548 894 1573 et
917 1543 949 1573 S.
978 1544 1126 1574 Andoeni

117 1596 344 1627 festivitatibus
364 1600 393 1626 et
417 1605 472 1634 per
491 1600 560 1626 octo
577 1595 645 1625 dies
663 1600 842 1634 sequentes.
867 1597 938 1626 Dat.
958 1597 1041 1635 apud
1060 1598 1125 1627 Ur-

117 1649 344 1686 bemveterem,
361 1658 383 1678 11
403 1657 504 1679 nonas
519 1648 602 1688 julii,
619 1657 706 1678 anno
721 1653 844 1688 quarto.

158 1704 198 1733 In
215 1712 243 1732 e.
260 1712 317 1739 m.,
335 1711 391 1741 pro
407 1702 540 1732 ecclesia
557 1702 673 1732 Beatae
690 1703 809 1732 Mariae
825 1703 935 1733 Jacobi
953 1703 1124 1741 Verulana,

119 1757 155 1786 in
168 1761 304 1796 quatuor
318 1757 428 1786 beatae
442 1756 562 1785 Mariae
578 1760 609 1785 et
624 1756 734 1786 beatae
747 1756 868 1786 Mariae
883 1757 994 1787 Jacobi
1008 1757 1127 1787 festivi-

118 1810 236 1840 tatibus
251 1814 281 1839 et
297 1818 353 1848 per
367 1814 436 1839 octo
452 1809 520 1839 dies
535 1814 717 1848 sequentes.
799 1809 802 1812 ”

159 1875 174 1891 α
193 1863 292 1901 Virga
308 1862 537 1892 venustissima
556 1867 622 1892 et...
641 1880 679 1884 -—
696 1863 768 1894 Dat.
786 1868 820 1893 ut
837 1873 942 1902 supra.
965 1878 977 1890 »

157 1917 197 1946 In
213 1925 241 1947 e.
259 1925 316 1953 m.,
331 1924 387 1955 pro
402 1916 575 1946 cathedrali
595 1916 728 1947 ecclesia
744 1917 903 1954 Niciensi,
918 1919 952 1947 in
970 1918 1126 1949 honorem

117 1970 226 2000 beatae
244 1970 366 2000 Mariae
384 1974 583 2006 constructa,
605 1971 639 2000 in
658 1976 794 2010 quatuor
820 1971 965 2011 ejusdem
991 1973 1126 2010 virginis

116 2023 358 2060 festivitatibus,
376 2031 429 2061 per
444 2027 514 2053 octo
532 2023 600 2053 dies
618 2028 786 2063 sequentes
803 2029 833 2054 et
849 2025 883 2054 in
901 2025 1127 2057 anniversario

42 2089 48 2097 ·
88 2079 91 2083 ’
115 2076 168 2107 die
188 2076 399 2107 dedicationis
422 2076 567 2115 ejusdem
589 2076 753 2107 ecclesiae.
778 2078 849 2107 Dat.
878 2082 914 2108 ut
937 2087 1042 2117 supra.
1066 2078 1126 2118 (Εη

116 2130 248 2170 marye.)

697 2184 827 2219 Orvieto,
844 2185 877 2212 -27
893 2186 957 2220 juin
975 2186 1052 2213 1291.

156 2247 194 2276 In
211 2255 240 2276 e.
258 2255 319 2282 m.,
337 2254 393 2284 pro
411 2245 531 2284 capella
549 2246 665 2276 Beatae
682 2247 803 2276 Mariae
819 2247 857 2277 de
874 2247 1038 2284 Andusia,
1059 2248 1125 2277 Ne-

116 2300 297 2330 mausensis
315 2299 484 2336 dioecesis,
502 2299 535 2328 in
555 2303 690 2338 quatuor
705 2300 849 2339 ejusdem
867 2300 1014 2338 virginis,
1032 2310 1125 2331 sanc-

118 2357 167 2384 tae
181 2354 286 2384 crucis
301 2357 331 2383 et
347 2352 380 2383 S.
399 2353 567 2383 Laurentii
582 2353 816 2391 festivitatibus,
836 2364 891 2392 per
907 2359 974 2384 octo
990 2355 1058 2385 dies
1076 2364 1124 2385 se-

117 2408 251 2444 quentes
280 2409 311 2434 et
340 2406 373 2434 in
404 2405 629 2435 anniversario
660 2405 710 2435 die
740 2406 951 2435 dedicationis
981 2406 1124 2443 ejusdem

117 2458 278 2489 ecclesiae.
306 2458 376 2488 Dat.
401 2458 485 2497 apud
510 2458 792 2493 Urbemveterem.
815 2468 834 2487 v
856 2458 1009 2488 kalendas
1031 2459 1123 2497 julii,

115 2520 202 2542 anno
217 2515 340 2551 quarto.
356 2511 461 2550 (Ibid.)

699 2578 826 2610 Orvieto,
842 2578 876 2605 ⁶29
890 2579 956 2612 juin
974 2578 1051 2605 1291.

155 2642 194 2672 In
210 2651 237 2672 e.
255 2651 313 2679 m.,
330 2650 386 2680 pro
402 2642 535 2672 ecclesia
552 2641 686 2671 Sanctae
705 2641 823 2670 Mariae
839 2640 877 2670 de
900 2641 996 2671 Portu
1014 2640 1124 2671 Claro-

72 2715 76 2720 ·
115 2696 296 2732 montensi,
313 2696 348 2725 in
366 2700 501 2734 quatuor
519 2695 665 2734 ejusdem
684 2695 817 2732 virginis
834 2699 863 2724 et
881 2698 1008 2724 sanctae
1025 2695 1123 2725 Kate-

114 2749 205 2779 rinae
225 2749 469 2785 festivitatibus,
489 2757 544 2787 per
563 2752 632 2778 octo
652 2747 719 2777 dies
742 2751 911 2786 sequentes
929 2752 959 2777 et
976 2748 1010 2777 in
1028 2748 1123 2777 anni-

114 2802 256 2833 versario
280 2802 333 2832 die
357 2801 567 2831 dedicationis
589 2801 732 2840 ejusdem
755 2800 916 2831 ecciesiae.
943 2801 1014 2831 Dat.
1038 2801 1123 2840 apud

115 2854 389 2892 Urbemveterem,
409 2864 443 2884 111
461 2854 615 2884 kalendas
627 2854 713 2893 julii,
733 2862 819 2884 anno
834 2858 958 2892 quarto.
974 2854 1082 2894 (Ibid.)

690 2933 817 2964 Orvieto,
835 2934 850 2960 5
862 2933 957 2967 juillet
972 2933 1053 2964 1291.

158 2995 194 3025 In
208 3005 236 3026 e.
249 3005 306 3031 m.,
324 3004 379 3035 pro
393 2996 525 3027 ecclesia
539 2996 673 3026 Sanctae
689 2995 809 3026 Mariae
821 2995 860 3026 de
875 3000 977 3026 castro
988 2996 1028 3026 de
1042 2996 1121 3025 Lau-

1207 401 1298 431 serta,
1315 397 1519 428 Caturcensis
1530 398 1695 435 dioecesis,
1709 399 1742 428 in
1757 404 1893 438 quatuor
1904 401 2045 439 ejusdem
2059 404 2207 442 virginis,

1207 449 1238 479 S.
1268 450 1505 481 Bartholomaei
1530 456 1560 482 et
1584 452 1615 483 S.
1642 452 1740 482 Blasii
1767 453 1991 485 festivitatibus
2015 460 2044 485 et
2066 466 2121 495 per
2142 462 2210 489 octo

1206 502 1274 533 dies
1289 509 1468 542 sequentes.

1252 569 1264 583 ‹
1286 557 1451 588 Gloriosus
1472 559 1559 589 Deus
1578 560 1651 589 in...
1671 577 1709 582 —
1729 560 1801 590 Dat.
1826 560 1909 600 apud
1930 561 2207 602 Urbemveterem,

1206 618 1240 638 111
1257 618 1358 640 nonas
1370 611 1456 649 julii,
1474 620 1559 642 anno
1576 617 1698 651 quarto.
1718 625 1732 639 »
1749 613 1854 652 (laid.)

1277 794 1398 823 5525

1243 855 1360 882 Collatio
1390 857 1520 883 beneficii
1548 862 1576 884 et
1599 858 1775 893 dispensatio
1806 868 1893 895 super
1922 861 2034 888 defectu
2065 863 2210 890 natalium.

1210 904 1290 936 (Reo.
1309 905 1352 936 46,
1370 913 1395 931 c⁴
1411 906 1471 938 325,
1488 907 1507 932 f.
1526 907 1557 933 64
1575 908 1626 940 v0.)

1792 798 1918 830 Orvieto,
1936 799 1968 826 27
1981 800 2045 834 juin
2061 800 2140 827 1291.

1247 1008 1371 1042 Li'berio,
1394 1009 1504 1037 rectori
1529 1010 1646 1038 ecclesie
1670 1010 1774 1039 Sancti
1802 1011 1946 1039 Damiani
1971 1012 2004 1040 de
2030 1012 2209 1049 Pulverisio,

1206 1059 1396 1089 Anconitczne
1420 1061 1561 1096 diocesis,
1587 1062 1643 1100 qui
1669 1062 1836 1092 ecclesiam
1867 1063 1974 1092 Sancti
1998 1064 2149 1093 Damiani
2175 1064 2213 1095 de

1207 1112 1389 1142 Pulverisio
1405 1117 1435 1142 et
1452 1114 1655 1151 postmodnm
1671 1114 1964 1145 archidiaconatum
1982 1116 2131 1146 ecclesiae
2146 1118 2213 1146 An-

1207 1166 1392 1201 conitanae‚
1416 1175 1527 1196 curam
1548 1168 1734 1197 animarum
1751 1168 1918 1205 habentia,
1939 1169 2008 1199 sine
2024 1170 2214 1208 apostolicae

1208 1218 1291 1248 sedis
1305 1219 1541 1257 dispensatione
1556 1222 1673 1259 recepit
1685 1226 1715 1251 et
1727 1221 1877 1257 detinuit,
1888 1222 2035 1252 eamdem
2048 1222 2214 1253 ecclesiam

1207 1272 1318 1302 Sancti
1337 1273 1500 1309 Damiani,
1518 1283 1572 1312 per
1590 1274 1773 1313 hujusmodi
1788 1276 2002 1313 receptionem
2017 1275 2213 1306 archidiaco-

1207 1330 1302 1355 natus
1318 1331 1494 1362 vacantem,
1512 1327 1646 1364 confert,
1664 1328 1756 1366 eique
1772 1329 1905 1358 remittit
1920 1329 2040 1358 fructus
2059 1338 2095 1358 ex
2112 1338 2147 1359 ea
2162 1330 2213 1359 in-

1209 1379 1313 1408 debite
1328 1385 1504 1418 perceptos;
1518 1381 1561 1410 ita
1578 1385 1683 1410 tamen
1697 1381 1792 1419 quod,
1807 1382 1845 1411 ad
1862 1382 2034 1412 arbitrium
2049 1382 2124 1412 boni
2140 1384 2212 1419 viri,

1207 1441 1383 1470 congruam
1398 1437 1518 1470 partem
1532 1434 1718 1464 eorumdem
1730 1434 1894 1465 fructuum
1909 1436 1943 1464 in
1959 1436 2103 1475 ejusdem
2119 1437 2212 1467 eccle-

1209 1486 1273 1515 siae
1290 1486 1469 1516 evidentem
1488 1487 1657 1517 utilitatem
1672 1493 1845 1518 convertat.

1251 1551 1264 1565 «
1284 1539 1323 1569 In
1336 1539 1402 1568 hiis
1417 1548 1518 1578 que...
1535 1556 1574 1562 —
1590 1540 1662 1570 Dat.
1680 1541 1764 1579 apud
1779 1541 2055 1579 Urbemveterem,
2070 1553 2090 1572 v
2101 1542 2212 1573 kalen-

1209 1592 1265 1622 das
1281 1592 1369 1631 julii‚
1389 1601 1474 1623 anno
1490 1597 1612 1632 quarto.
1634 1606 1644 1618 n

1279 1772 1396 1800 552ss

1245 1834 1350 1861 Contra
1371 1835 1492 1862 clericos
1517 1839 1545 1862 et
1570 1836 1658 1863 laicos
1683 1837 1866 1870 injuriatores
1885 1836 1988 1864 domus
2004 1837 2215 1866 Heremitarum

1209 1888 1290 1911 extra
1305 1888 1432 1911 castrum
1448 1884 1569 1920 Empoli,
1589 1885 1768 1912 Florentinae
1786 1887 1938 1913 dioecesis.
1950 1886 2031 1921 (Rae.
2050 1887 2091 1918 46,
2110 1896 2135 1914 c,
2153 1888 2213 1920 3⁶26,

1209 1934 1228 1960 f.
1245 1933 1278 1959 64
1295 1934 1346 1965 vo.)

1775 1773 1905 1807 Orvieto,
1923 1774 1954 1800 13
1967 1775 2031 1808 juin
2048 1775 2126 1802 1291.

1251 2058 1270 2064 ..
1291 2036 1549 2072 arcltfpresbytero
1570 2037 1687 2065 ecclesie
1704 2037 1831 2066 Lucane.
1857 2049 1869 2062 κ
1891 2036 2061 2072 Querelam
2084 2037 2213 2068 dilecto-

1209 2097 1281 2117 rnm
1298 2088 1441 2117 filiorum
1460 2111 1479 2118 ..
1498 2088 1613 2127 prioris
1629 2092 1658 2117 et
1674 2092 1850 2118 conventus
1868 2088 2002 2118 fratrum
2019 2089 2131 2119 domus
2149 2091 2212 2120 He-

1209 2141 1399 2171 remitarum
1423 2145 1510 2171 extra
1530 2146 1669 2171 castrum
1691 2141 1833 2179 Empoli,
1860 2141 2047 2173 Florentine
2066 2143 2210 2179 diocesis,

1209 2196 1387 2233 recepimus
1403 2195 1622 2224 continentem
1641 2194 1726 2233 quod
1745 2194 1847 2224 Gerus
1866 2194 1974 2225 Sancti
1991 2196 2134 2233 Andree.
2152 2197 2214 2227 loci

1209 2248 1365 2286 ejusdem,
1384 2252 1413 2277 et
1428 2247 1564 2285 Symon,
1580 2248 1619 2277 de
1634 2248 1741 2277 Monte
1758 2248 1893 2287 Rappoli
1909 2248 2050 2286 plebium
2064 2249 2211 2288 plebani;

1208 2300 1364 2336 Aldinus,
1390 2301 1476 2339 prior
1505 2300 1614 2330 Sancti
1643 2301 1761 2330 Donati
1791 2302 1825 2330 in
1858 2301 2030 2337 Valleboti3
2059 2303 2211 2340 Jacobus,

1209 2352 1317 2382 Sancti
1346 2353 1514 2390 Donnini;
1546 2353 1713 2390 Vannelli,
1742 2354 1852 2383 Sancti
1880 2355 1991 2384 Jacobi
2022 2355 2060 2385 de
2082 2357 2211 2393 Avena3

1208 2405 1391 2443 Gregorius,
1409 2405 1519 2436 Sancti
1536 2407 1725 2444 Michaelis3
1745 2408 1891 2445 vannus,
1906 2408 2013 2438 Sancti
2029 2409 2161 2438 Martini
2175 2410 2213 2440 de

1208 2459 1354 2495 Vinalia,
1375 2464 1405 2489 et
1423 2459 1592 2496 Cambins,
1611 2461 1726 2490 Sancte
1745 2461 1846 2491 Marie
1867 2461 1905 2491 de
1927 2462 2091 2499 Pagnania
2113 2462 2213 2493 eccle-

1209 2513 1329 2542 siarum
1351 2517 1506 2550 rectores,
1526 2517 1557 2543 et
1576 2514 1677 2550 Tens,
1702 2515 1875 2544 canonicus
1898 2515 2036 2553 predicte
2054 2515 2154 2554 plebis
2174 2516 2213 2546 de

1208 2564 1349 2603 Empoli,
1368 2566 1529 2595 associatis
1548 2566 1608 2595 sibi
1630 2567 1822 2604 quibusdam
1842 2567 1916 2597 aliis
1936 2568 2061 2597 clericis
2076 2574 2106 2597 et
2123 2569 2212 2598 laicis

1207 2617 1396 2649 forbanditis
1417 2623 1447 2647 et
1463 2618 1651 2648 hominibus
1670 2619 1851 2656 infamatis,
1869 2629 1980 2650 eorum
1998 2621 2032 2650 in
2051 2621 2110 2650 hac
2126 2626 2212 2659 parte

1207 2670 1434 2709 complicibus,
1459 2670 1644 2701 Florentine
1672 2676 1702 2702 et
1725 2664 1930 2702 Pistoriensis
1953 2673 2144 2709 diocesinm,
2172 2674 2211 2703 ad

1206 2723 1339 2753 domum
1365 2724 1554 2762 predictam,
1579 2729 1702 2754 armata
1730 2734 1844 2763 manu,
1871 2730 2027 2755 nocturno
2054 2730 2207 2764 tempore,

1206 2777 1365 2807 hostiliter
1389 2778 1592 2815 accedentes,
1610 2778 1776 2808 nonnullis
1791 2778 1837 2817 (1)
1853 2787 1890 2808 ex
1916 2779 2034 2808 eisdem
2061 2779 2210 2808 fratribus

1205 2830 1326 2861 ibidem
1344 2831 1497 2868 inventis,
1520 2835 1590 2869 post
1609 2831 1782 2861 nonnullas
1802 2832 1939 2870 injurias
1964 2836 1994 2861 et
2012 2831 2209 2869 ignominias

1206 2884 1251 2913 eis
1266 2883 1382 2920 illatas,
1402 2884 1461 2914 Dei
1479 2885 1591 2914 timore
1610 2884 1788 2922 postposito¹
1807 2885 1921 2914 acriter
1937 2884 2121 2915 vulneratis.
2138 2893 2209 2914 ora-

1237 3002 1270 3031 (1)
1287 3001 1335 3026 Ms.
1353 3009 1358 3025 :
1377 3004 1515 3026 nonnulla
1532 3004 1603 3026 bona
1619 3009 1653 3026 au
1667 3002 1722 3026 lieu
1739 3003 1772 3025 de
1789 3004 1944 3026 nonnullis.
