2393 3496
897 329 1108 360 REGISTRE
1129 318 1344 361 CAMERAL.
2109 331 2167 362 965

80 396 292 429 confessiones
313 395 500 434 hujusmodi
524 395 603 426 salsa
627 395 832 426 simulatione
853 400 1002 435 concepte
1023 404 1080 425 ne-

83 458 238 491 quaquam
267 458 303 479 ex
330 448 431 478 libera
455 448 619 479 voluntate
643 453 879 488 processerant,
909 449 963 479 sed
991 453 1082 480 erant

82 503 184 543 potius
199 502 229 531 vi
245 505 363 531 extorte
375 524 384 538 ‚
401 501 497 539 idque
522 502 566 531 sic
582 506 648 531 erat
666 501 830 540 provincie
847 502 901 532 toti
921 502 1080 532 notorium

82 560 111 587 et
124 555 200 586 adeo
213 554 418 583 manifestum
436 555 519 592 quod
536 554 658 584 nullius
675 559 795 593 poterat
813 554 1081 593 tergiversationis

81 608 237 640 velamine
251 607 410 644 occultari,
428 616 464 637 ac
476 607 585 638 volens
601 617 637 638 ex
652 609 741 638 offitii
754 609 805 638 sui
819 609 923 638 debito
934 608 1082 646 indemp-

82 661 173 692 nitati
189 664 290 690 vestre
305 660 470 690 consulere
484 665 524 697 et,
543 660 750 698 obligationis
765 661 879 691 illicite
891 661 1014 691 viribus
1027 670 1080 690 va-

82 714 190 749 cuatis,
207 713 419 752 predictorum
436 713 605 743 rebellium
623 713 816 752 calumpniis
834 719 864 743 et
879 713 1010 743 malitiis
1025 714 1080 743 ob-

83 767 183 803 viare,
204 774 315 796 omnes
342 765 527 805 hujusmodi
547 766 787 804 promissiones,
810 766 1030 805 stipulationes
1053 770 1082 796 et

80 819 286 858 obligationes
301 823 419 848 vestras
432 819 616 858 juramento
629 828 683 849 seu
700 819 840 858 qualibet
855 820 916 849 alia
932 820 1082 849 firmitate

82 872 210 904 vallatas
222 876 252 901 et
263 873 516 902 instrumentum
528 881 582 902 seu
594 872 809 902 instrumenta
823 882 917 912 super
933 872 1082 911 predictis

81 925 353 965 stipulationibus,
377 926 644 964 promissionibus
669 930 699 955 et
726 925 976 964 obligationibus
1005 934 1082 956 con-

81 979 169 1016 fecta,
185 979 414 1017 cujuscumque
429 979 547 1008 tenoris
565 979 747 1015 existerent,
766 979 998 1009 sententialiter
1013 987 1081 1009 cas-

79 1032 169 1069 savit,
180 1031 372 1069 annullavit,
385 1032 533 1067 irritavit,
548 1035 576 1061 et
592 1041 691 1070 cassa,
704 1032 794 1062 nulla
807 1036 837 1062 et
850 1032 941 1062 irrita
955 1032 1081 1065 nuntia-

79 1085 138 1123 vit,
153 1085 343 1115 declarando
365 1093 419 1115 vos
443 1086 623 1115 comuniter
651 1095 705 1115 seu
728 1085 936 1123 singulariter
959 1086 1081 1116 eisdem

78 1138 285 1178 Phylipputio
301 1143 331 1168 et
344 1139 482 1176 Rogerio
497 1139 662 1169 occasione
678 1139 852 1177 supradicti
868 1139 1002 1178 depositi
1016 1147 1080 1168 non

78 1193 191 1229 teneri;
210 1201 327 1231 vosque
343 1192 459 1223 redidit
471 1193 510 1222 ab
526 1193 676 1222 omnibus
691 1193 842 1231 predictis
858 1197 888 1222 et
901 1192 1035 1231 singulis
1052 1197 1082 1222 et

78 1246 468 1286 quibuslibetjuramentis
480 1255 575 1284 super
584 1247 749 1285 premissis
759 1247 899 1285 prestitis
908 1246 1079 1282 absolutOS,

77 1303 169 1340 prout
180 1299 213 1329 in
229 1300 444 1329 instrumento
458 1299 584 1338 publico
598 1299 712 1329 exinde
724 1299 762 1328 ad
775 1304 911 1329 vestram
924 1299 1081 1329 cautelam

77 1353 215 1384 confecto
229 1356 259 1382 et
272 1361 378 1382 coram
389 1352 483 1382 nobis
496 1357 623 1382 ostenso
639 1352 765 1391 plenius
778 1352 896 1382 dicitur
907 1352 1078 1383 contineri.

78 1406 180 1443 Quare
198 1405 290 1436 nobis
308 1405 477 1436 humiliter
497 1405 698 1444 supplicastis
719 1409 751 1436 ut
767 1405 850 1444 quod
868 1415 924 1444 per
942 1405 1081 1435 eundem

24 1454 27 1457 ’
77 1463 228 1490 rectorem
248 1460 365 1490 factum
382 1469 448 1489 esse
469 1459 648 1490 dinoscitur
663 1459 855 1489 confirmare
871 1459 909 1489 de
928 1459 1080 1496 benigni-

79 1517 139 1544 tate
149 1513 233 1543 sedis
246 1512 417 1552 apostolice
426 1512 646 1551 dignaremur.
660 1513 726 1542 Nos
737 1513 845 1550 igitur,
859 1512 954 1550 justis
966 1512 1081 1542 vestris

79 1566 363 1607 supplicationibus
389 1566 546 1603 inclinati,
574 1566 658 1605 quod
683 1575 737 1605 per
760 1570 914 1596 rectorem
942 1566 1081 1596 eundern

79 1621 196 1651 sactum
222 1624 270 1650 est
291 1625 395 1650 ratum
422 1624 452 1650 et
484 1624 611 1658 gratum
641 1620 805 1657 habentes,
836 1620 869 1649 id
894 1620 1081 1650 auctoritate

79 1673 249 1713 apostolica
278 1683 313 1704 ex
340 1677 425 1703 certa
449 1673 583 1703 scientia
611 1673 840 1703 confirmamus
867 1677 897 1702 et
926 1672 1081 1712 presentis

79 1726 186 1766 scripti
199 1726 375 1765 patrocinio
388 1726 639 1756 communimus.
655 1725 745 1755 Nulli
757 1734 868 1764 ergo...
884 1726 954 1756 Dat.
971 1726 1081 1766 Reate,

79 1789 97 1810 x
113 1779 265 1810 kalendas
283 1780 480 1818 septembris,
496 1780 697 1819 pontificatus
712 1779 813 1809 nostri
828 1788 914 1810 anno
930 1779 1045 1819 primo.
1066 1791 1079 1806 »

146 2005 264 2034 ’τηε
823 2003 911 2038 Rieti,
929 2005 1006 2032 1288.

59 2109 62 2120 ξ
94 2090 97 2093 ·
110 2080 273 2108 Rectoriam
289 2081 317 2107 in
333 2080 539 2115 temporalibus
554 2083 581 2106 et
592 2080 791 2115 spiritualibus
803 2079 916 2107 Massae
927 2079 1079 2107 Trabariae

75 2129 200 2157 Roberto
214 2129 248 2156 de
264 2129 398 2156 Robertis
411 2130 574 2156 committit.
592 2129 663 2163 (Fol.
681 2129 715 2156 25
731 2129 778 2162 νο.)

115 2260 222 2289 Dilecto
237 2260 300 2297 filio
316 2260 438 2289 Roberto
454 2259 488 2288 de
509 2259 650 2295 Robertis,
669 2259 813 2288 canonico
831 2259 959 2296 Reyino,
979 2258 1079 2296 capel-

79 2313 147 2343 lano
165 2317 278 2349 nostro,
297 2314 388 2342 Masse
406 2313 548 2342 Trabarie
563 2312 684 2341 rectori.

119 2377 132 2393 τι
149 2366 276 2396 Tradite
292 2366 349 2396 tibi
367 2366 536 2396 virtutes...
557 2376 570 2392 υ
582 2364 638 2405 (1).

147 2590 263 2618 '2129
822 2590 910 2622 Rieti,
929 2590 1007 2618 1288.

111 2665 153 2692 De
166 2666 266 2693 eodem
282 2665 408 2701 negotio.
426 2666 496 2699 (Fol.
514 2667 548 2694 25
566 2668 616 2700 v⁰.)

116 2796 234 2826 Dilectis
248 2796 324 2834 filiis
339 2797 414 2826 clero
431 2801 457 2826 et
469 2797 580 2834 populo
595 2796 686 2826 Masse
704 2796 857 2826 Trabarie.

119 2861 131 2874 ι
150 2848 277 2878 Tradite
293 2848 405 2879 dilecto
420 2848 526 2879 filio...
544 2866 580 2871 —
597 2849 669 2880 Dat.
688 2853 722 2879 ut
737 2858 843 2889 supra.
865 2861 877 2876 n

109 2999 142 3031 (l)
158 3000 196 3025 La
211 3001 273 3025 date
290 3004 331 3025 est
346 3001 466 3026 enlevee.

1236 397 1480 425 2130-'2131
1782 398 1869 431 Rieti,
1888 398 1919 425 18
1934 398 2002 424 amit
2018 398 2096 425 1288.

1200 457 1341 491 Regimen
1364 458 1392 484 in
1417 459 1616 493 spiritualibus
1636 462 1664 486 et
1683 460 1889 494 temporalibus
1909 460 2033 487 civitatis
2054 459 2167 486 Castelli

1164 506 1291 533 Roberto
1307 507 1341 533 de
1357 507 1493 534 Robertis
1509 509 1672 535 committit.
1690 508 1760 542 (Fol.
1776 509 1810 535 25
1825 510 1877 542 vo.)

1204 610 1312 638 Dz'lecto
1328 610 1392 647 filio
1408 611 1542 647 Roberto,
1559 616 1625 646 etc„
1643 613 1752 641 rectori
1768 612 1861 641 Masse
1879 612 2032 648 Trabarie,
2049 616 2102 640 etc.

1206 673 1220 688 ι(
1244 661 1415 700 Cupientes
1435 668 1468 692 ut
1493 663 1643 693 civitas...
1668 681 1706 686 —
1731 665 1803 694 Dat.
1823 665 1938 702 Reate,
1957 674 1997 694 xv
2014 663 2168 694 kalendas

1164 715 1365 752 septembris,
1385 724 1471 745 auno
1490 716 1605 754 primo.
1624 728 1636 743 n

1206 767 1242 796 In
1273 776 1300 796 e.
1329 776 1373 796 m.
1405 791 1424 797 ..
1454 768 1610 806 episcopo,
1639 768 1733 806 clero,
1756 792 1776 799 ..
1801 770 1956 808 potestati,
1980 769 2115 800 consilio
2138 773 2170 800 et.

1164 820 1329 850 communi
1345 820 1482 850 civitatis
1499 821 1638 851 Castelli.

1237 1011 1351 1039 '2132

1200 1073 1259 1100 Sub
1276 1073 1403 1100 dominio
1419 1074 1538 1100 rectoris
1547 1073 1660 1101 Massae
1667 1074 1817 1101 Trabariae
1828 1075 2045 1102 constituuntur
2056 1075 2168 1102 diversa

1164 1127 1267 1150 castra.
1285 1123 1356 1156 (Fol.
1374 1123 1406 1150 25
1422 1124 1473 1156 v0.)

1777 1011 1869 1046 Rieti,
1886 1012 1920 1039 ‘20
1935 1013 2002 1039 aout
2019 1012 2096 1041 1288.

1204 1226 1323 1255 Dilectis
1337 1226 1412 1262 filiis
1427 1226 1603 1255 hominibus
1618 1231 1789 1255 castrorum
1811 1231 1837 1255 et
1862 1226 2097 1255 tenimentorum
2114 1235 2169 1264 que

1163 1280 1311 1309 dicuntur
1335 1280 1442 1308 Sancte
1465 1280 1592 1316 Apama,
1620 1279 1808 1316 Stlveplane,
1835 1279 1934 1315 Bittis,
1961 1280 2107 1317 Raynerz't
2135 1280 2169 1309 cle

1164 1334 1260 1362 Monte
1276 1334 1412 1369 Auriolo,
1430 1334 1575 1370 Raynerii
1591 1333 1624 1361 de
1639 1333 1815 1368 Castaldeco,
1833 1333 1980 1370 Huqolz'ni
1996 1334 2167 1371 Pyaynam',

1164 1386 1320 1422 Macerate,
1353 1386 1516 1423 Verqnanti
1542 1391 1567 1415 et
1599 1386 1706 1422 Τνιύἱί,
1739 1386 1861 1415 Wittom'
1885 1391 1911 1414 et
1935 1385 2057 1423 Semne,
2082 1387 2168 1415 salu-

1166 1445 1235 1475 tem,
1253 1445 1305 1469 etc.
1325 1438 1471 1468 Declarat
1486 1443 1587 1469 castra
1603 1442 1633 1468 et
1651 1439 1824 1468 tenimenta
1840 1448 1961 1474 eorum,
1982 1448 2076 1477 super
2090 1448 2169 1478 quo-

1165 1502 1237 1522 rum
1264 1492 1487 1531 jurisdictione
1518 1492 1626 1529 gravis
1656 1492 1817 1521 contentio
1851 1496 1958 1522 exorta
1987 1496 2054 1521 erat
2084 1492 2169 1522 inter

1166 1546 1290 1575 Massae
1301 1545 1472 1575 Trabariae
1488 1550 1518 1574 et
1531 1545 1742 1575 Romaniolae
1758 1549 1904 1582 rectores,
1919 1554 2044 1576 necnon
2061 1546 2168 1576 homi-

1165 1607 1221 1628 nes
1240 1602 1269 1628 et
1285 1603 1386 1628 castra
1402 1607 1482 1637 qnae
1504 1598 1590 1627 infra
1610 1598 1690 1627 fines
1712 1598 1854 1628 locorum
1870 1598 2000 1628 illorum
2016 1599 2165 1636 existunt,

1164 1652 1222 1682 suh
1238 1652 1381 1682 dominio
1399 1651 1528 1681 rectoris
1544 1651 1667 1680 Massae
1683 1651 1855 1680 Trabariae
1873 1652 2057 1682 consistere.

1207 1718 1220 1733 κ
1238 1706 1319 1736 Cum
1335 1706 1419 1735 inter
1434 1705 1549 1735 alias...
1567 1722 1605 1727 —-
1621 1705 1693 1734 Dat.
1714 1705 1833 1743 Reate,
1850 1714 1905 1735 X111
1928 1705 2081 1736 kalendas
2097 1714 2168 1745 sep-

1164 1759 1309 1796 tembris,
1324 1768 1410 1789 anno
1425 1759 1538 1798 primo.
1558 1771 1571 1786 ιι

1236 1951 1352 1979 ’7133

1198 2012 1242 2039 De
1257 2013 1357 2040 codem
1374 2013 1499 2048 negotio.
1515 2013 1586 2048 (Fol.
1602 2014 1636 2040 25
1650 2015 1702 2047 vo.)

1778 1950 1866 1983 Rieu,
1883 1951 1922 1977 1==
1935 1952 2002 1978 amit
2018 1951 2096 1978 1288.

1203 2115 1311 2145 Dilecto
1327 2116 1391 2152 filio
1409 2116 1505 2144 nobili
1520 2117 1588 2145 viro
1602 2116 1650 2151 H.,
1666 2117 1776 2145 rectori
1790 2117 1945 2154 provincie
1959 2116 2144 2147 Romaniole.

1205 2180 1218 2194 α
1236 2168 1317 2198 Cum
1333 2168 1418 2197 inter
1433 2167 1551 2198 alias...
1571 2185 1610 2190 —
1628 2168 1699 2198 Dat.
1719 2168 1832 2206 Reate,
1855 2168 2002 2198 kalendis
2017 2169 2165 2207 augusti,

1163 2229 1248 2251 anno
1263 2221 1366 2259 primo
1385 2232 1399 2247 ›>
1418 2220 1475 2260 (1).

1236 2414 1260 2441 ’ἵ
1268 2413 1288 2440 1
1296 2413 1396 2441 34³⁷
1404 2414 1423 2440 Ι
1430 2414 1488 2442 35
1726 2413 1814 2448 Rieti,
1833 2414 1870 2440 ter
1884 2414 2000 2441 octobre
2017 2414 2095 2442 1288.

1199 2474 1242 2501 De
1258 2474 1461 2509 tranquillitate
1475 2475 1504 2502 in
1519 2475 1626 2502 Tuscia
1640 2475 1754 2503 civitate
1770 2476 1957 2504 restituenda.
1977 2475 2047 2512 (Fol.
2064 2476 2099 2504 25
2113 2478 2164 2509 νο.)

1202 2577 1404 2615 Dilectisfiliis
1415 2579 1592 2615 ..φοιεειιιιί7
1604 2579 1728 2608 consilio
1738 2583 1763 2608 et
1772 2579 2079 2610 communiAretim‘s.
2090 2590 2104 2606 «
2115 2579 2165 2608 In-

1164 2629 1288 2660 tellecto
1303 2629 1424 2659 dudum
1441 2630 1524 2668 quod
1537 2630 1622 2660 inter
1637 2639 1692 2660 vos
1708 2634 1738 2660 et
1749 2631 1896 2660 concives
1912 2635 2032 2661 vestros
2045 2630 2167 2661 extrin-

1162 2692 1260 2721 secos,
1279 2683 1414 2713 inimico
1427 2683 1558 2713 homine
1573 2684 1848 2722 superseminante
1859 2684 2025 2720 zizaniam,
2040 2684 2168 2715 dissen-

1163 2736 1267 2766 siones
1291 2739 1322 2766 et
1343 2736 1492 2766 scandala
1517 2736 1753 2767 suscitabantur
1776 2737 1936 2775 gravia‚...
1957 2737 2168 2767 Universitati

1191 2869 1226 2899 (1)
1241 2869 1278 2893 Le
1294 2869 1382 2892 scribe
1397 2876 1412 2892 a
1427 2868 1495 2892 ecrit
1508 2875 1542 2893 en
1556 2876 1649 2900 marge
1663 2876 1668 2892 z
1683 2877 1697 2892 «
1710 2869 1783 2893 Nota
1796 2870 1869 2900 quod
1886 2870 2034 2894 declaratio
2050 2871 2076 2893 et
2090 2876 2167 2894 cons-

1162 2913 1255 2936 titutio
1271 2915 1334 2936 sunt
1352 2913 1380 2935 in
1400 2913 1453 2936 alio
1475 2916 1583 2943 regesto
1603 2913 1706 2937 domini
1727 2913 1760 2938 N.
1777 2920 1847 2944 pape
1863 2914 1913 2938 1111
1930 2914 2032 2944 scripto
2052 2914 2080 2937 in
2100 2921 2165 2938 can—

1163 2958 1280 2982 cellaria.
1298 2957 1373 2981 Idem
1389 2957 1423 2981 de
1438 2959 1528 2982 castro
1544 2958 1639 2982 Sancti
1653 2958 1750 2988 Angeli
1766 2958 1795 2981 in
1807 2957 1884 2981 Vado
1901 2958 2067 2982 declaratum
2083 2961 2124 2983 est
2139 2961 2167 2982 et

1164 3002 1343 3025 constitutum
1359 3009 1372 3023 ι
1386 3001 1493 3032 (Voyez
1509 3001 1658 3030 ci—dessus,
1674 3004 1713 3025 n⁰¹
1729 3000 1774 3025 604
1788 3003 1814 3024 et
1830 3001 1893 3030 605).
