2393 3496
0 1612 8 1988 ..ms-
0 1298 13 1602 -.Q-—n-—Mw

914 318 1157 363 CINQUIEME
1179 318 1337 357 ANNEE.
2118 334 2177 364 929

83 412 98 429 n
119 403 148 429 et
158 395 329 436 capitulum
342 403 377 424 ac
388 394 568 424 Henricum
582 394 621 424 de
632 393 764 429 Villars,
777 394 990 423 camerarium
1003 393 1085 431 ejus-

82 464 97 481 »
118 451 187 481 dem
210 447 355 483 ecclesie,
381 446 716 485 obedientiariumque
746 447 915 476 comitatus
934 446 1035 484 ipsius
1055 449 1085 474 et

81 516 97 534 »
120 526 139 534 ..
157 501 348 541 prepositum
371 499 534 537 Forverii,
552 508 587 528 ex
613 499 728 534 altera,
747 508 842 537 super
860 498 1085 537 jurisdictione

82 569 97 586 ι»
120 553 278 593 temporali
301 562 355 582 seu
382 552 517 582 seculari
545 552 685 582 civitatis
710 551 939 589 Lugdunensis
960 560 995 580 ac
1016 551 1084 589 ejus

82 622 97 640 ι
119 607 277 642 exercitio,
299 614 335 635 ac
353 614 449 644 super
469 605 695 643 jurisdictione
715 604 904 634 clericorum
923 604 1024 642 ipsius
1043 603 1085 633 ci-

82 674 96 692 »
119 660 220 692 vitatis
243 663 273 688 et
294 658 327 687 in
356 667 391 687 ea
417 657 677 696 delinquentium
703 666 738 686 ac
766 657 834 696 ejus
861 657 1026 693 exercitio,
1048 664 1084 686 ac

81 727 97 744 ι
118 721 209 752 super
221 711 292 741 aliis
306 709 452 740 articulis
468 710 615 749 pluribus
632 714 661 740 et
676 710 812 739 diversis
828 710 955 739 suborta
972 709 1085 739 fuisset

82 780 97 797 ι
117 765 246 798 materia
263 764 453 803 questionis,
471 764 612 793 maxime
629 763 794 793 occasione
812 762 977 801 cujusdam
995 762 1081 792 ordi-

81 833 96 850 ι
117 818 254 850 nationis
272 817 350 847 olim
367 818 447 846 facte
465 826 522 855 per
537 816 638 846 felicis
660 816 890 847 recordatiouis
910 816 1081 845 dominum

81 885 96 903 2
117 871 304 910 Gregorium
321 879 434 910 papam
453 870 627 905 decimum,
644 870 770 899 tandem
789 870 908 909 prefata
924 869 1081 899 discordia

79 938 95 956 n
115 934 169 966 per
186 925 344 962 Ugonem,
363 923 547 962 episcopum
566 923 759 960 Eduensem,
773 927 802 952 et
817 922 1009 957 Gerardum,
1024 922 1079 951 ab·

78 991 94 1008 n
114 979 215 1010 batem
233 977 343 1007 Sancti
364 977 518 1015 Stephani
539 977 764 1013 Divionensis,
783 976 999 1014 Lingonensis
1015 976 1081 1005 dio-

78 1045 94 1062 »
113 1032 200 1067 cesis,
215 1030 376 1070 quandam
389 1031 525 1060 formam
538 1030 777 1069 compositionis
791 1035 820 1060 et
834 1030 918 1068 pacis
932 1030 1079 1059 umbram

78 1097 94 1116 ι
113 1084 296 1123 assumpsit;
317 1092 353 1113 ex
375 1092 438 1122 qua
457 1083 559 1113 multa
583 1083 696 1119 dubia,
717 1083 875 1113 nonnulla
897 1083 1032 1112 obscura
1050 1087 1081 1112 et

78 1149 94 1168 n
114 1137 249 1177 quedam
270 1136 457 1175 imperfecta
484 1136 636 1172 Baraldo,
662 1145 749 1166 nunc
772 1136 854 1166 dicte
875 1136 1006 1165 ecclesie
1029 1144 1080 1164 ar-

78 1203 93 1220 ·
114 1190 320 1229 chiepiscopo,
336 1198 372 1219 ac
389 1189 482 1219 dictis
499 1189 620 1219 decano
637 1194 666 1219 et
682 1189 837 1228 capitulo,
857 1188 1034 1219 camerario
1051 1191 1081 1217 et

77 1255 93 1273 ι
113 1243 266 1283 preposito
281 1242 491 1278 videbantnr3
508 1251 569 1281 que
581 1242 690 1279 dubia,
705 1243 838 1272 obscura
850 1247 880 1271 et
894 1241 1080 1281 imperfecta

77 1309 93 1326 ι
113 1297 275 1327 materiam
299 1304 416 1333 magne
441 1296 684 1332 commotionis,
717 1294 934 1325 dissentionis
949 1304 984 1324 ac
1014 1295 1079 1324 dis-

78 1362 93 1380 »
114 1349 216 1380 oordie
231 1349 437 1379 minabantur
451 1349 536 1379 inter
551 1349 827 1388 archiepiscopum
845 1353 873 1378 et
889 1348 1078 1387 capitulum,

77 1415 93 1433 t
114 1403 322 1434 camerarium
350 1407 382 1433 et
404 1403 602 1442 prepositum
625 1403 835 1442 supradictos.
862 1403 995 1441 Propter
1017 1411 1080 1441 que

77 1469 92 1486 ι
113 1456 334 1488 sanctissimus
364 1461 451 1495 pater
483 1460 512 1486 et
541 1456 693 1486 dominus
718 1463 825 1486 noster
854 1456 1006 1486 dominus
1036 1456 1077 1485 N.

77 1521 93 1539 ι
114 1517 190 1549 papa
204 1509 309 1544 1111112,
327 1509 461 1548 cupiens
477 1509 614 1548 prefatas
631 1509 796 1539 ecclesiam
818 1514 847 1538 et
869 1517 1019 1547 personas
1043 1509 1076 1537 in

77 1574 93 1594 ι
113 1567 192 1593 statu
213 1562 453 1601 tranquillitatis
474 1567 504 1591 et
524 1563 611 1601 pacis
632 1563 665 1591 in
683 1567 844 1600 posterum
868 1571 1077 1599 conservare,

76 1626 92 1644 n
112 1615 202 1646 nobis
216 1615 422 1645 miseratione
438 1615 549 1645 divina
565 1615 718 1651 Gerardo,
734 1615 879 1654 episcopo
895 1615 1077 1651 Sabinensi,

76 1679 92 1698 n
113 1672 143 1699 et
159 1668 346 1704 Benedicto,
367 1668 477 1698 Sancti
496 1668 620 1698 Nicolai
636 1669 669 1697 in
689 1668 822 1698 Carcere
843 1668 992 1698 Tulliano
1009 1668 1077 1697 dia-

76 1733 91 1750 n
111 1730 187 1752 cono
210 1721 383 1758 cardinali,
408 1721 524 1751 direxit
547 1721 670 1751 litteras
692 1721 828 1751 formam
851 1730 912 1760 que
934 1721 1080 1760 sequitur

76 1786 91 1804 ι
112 1775 307 1806 continentes
325 1784 332 1805 :
802 1814 805 1815 ⁷

112 1839 128 1856 n
149 1828 312 1865 Nicotaus,
325 1828 493 1867 episcopus
507 1837 619 1858 servus
635 1836 801 1858 servorum
815 1828 886 1863 Dei,
901 1827 1078 1858 venerabili

73 1893 88 1910 ι
111 1881 198 1912 fratri
214 1882 268 1920 G.,
284 1881 430 1920 episcopo
447 1881 632 1918 Sabinensi,
646 1885 676 1911 et
692 1881 806 1911 dilecto
822 1881 889 1911 filio
907 1882 956 1918 B.‚
969 1881 1077 1911 Sancti

75 1945 91 1964 ι
111 1934 233 1965 Nicolai
246 1935 280 1964 in
293 1934 428 1965 Carcere
444 1934 595 1965 Tulliano
610 1934 745 1964 diacono
760 1934 927 1972 cardinali,
941 1934 1076 1964 salutem

52 2014 56 2015 γ
75 2000 90 2018 ι
111 1993 141 2019 et
154 1988 357 2028 apostolicam
372 1988 641 2019 benedictionem.
661 1989 741 2018 Cum
758 1989 843 2018 inter
858 1988 1076 2018 venerabilem

75 2053 90 2070 ι
110 2042 237 2072 fratrem
254 2046 399 2072 nostrum
413 2042 463 2078 B„
478 2041 769 2080 archiepiscopum,
788 2046 818 2071 et
831 2042 900 2081 ejus
917 2042 1078 2081 predeces-

73 2090 193 2126 {sores
209 2094 350 2134 aliquos,
375 2104 411 2124 ex
430 2099 519 2134 parte
544 2103 626 2132 una,
647 2098 677 2124 et
694 2094 826 2124 dilectos
845 2094 928 2124 filios
946 2117 966 2124 ..
989 2094 1078 2124 deca-

74 2159 89 2176 ι
110 2156 188 2178 num
211 2152 241 2178 et
264 2147 440 2186 capitulum
462 2148 696 2186 Lugdunenses
724 2156 820 2187 super
841 2147 977 2178 diversis
1003 2148 1076 2177 arti-

73 2212 88 2230 »
109 2201 199 2239 culis,
219 2210 255 2231 ex
273 2201 384 2238 altera,
401 2201 507 2239 gravis
523 2200 735 2230 dissentionis
750 2201 885 2230 materia
901 2201 940 2230 sit
957 2206 1073 2238 exorta,

73 2265 88 2284 2
109 2263 180 2291 nos,
197 2255 360 2294 cupientes
377 2254 607 2285 dissentionem
624 2255 726 2293 ipsam
744 2255 858 2294 sopiri,
873 2255 980 2292 vobis,
997 2264 1076 2294 quos

72 2315 89 2339 )
109 2307 148 2338 ad
166 2312 268 2347 partes
283 2307 539 2338 ultramontanas
554 2316 609 2346 pro
626 2307 820 2346 quibusdam
841 2307 1012 2346 apostolice
1029 2317 1076 2337 se-

71 2371 88 2389 »
108 2360 157 2391 dis
176 2361 312 2399 negotiis
330 2361 546 2399 destinamus,
565 2361 764 2400 presentium
783 2361 971 2391 auctoritate
991 2369 1076 2391 com-

71 2425 87 2443 »
107 2415 264 2445 mittimus
290 2418 321 2445 et
344 2415 538 2444 mandamus
561 2415 714 2453 quatinus
742 2422 816 2451 vos,
849 2414 940 2453 juxta
969 2414 1075 2444 datam

71 2477 86 2494 ι
107 2467 196 2497 vobis
210 2476 247 2497 ex
261 2467 418 2497 altissimo
435 2467 589 2505 gratiam,
615 2471 719 2505 partes
741 2466 780 2495 ad
805 2466 1007 2496 concordiam
1029 2476 1076 2496 re-

71 2529 88 2547 »
107 2519 241 2556 vocetis,
265 2519 310 2549 ita
327 2519 427 2559 quod,
445 2519 623 2558 opitulante
645 2519 736 2549 vobis
751 2519 862 2549 divina
879 2520 996 2557 gratia,
1020 2529 1076 2558 per

72 2583 90 2601 ι»
109 2577 212 2603 vestre
227 2572 392 2611 diligentie
413 2572 557 2602 studium
581 2572 666 2602 inter
691 2572 818 2602 easdem
837 2577 942 2611 partes
961 2573 1074 2611 hujus·

73 2635 88 2654 ι
108 2625 194 2657 modi
204 2626 362 2656 dissensio
376 2625 568 2664 precidatur,
582 2634 619 2656 ac
632 2626 836 2664 postmodum
853 2626 936 2665 quod
952 2626 985 2655 in
1005 2635 1075 2665 pre-

71 2689 86 2706 »
109 2679 217 2709 missis
239 2689 296 2718 per
320 2679 516 2709 industriam
542 2683 682 2709 vestram
713 2679 752 2709 de
784 2679 954 2718 utriusque
978 2680 1076 2719 partis

72 2741 89 2760 n
109 2740 238 2762 assensu
259 2732 485 2762 concordatum
511 2732 608 2762 fuerit
632 2731 682 2762 vel
703 2731 799 2761 etiam
824 2732 1007 2762 ordinatum
1032 2733 1076 2762 fa-

71 2795 88 2812 »
109 2785 197 2815 ciatis
212 2785 444 2816 inviolabiliter
466 2784 641 2816 observari.
660 2784 916 2815 Contradictores
936 2786 1075 2816 auctori-

69 2848 85 2866 ·
109 2841 171 2869 tate
185 2843 302 2876 nostra,
319 2838 533 2878 appellatione
549 2839 731 2877 postposita,
744 2839 986 2877 compescendo.
1002 2839 1073 2871 Dat.

71 2901 87 2919 ι
108 2891 226 2928 Rome,
242 2891 326 2930 apud
345 2891 495 2922 Sanctam
514 2891 654 2921 Mariam
676 2892 850 2931 Majorem,
870 2892 964 2922 nonis
979 2893 1073 2929 maii,

69 2955 84 2972 ι
107 2945 306 2984 pontificatus
322 2946 422 2976 nostri
437 2954 524 2976 anno
541 2945 644 2975 tertio.
658 2957 671 2971 ι

110 3009 125 3025 ι
140 2998 264 3029 Deinde
280 2999 372 3029 nobis
388 3007 444 3038 per
455 2998 619 3028 civitatem
635 2997 886 3036 Lugdunensem
903 2998 1075 3029 transitum

208 3063 282 3091 Rae.
302 3063 426 3091 Nmoms
444 3062 498 3090 IV.

1170 405 1183 419 »
1207 393 1416 431 facientibus,
1437 395 1514 425 dum
1540 405 1682 426 essemus
1705 396 1740 425 in
1763 397 1984 435 prosecutione
1999 399 2101 428 nostri
2123 401 2175 429 iti-

1170 459 1182 472 n
1208 448 1294 476 neris
1309 448 1348 476 ad
1364 453 1468 486 partes
1488 448 1683 487 gallicanas,
1705 449 1745 478 ad
1761 458 1839 488 quas
1863 459 1918 488 per
1936 452 2175 482 sanctissimum

1169 510 1182 525 η
1207 504 1328 538 patrem
1350 506 1494 531 nostrum
1517 502 1688 532 dominum
1710 502 1751 532 N.
1769 502 1945 541 predictum
1967 513 2022 542 pro
2042 505 2176 543 quibus-

1169 563 1182 577 »
1207 552 1279 582 darn
1297 553 1430 583 ecclesie
1448 563 1579 584 romane
1599 556 1736 593 negotiis
1753 556 1872 585 suimus
1888 556 2053 593 destinati,
2072 562 2176 596 partes

1169 616 1182 631 ν
1207 606 1346 643 predicte
1365 616 1460 645 super
1475 608 1580 637 causis
1597 613 1625 638 et
1649 609 1816 638 discordiis
1837 609 1998 648 prelibatis
2016 620 2049 640 se
2070 616 2176 641 nostre

1168 669 1182 683 »
1206 658 1402 689 ordinationi
1421 664 1451 689 et
1470 660 1669 699 dispositioni
1688 662 1918 699 submiserunt,
1936 663 1995 693 sub
2010 664 2111 694 forma
2128 665 2177 694 in-

1168 723 1181 737 »
1206 711 1304 741 serius
1319 718 1471 742 annotata
1490 726 1496 743 :

1204 777 1216 790 »
1247 765 1407 795 Noverint
1429 767 1569 796 universi
1591 772 1753 806 presentes
1776 769 1893 807 pariter
1914 775 1943 799 et
1966 770 2066 799 futuri
2090 771 2175 808 quod

1205 827 1262 847 nos
1282 818 1452 854 Beraldus,
1472 819 1533 849 Dei
1553 821 1656 857 gratia
1678 822 1781 860 prime
1802 823 2027 860 Lugdunensis
2044 823 2175 853 ecclesie

1205 870 1474 910 archiepiscopus,
1491 872 1639 902 volumus
1652 878 1680 902 et
1694 883 1838 912 expresse
1854 876 2074 905 consentimus
2090 877 2175 915 quod

1204 924 1374 952 reverendi
1397 924 1429 952 in
1448 924 1576 954 Christo
1597 930 1700 963 patres
1723 930 1753 955 et
1773 926 1896 956 domini
1916 927 2091 963 Gerardus,
2116 929 2175 958 Dei

1204 977 1305 1013 gratia
1335 976 1525 1006 Sabinensis
1555 978 1729 1017 episcopus,
1765 983 1795 1008 et
1829 979 2032 1015 Benedictus,
2064 980 2175 1011 Sancti

1202 1028 1327 1058 Nicolai
1348 1029 1382 1058 in
1401 1030 1533 1059 Carcere
1552 1030 1703 1060 Tulliano
1723 1031 1877 1061 diaconus
1895 1033 2086 1067 cardinalis.
2108 1035 2175 1064 visa

1165 1093 1179 1107 »
1204 1085 1234 1110 et
1249 1081 1419 1119 diligenter
1434 1082 1578 1121 inspecta
1599 1084 1736 1122 quadam
1759 1085 1987 1123 compositione
2003 1095 2064 1124 que
2080 1096 2175 1125 super

1165 1146 1178 1160 »ι
1199 1134 1425 1173 jurisdictione
1448 1137 1535 1166 curie
1557 1137 1710 1166 secularis
1731 1137 1959 1175 Lugdunensis
1984 1140 2119 1169 civitatis
2145 1144 2175 1170 et

1166 1199 1179 1214 ι»
1204 1189 1272 1226 ejus
1293 1190 1443 1219 exercitio
1463 1190 1546 1219 inter
1572 1190 1654 1220 bone
1678 1193 1832 1221 memorie
1855 1191 2025 1222 dominum
2052 1193 2173 1223 Radul-

1166 1254 1178 1267 n
1205 1242 1321 1281 phum,
1343 1243 1503 1281 quondam
1524 1244 1798 1283 archiepiscopum
1817 1246 2083 1283 Lugdunensem,
2100 1256 2174 1285 pre-

1203 1295 1401 1337 decessorem
1417 1300 1572 1333 nostrum,
1589 1306 1625 1326 ex
1640 1302 1728 1335 parte
1743 1306 1816 1332 una,
1833 1299 2072 1329 etvenerabiles
2088 1301 2174 1330 viros

1204 1348 1359 1378 decanum
1377 1354 1407 1378 et
1422 1349 1598 1388 capitulum
1616 1350 1700 1379 dicte
1717 1350 1859 1388 ecclesie,
1878 1360 1913 1380 ex
1931 1352 2040 1388 altera,
2059 1353 2175 1383 dicitur

1203 1402 1302 1432 fuisse
1329 1407 1475 1439 tractata,
1502 1404 1766 1442 compositionem
1789 1405 1924 1434 eandem
1951 1405 1990 1434 ad
2014 1405 2171 1443 litteram,

1201 1457 1397 1494 proutjacet,
1413 1457 1438 1486 si
1455 1457 1502 1486 eis
1517 1457 1688 1495 expediens
1702 1457 1880 1495 videbatur,
1895 1467 1950 1488 seu
1968 1459 2072 1488 eidem
2086 1467 2172 1489 com-

1202 1510 1350 1548 positioni
1377 1510 1574 1540 detrahendo
1602 1510 1652 1539 vel
1678 1511 1840 1549 addendo,
1870 1512 2040 1547 mutando,
2073 1513 2173 1542 corri-

1202 1563 1323 1600 gendo,
1355 1564 1613 1601 interpretando,
1644 1564 1835 1594 declarando
1867 1564 1915 1594 vel
1947 1566 2171 1604 specificando,

1202 1616 1344 1654 pensatis
1361 1616 1482 1654 negotii
1499 1617 1761 1652 circumstantiis,
1777 1617 1904 1647 valeant
1920 1618 2022 1648 facere
2037 1618 2174 1648 inviola-

1201 1669 1309 1698 biliter
1320 1669 1493 1699 observari.
1508 1670 1733 1699 promittentes
1747 1670 1805 1699 sub
1817 1670 2012 1708 obligatione
2023 1671 2173 1701 omnium

1203 1722 1361 1751 bonorum
1385 1727 1492 1752 nostre
1514 1722 1598 1752 sedis
1620 1723 1900 1762 archiepiscopalis
1920 1724 2059 1762 predicte
2083 1725 2172 1763 quic-

1202 1776 1279 1814 quid
1299 1785 1354 1814 per
1370 1776 1469 1806 dictos
1485 1776 1634 1806 dominos
1650 1776 1827 1806 cardinales
1845 1777 1879 1806 in
1899 1777 2050 1815 predictis
2066 1782 2173 1807 actum

1201 1829 1297 1858 fuerit
1315 1838 1369 1859 seu
1387 1830 1483 1859 etiam
1509 1830 1692 1860 ordinatum
1713 1830 1876 1860 attendere
1897 1835 1927 1860 et
1947 1835 2095 1869 perpetuo
2115 1831 2172 1861 ob-

1162 1894 1176 1909 »
1201 1891 1339 1912 servare.
1362 1883 1399 1912 In
1425 1885 1517 1922 cujus
1543 1884 1588 1913 rei
1615 1884 1834 1913 testimonium
1858 1883 2001 1922 sigillum
2025 1889 2171 1914 nostrum

1162 1947 1176 1961 >³
1201 1935 1352 1965 duximus
1373 1937 1574 1975 presentibus
1595 1936 1709 1965 litteris
1730 1937 1967 1975 apponendum.
1994 1937 2065 1966 Dat.
2085 1937 2171 1975 Lug-

1162 2000 1176 2015 »
1197 1988 1290 2026 duni,
1306 1989 1357 2018 die
1372 1989 1532 2019 dominica
1545 1994 1614 2028 post
1626 1989 1741 2019 festum
1754 1990 1938 2019 Nativitatis
1953 1990 2037 2019 beati
2049 1990 2170 2020 Joban·

1161 2054 1175 2069 »
1201 2043 1250 2072 nis
1268 2043 1419 2082 Baptiste,
1437 2052 1522 2073 anno
1541 2043 1672 2072 Domini
1688 2047 1895 2073 M⁰cc⁰Lxxxx⁰.

1201 2109 1215 2123 ι)
1232 2097 1428 2126 Reverendis
1444 2097 1477 2126 in
1495 2096 1624 2126 Christo
1639 2096 1781 2135 patribus
1794 2102 1824 2126 et
1839 2097 1980 2126 dominis
1996 2097 2167 2136 precipuis,

1160 2161 1175 2175 n
1199 2150 1330 2179 domino
1355 2149 1392 2180 G.
1417 2150 1455 2179 de
1478 2150 1610 2185 Parma,
1637 2149 1747 2179 divina
1772 2149 1972 2188 providentia
1995 2149 2170 2180 Sabinensi

1161 2215 1174 2229 1,
1199 2202 1365 2240 episcopo,
1389 2206 1419 2231 et
1439 2202 1568 2231 domino
1591 2201 1781 2237 Benedicto,
1809 2201 1920 2231 eadem
1939 2203 2041 2240 gratia
2060 2202 2170 2232 Sancti

1161 2269 1175 2283 y>
1199 2256 1323 2286 Nicolai
1340 2256 1374 2285 in
1397 2256 1532 2286 Carcere
1548 2255 1698 2285 Tulliano
1716 2255 1852 2285 diacono
1868 2255 2038 2292 cardinali,
2057 2255 2095 2286 G.
2113 2256 2169 2286 de-

1160 2321 1174 2335 »
1198 2318 1297 2339 canus
1310 2313 1340 2338 et
1355 2309 1530 2348 capitulum
1548 2309 1649 2348 prime
1669 2309 1896 2347 Lugdunensis
1913 2308 2063 2346 ecclesie,
2081 2309 2171 2339 debi-

1160 2374 1173 2388 »
1199 2366 1261 2390 tam
1288 2362 1518 2401 subjectionem
1545 2367 1575 2391 et
1594 2361 1808 2392 reverentiam
1833 2370 1906 2391 cum
1930 2362 2063 2392 honore.
2086 2362 2169 2392 Cum

1160 2427 1173 2441 n
1197 2415 1392 2444 reverendus
1410 2415 1443 2444 in
1462 2415 1591 2446 Christo
1607 2420 1694 2454 pater
1711 2415 1862 2445 dominus
1882 2415 1969 2453 Ugo,
1991 2415 2049 2445 Dei
2067 2416 2170 2453 gratia

1160 2481 1173 2495 n
1199 2468 1363 2507 episcopus
1376 2468 1546 2505 Edueusis‚
1561 2477 1598 2498 ac
1616 2469 1697 2497 bone
1715 2468 1869 2498 memorie
1884 2467 2056 2504 Gerardus,
2071 2469 2169 2499 abbas

1159 2534 1173 2548 n
1198 2522 1306 2551 Sancti
1331 2521 1488 2560 Stephani
1516 2521 1745 2558 Divionensis,
1775 2521 1993 2559 Lingonensis
2018 2521 2167 2559 diocesis,

1161 2589 1172 2600 n
1199 2584 1293 2613 super
1308 2575 1530 2613 questionibus
1551 2580 1581 2604 et
1603 2574 1742 2613 querelis
1758 2574 1959 2604 vertentibus
1981 2574 2067 2604 inter
2083 2574 2169 2604 clare

1160 2640 1173 2655 ν
1198 2628 1354 2658 memorie
1367 2628 1537 2658 dominum
1549 2628 1614 2657 Rod
1622 2627 1768 2666 ulphum,
1785 2628 1843 2659 Dei
1857 2628 1959 2666 gratia
1974 2628 2169 2666 Lugdunen-

1160 2694 1174 2709 »
1196 2691 1263 2712 sem
1278 2681 1567 2720 archiepiscopum,
1585 2690 1621 2711 ex
1638 2690 1703 2711 una
1718 2686 1816 2720 parte,
1838 2686 1868 2711 et
1883 2690 1941 2712 nos
1957 2681 2057 2711 dictos
2073 2681 2166 2711 deca-

1160 2747 1174 2761 »
1198 2745 1278 2765 num
1292 2740 1322 2765 et
1334 2735 1521 2774 capitulum,
1538 2734 1669 2765 Petrum
1686 2735 1725 2765 de
1739 2736 1894 2773 Augusta,
1915 2739 1989 2764 tunc
2003 2735 2166 2764 archidia-

1159 2801 1173 2816 ι)
1198 2797 1325 2825 conum,
1344 2788 1523 2818 Henricum
1539 2787 1577 2818 de
1595 2788 1724 2823 Villars,
1743 2797 1829 2818 nunc
1845 2788 2058 2818 camerarium
2073 2811 2079 2824 ,
2097 2788 2168 2817 Hu-

1160 2854 1174 2869 »
1197 2850 1314 2880 gouem
1335 2841 1375 2871 de
1389 2842 1509 2878 Turre,
1528 2847 1604 2871 tunc
1622 2841 1839 2871 senescalcum
1858 2841 2109 2879 Lugdunenses,
2128 2849 2166 2870 ex

1159 2907 1173 2922 »
1197 2894 1307 2931 altera,
1320 2894 1647 2933 superjurisdictione
1661 2894 1748 2924 curie
1763 2893 1917 2923 secularis
1935 2892 2165 2931 Lugdunensis

1158 2959 1172 2975 ι
1196 2957 1250 2978 seu
1267 2948 1356 2978 curie
1371 2947 1538 2977 comitatus
1549 2951 1580 2977 et
1593 2947 1662 2986 ejus
1678 2946 1840 2982 exercitio,
1856 2954 1892 2976 ac
1905 2955 2000 2984 super
2011 2945 2165 2984 jurisdic-

1158 3013 1172 3028 ι»
1196 3001 1285 3032 'tione
1299 3001 1383 3031 infra
1397 3000 1508 3031 domos
1521 3001 1688 3039 cujusdam
1700 2999 1763 3030 vici
1776 2999 1913 3029 civitatis
1925 2998 2164 3036 Lugdunensis,

1974 3064 2023 3090 ¹17

1165 1307 1178 1321 ὅ
1166 1040 1178 1054 δ
1167 988 1179 1001 :⁵
1167 935 1179 949 :5
1168 882 1180 896 S
1167 828 1179 843 θ

1165 1360 1179 1374 U

1164 1841 1176 1855 5
1164 1788 1176 1802 δ
1164 1734 1177 1747 δ
1165 1682 1176 1694 υ
1164 1627 1176 1642 :3
1165 1575 1178 1589 ξ
1165 1522 1178 1535 :5
1165 1468 1178 1481 ὅ
1165 1414 1178 1428 :5
