<?xml version="1.0" encoding="UTF-8"?>
<!DOCTYPE html PUBLIC "-//W3C//DTD XHTML 1.0 Transitional//EN"
    "http://www.w3.org/TR/xhtml1/DTD/xhtml1-transitional.dtd">
<html xmlns="http://www.w3.org/1999/xhtml" xml:lang="en" lang="en">
 <head>
  <title>
</title>
<meta http-equiv="Content-Type" content="text/html;charset=utf-8" />
  <meta name='ocr-system' content='tesseract 3.04.00' />
  <meta name='ocr-capabilities' content='ocr_page ocr_carea ocr_par ocr_line ocrx_word'/>
</head>
<body>
  <div class='ocr_page' id='page_1' title='image "./lesregistresdeni02romeuoft_0351.png"; bbox 0 0 2393 3496; ppageno 0'>
   <div class='ocr_carea' id='block_1_1' title="bbox 744 334 2122 376">
    <p class='ocr_par' dir='ltr' id='par_1_1' title="bbox 744 334 2122 376">
     <span class='ocr_line' id='line_1_1' title="bbox 744 334 2122 376; baseline -0.002 0"><span class='ocrx_word' id='word_1_1' title='bbox 744 345 930 376; x_wconf 79' lang='lat' dir='ltr'>LETTRES</span> <span class='ocrx_word' id='word_1_2' title='bbox 952 344 1039 374; x_wconf 84' lang='lat' dir='ltr'>NON</span> <span class='ocrx_word' id='word_1_3' title='bbox 1066 334 1399 374; x_wconf 73' lang='lat' dir='ltr'>ENREeisrnnns.</span> <span class='ocrx_word' id='word_1_4' title='bbox 2047 343 2122 373; x_wconf 69' lang='lat'>1025</span> 
     </span>
    </p>
   </div>
   <div class='ocr_carea' id='block_1_2' title="bbox 101 415 215 445">
    <p class='ocr_par' dir='ltr' id='par_1_2' title="bbox 101 415 215 445">
     <span class='ocr_line' id='line_1_2' title="bbox 101 415 215 445; baseline -0.018 0"><span class='ocrx_word' id='word_1_5' title='bbox 101 415 215 445; x_wconf 67' lang='lat'><strong>*2435</strong></span> 
     </span>
    </p>
   </div>
   <div class='ocr_carea' id='block_1_3' title="bbox 25 475 1038 937">
    <p class='ocr_par' dir='ltr' id='par_1_3' title="bbox 25 475 1038 826">
     <span class='ocr_line' id='line_1_3' title="bbox 72 475 1033 514; baseline -0.007 -5"><span class='ocrx_word' id='word_1_6' title='bbox 72 501 93 510; x_wconf 85' lang='grc'>..</span> <span class='ocrx_word' id='word_1_7' title='bbox 113 479 216 508; x_wconf 75' lang='lat' dir='ltr'>abbati</span> <span class='ocrx_word' id='word_1_8' title='bbox 238 477 420 505; x_wconf 77' lang='lat' dir='ltr'>monasterii</span> <span class='ocrx_word' id='word_1_9' title='bbox 441 475 652 514; x_wconf 75' lang='lat' dir='ltr'>Syberyensz&#39;s,</span> <span class='ocrx_word' id='word_1_10' title='bbox 674 476 794 505; x_wconf 80' lang='lat' dir='ltr'><em>ordinis</em></span> <span class='ocrx_word' id='word_1_11' title='bbox 816 475 847 504; x_wconf 90' lang='lat' dir='ltr'>S.</span> <span class='ocrx_word' id='word_1_12' title='bbox 865 475 1033 509; x_wconf 80' lang='lat' dir='ltr'><em>Benedicti,</em></span> 
     </span>
     <span class='ocr_line' id='line_1_4' title="bbox 35 526 1035 566; baseline -0.008 -4"><span class='ocrx_word' id='word_1_13' title='bbox 35 531 215 564; x_wconf 80' lang='lat' dir='ltr'>coloniensis</span> <span class='ocrx_word' id='word_1_14' title='bbox 231 529 380 558; x_wconf 79' lang='lat' dir='ltr'>dioecesis.</span> <span class='ocrx_word' id='word_1_15' title='bbox 402 528 450 565; x_wconf 90' lang='lat' dir='ltr'>Ei,</span> <span class='ocrx_word' id='word_1_16' title='bbox 468 537 542 558; x_wconf 91' lang='lat' dir='ltr'>cum</span> <span class='ocrx_word' id='word_1_17' title='bbox 557 528 815 566; x_wconf 80' lang='lat' dir='ltr'>archiepiscopus</span> <span class='ocrx_word' id='word_1_18' title='bbox 833 526 1035 557; x_wconf 86' lang='lat' dir='ltr'>Coloniensis</span> 
     </span>
     <span class='ocr_line' id='line_1_5' title="bbox 25 580 1035 623; baseline -0.005 -10"><span class='ocrx_word' id='word_1_19' title='bbox 25 581 174 623; x_wconf 77' lang='lat' dir='ltr'>&#39;captivus</span> <span class='ocrx_word' id='word_1_20' title='bbox 188 582 228 611; x_wconf 85' lang='lat' dir='ltr'>sit</span> <span class='ocrx_word' id='word_1_21' title='bbox 245 585 276 611; x_wconf 89' lang='lat' dir='ltr'>et</span> <span class='ocrx_word' id='word_1_22' title='bbox 290 580 439 617; x_wconf 84' lang='lat' dir='ltr'>Adolfus,</span> <span class='ocrx_word' id='word_1_23' title='bbox 455 589 561 610; x_wconf 89' lang='lat' dir='ltr'>comes</span> <span class='ocrx_word' id='word_1_24' title='bbox 577 581 616 610; x_wconf 86' lang='lat' dir='ltr'>de</span> <span class='ocrx_word' id='word_1_25' title='bbox 635 581 754 617; x_wconf 83' lang='lat' dir='ltr'>Monte,</span> <span class='ocrx_word' id='word_1_26' title='bbox 770 580 968 619; x_wconf 78' lang='lat' dir='ltr'>proposuerit</span> <span class='ocrx_word' id='word_1_27' title='bbox 983 587 1035 609; x_wconf 89' lang='lat' dir='ltr'>ca-</span> 
     </span>
     <span class='ocr_line' id='line_1_6' title="bbox 35 632 1037 672; baseline -0.007 -4"><span class='ocrx_word' id='word_1_28' title='bbox 35 636 165 668; x_wconf 86' lang='lat' dir='ltr'>nonicos</span> <span class='ocrx_word' id='word_1_29' title='bbox 180 634 216 664; x_wconf 91' lang='lat' dir='ltr'>in</span> <span class='ocrx_word' id='word_1_30' title='bbox 239 633 374 664; x_wconf 87' lang='lat' dir='ltr'>ecclesia</span> <span class='ocrx_word' id='word_1_31' title='bbox 391 633 430 663; x_wconf 90' lang='lat' dir='ltr'>de</span> <span class='ocrx_word' id='word_1_32' title='bbox 446 633 691 672; x_wconf 88' lang='lat' dir='ltr'>Dussillendorp</span> <span class='ocrx_word' id='word_1_33' title='bbox 707 634 856 664; x_wconf 86' lang='lat' dir='ltr'>ordinare</span> <span class='ocrx_word' id='word_1_34' title='bbox 874 633 982 671; x_wconf 88' lang='lat' dir='ltr'>eisque</span> <span class='ocrx_word' id='word_1_35' title='bbox 997 632 1037 661; x_wconf 89' lang='lat' dir='ltr'>de</span> 
     </span>
     <span class='ocr_line' id='line_1_7' title="bbox 34 685 1035 724; baseline -0.005 -6"><span class='ocrx_word' id='word_1_36' title='bbox 34 686 127 719; x_wconf 84' lang='lat' dir='ltr'>honis</span> <span class='ocrx_word' id='word_1_37' title='bbox 149 685 286 724; x_wconf 87' lang='lat' dir='ltr'>propriis</span> <span class='ocrx_word' id='word_1_38' title='bbox 307 685 504 724; x_wconf 88' lang='lat' dir='ltr'>praebendas</span> <span class='ocrx_word' id='word_1_39' title='bbox 526 686 707 723; x_wconf 84' lang='lat' dir='ltr'>assignare,</span> <span class='ocrx_word' id='word_1_40' title='bbox 729 685 861 714; x_wconf 86' lang='lat' dir='ltr'>mandat</span> <span class='ocrx_word' id='word_1_41' title='bbox 883 690 915 713; x_wconf 92' lang='lat' dir='ltr'>ut</span> <span class='ocrx_word' id='word_1_42' title='bbox 942 692 1035 713; x_wconf 88' lang='lat' dir='ltr'>cano-</span> 
     </span>
     <span class='ocr_line' id='line_1_8' title="bbox 35 738 1038 777; baseline -0.003 -7"><span class='ocrx_word' id='word_1_43' title='bbox 35 739 180 771; x_wconf 80' lang='lat' dir='ltr'>nieorum</span> <span class='ocrx_word' id='word_1_44' title='bbox 192 747 365 768; x_wconf 90' lang='lat' dir='ltr'>numerum</span> <span class='ocrx_word' id='word_1_45' title='bbox 378 738 506 768; x_wconf 86' lang='lat' dir='ltr'>ordinet</span> <span class='ocrx_word' id='word_1_46' title='bbox 519 738 749 777; x_wconf 85' lang='lat' dir='ltr'>ecclesiamque</span> <span class='ocrx_word' id='word_1_47' title='bbox 760 738 960 776; x_wconf 84' lang='lat' dir='ltr'>collegiatam</span> <span class='ocrx_word' id='word_1_48' title='bbox 972 738 1038 767; x_wconf 87' lang='lat' dir='ltr'>fore</span> 
     </span>
     <span class='ocr_line' id='line_1_9' title="bbox 35 795 157 826; baseline -0.025 -2"><span class='ocrx_word' id='word_1_49' title='bbox 35 795 157 826; x_wconf 73' lang='lat' dir='ltr'>statuat.</span> 
     </span>
    </p>

    <p class='ocr_par' dir='ltr' id='par_1_4' title="bbox 34 844 1036 937">
     <span class='ocr_line' id='line_1_10' title="bbox 75 844 1036 883; baseline 0 -10"><span class='ocrx_word' id='word_1_50' title='bbox 75 857 90 873; x_wconf 88' lang='lat'>«</span> <span class='ocrx_word' id='word_1_51' title='bbox 105 846 149 875; x_wconf 87' lang='lat' dir='ltr'>Ex</span> <span class='ocrx_word' id='word_1_52' title='bbox 164 848 253 883; x_wconf 88' lang='lat' dir='ltr'>parte</span> <span class='ocrx_word' id='word_1_53' title='bbox 271 844 417 874; x_wconf 87' lang='lat' dir='ltr'>dilecti...</span> <span class='ocrx_word' id='word_1_54' title='bbox 433 861 472 866; x_wconf 97' lang='lat'><strong>—</strong></span> <span class='ocrx_word' id='word_1_55' title='bbox 488 845 559 874; x_wconf 79' lang='lat' dir='ltr'>Dat.</span> <span class='ocrx_word' id='word_1_56' title='bbox 581 845 680 875; x_wconf 83' lang='lat' dir='ltr'>Reate</span> <span class='ocrx_word' id='word_1_57' title='bbox 691 868 699 882; x_wconf 93' lang='lat'>,</span> <span class='ocrx_word' id='word_1_58' title='bbox 716 845 810 874; x_wconf 91' lang='lat' dir='ltr'>nonis</span> <span class='ocrx_word' id='word_1_59' title='bbox 829 844 1036 883; x_wconf 81' lang='lat' dir='ltr'>septembris,</span> 
     </span>
     <span class='ocr_line' id='line_1_11' title="bbox 34 897 593 937; baseline -0.005 -7"><span class='ocrx_word' id='word_1_60' title='bbox 34 907 119 932; x_wconf 71' lang='lat' dir='ltr'>anno</span> <span class='ocrx_word' id='word_1_61' title='bbox 133 899 246 937; x_wconf 84' lang='lat' dir='ltr'>primo.</span> <span class='ocrx_word' id='word_1_62' title='bbox 269 910 282 925; x_wconf 70' lang='lat' dir='ltr'>n</span> <span class='ocrx_word' id='word_1_63' title='bbox 300 898 450 937; x_wconf 55' lang='lat' dir='ltr'>(Purra,</span> <span class='ocrx_word' id='word_1_64' title='bbox 468 897 593 937; x_wconf 67' lang='lat'>22793.)</span> 
     </span>
    </p>
   </div>
   <div class='ocr_carea' id='block_1_4' title="bbox 566 411 960 448">
    <p class='ocr_par' dir='ltr' id='par_1_5' title="bbox 566 411 960 448">
     <span class='ocr_line' id='line_1_12' title="bbox 566 411 960 448; baseline -0.005 -8"><span class='ocrx_word' id='word_1_65' title='bbox 566 413 655 445; x_wconf 85' lang='lat' dir='ltr'>Rieti,</span> <span class='ocrx_word' id='word_1_66' title='bbox 672 414 686 440; x_wconf 81' lang='lat'>5</span> <span class='ocrx_word' id='word_1_67' title='bbox 702 413 866 448; x_wconf 81' lang='lat' dir='ltr'>septembre</span> <span class='ocrx_word' id='word_1_68' title='bbox 884 411 960 439; x_wconf 77' lang='lat'>1‘288.</span> 
     </span>
    </p>
   </div>
   <div class='ocr_carea' id='block_1_5' title="bbox 103 1068 966 1104">
    <p class='ocr_par' dir='ltr' id='par_1_6' title="bbox 103 1068 966 1104">
     <span class='ocr_line' id='line_1_13' title="bbox 103 1068 966 1104; baseline -0.002 -5"><span class='ocrx_word' id='word_1_69' title='bbox 103 1070 219 1099; x_wconf 64' lang='lat'>&#39;2436</span> <span class='ocrx_word' id='word_1_70' title='bbox 546 1068 640 1101; x_wconf 84' lang='lat' dir='ltr'>Rieti,</span> <span class='ocrx_word' id='word_1_71' title='bbox 661 1069 691 1096; x_wconf 85' lang='lat'>13</span> <span class='ocrx_word' id='word_1_72' title='bbox 707 1070 871 1104; x_wconf 81' lang='lat' dir='ltr'>septembre</span> <span class='ocrx_word' id='word_1_73' title='bbox 890 1070 966 1097; x_wconf 70' lang='lat'>1288.</span> 
     </span>
    </p>
   </div>
   <div class='ocr_carea' id='block_1_6' title="bbox 0 1133 1039 1222">
    <p class='ocr_par' dir='ltr' id='par_1_7' title="bbox 0 1133 1039 1222">
     <span class='ocr_line' id='line_1_14' title="bbox 43 1133 1039 1170; baseline 0 -8"><span class='ocrx_word' id='word_1_74' title='bbox 43 1158 45 1162; x_wconf 87' lang='lat'>.</span> <span class='ocrx_word' id='word_1_75' title='bbox 76 1156 95 1164; x_wconf 89' lang='lat'>..</span> <span class='ocrx_word' id='word_1_76' title='bbox 111 1134 213 1163; x_wconf 81' lang='lat' dir='ltr'>abbati</span> <span class='ocrx_word' id='word_1_77' title='bbox 225 1138 252 1162; x_wconf 78' lang='lat' dir='ltr'>et</span> <span class='ocrx_word' id='word_1_78' title='bbox 264 1134 423 1162; x_wconf 65' lang='lat' dir='ltr'>conventui·</span> <span class='ocrx_word' id='word_1_79' title='bbox 438 1134 620 1162; x_wconf 75' lang='lat' dir='ltr'>monasterii</span> <span class='ocrx_word' id='word_1_80' title='bbox 631 1134 664 1161; x_wconf 79' lang='lat' dir='ltr'>in</span> <span class='ocrx_word' id='word_1_81' title='bbox 674 1133 907 1170; x_wconf 76' lang='lat' dir='ltr'>Halsprunnon,</span> <span class='ocrx_word' id='word_1_82' title='bbox 921 1134 1039 1162; x_wconf 79' lang='lat' dir='ltr'>ordinis</span> 
     </span>
     <span class='ocr_line' id='line_1_15' title="bbox 0 1175 1039 1222; baseline -0.001 -6"><span class='ocrx_word' id='word_1_83' title='bbox 0 1175 2 1202; x_wconf 41' lang='lat'><em>⁸</em></span> <span class='ocrx_word' id='word_1_84' title='bbox 28 1185 248 1222; x_wconf 36' lang='lat' dir='ltr'>»marciensis</span> <span class='ocrx_word' id='word_1_85' title='bbox 265 1186 440 1215; x_wconf 80' lang='lat' dir='ltr'>Eistetensis</span> <span class='ocrx_word' id='word_1_86' title='bbox 454 1184 606 1220; x_wconf 80' lang='lat' dir='ltr'>dioecesis,</span> <span class='ocrx_word' id='word_1_87' title='bbox 624 1185 799 1222; x_wconf 81' lang='lat' dir='ltr'>libertates,</span> <span class='ocrx_word' id='word_1_88' title='bbox 819 1186 1039 1215; x_wconf 87' lang='lat' dir='ltr'>immunitates</span> 
     </span>
    </p>
   </div>
   <div class='ocr_carea' id='block_1_7' title="bbox 26 1239 1041 1395">
    <p class='ocr_par' dir='ltr' id='par_1_8' title="bbox 26 1223 1041 1395">
     <span class='ocr_line' id='line_1_16' title="bbox 30 1239 488 1278; baseline -0.004 -8"><span class='ocrx_word' id='word_1_89' title='bbox 30 1243 66 1275; x_wconf 61' lang='lat' dir='ltr'>‘nt</span> <span class='ocrx_word' id='word_1_90' title='bbox 78 1239 293 1278; x_wconf 85' lang='lat' dir='ltr'>exemptiones</span> <span class='ocrx_word' id='word_1_91' title='bbox 309 1239 488 1268; x_wconf 89' lang='lat' dir='ltr'>confirmat.</span> 
     </span>
     <span class='ocr_line' id='line_1_17' title="bbox 31 1278 1041 1332; baseline 0.002 -12"><span class='ocrx_word' id='word_1_92' title='bbox 31 1278 34 1283; x_wconf 44' lang='lat'>⁵</span> <span class='ocrx_word' id='word_1_93' title='bbox 75 1304 90 1320; x_wconf 72' lang='grc' dir='ltr'><strong>α</strong></span> <span class='ocrx_word' id='word_1_94' title='bbox 102 1292 182 1323; x_wconf 90' lang='lat' dir='ltr'>Cum</span> <span class='ocrx_word' id='word_1_95' title='bbox 195 1301 214 1322; x_wconf 88' lang='lat' dir='ltr'>a</span> <span class='ocrx_word' id='word_1_96' title='bbox 225 1292 355 1322; x_wconf 91' lang='lat' dir='ltr'>nobis...</span> <span class='ocrx_word' id='word_1_97' title='bbox 368 1309 406 1314; x_wconf 96' lang='lat'><strong>—</strong></span> <span class='ocrx_word' id='word_1_98' title='bbox 416 1293 487 1322; x_wconf 85' lang='lat' dir='ltr'>Dat.</span> <span class='ocrx_word' id='word_1_99' title='bbox 503 1292 613 1329; x_wconf 86' lang='lat' dir='ltr'>Reate,</span> <span class='ocrx_word' id='word_1_100' title='bbox 625 1292 732 1322; x_wconf 88' lang='lat' dir='ltr'>idibus</span> <span class='ocrx_word' id='word_1_101' title='bbox 744 1293 941 1332; x_wconf 85' lang='lat' dir='ltr'>septembris,</span> <span class='ocrx_word' id='word_1_102' title='bbox 955 1301 1041 1323; x_wconf 87' lang='lat' dir='ltr'>anno</span> 
     </span>
     <span class='ocr_line' id='line_1_18' title="bbox 26 1341 494 1395; baseline 0.002 -20"><span class='ocrx_word' id='word_1_103' title='bbox 26 1341 148 1395; x_wconf 44' lang='lat' dir='ltr'>Qrimo.</span> <span class='ocrx_word' id='word_1_104' title='bbox 167 1357 181 1372; x_wconf 74' lang='lat' dir='ltr'>n</span> <span class='ocrx_word' id='word_1_105' title='bbox 201 1345 350 1384; x_wconf 60' lang='lat' dir='ltr'>(porra,</span> <span class='ocrx_word' id='word_1_106' title='bbox 368 1345 494 1385; x_wconf 74' lang='lat'>22804.)</span> 
     </span>
    </p>
   </div>
   <div class='ocr_carea' id='block_1_8' title="bbox 30 1422 38 1440">
    <p class='ocr_par' dir='ltr' id='par_1_9' title="bbox 30 1422 38 1440">
     <span class='ocr_line' id='line_1_19' title="bbox 30 1422 38 1440; baseline 0 0"><span class='ocrx_word' id='word_1_107' title='bbox 30 1422 38 1440; x_wconf 64' lang='grc'>1</span> 
     </span>
    </p>
   </div>
   <div class='ocr_carea' id='block_1_9' title="bbox 0 1258 36 3496">
    <p class='ocr_par' dir='ltr' id='par_1_10' title="bbox 0 1258 36 3496">
     <span class='ocr_line' id='line_1_20' title="bbox 0 1258 36 3496; baseline 0 0"><span class='ocrx_word' id='word_1_108' title='bbox 0 1258 36 3496; x_wconf 95' lang='lat' dir='ltr'> </span> 
     </span>
    </p>
   </div>
   <div class='ocr_carea' id='block_1_10' title="bbox 108 1511 221 1539">
    <p class='ocr_par' dir='ltr' id='par_1_11' title="bbox 108 1511 221 1539">
     <span class='ocr_line' id='line_1_21' title="bbox 108 1511 221 1539; baseline 0 0"><span class='ocrx_word' id='word_1_109' title='bbox 108 1511 221 1539; x_wconf 66' lang='lat'>&#39;24:3¹⁷</span> 
     </span>
    </p>
   </div>
   <div class='ocr_carea' id='block_1_11' title="bbox 10 1573 1042 1933">
    <p class='ocr_par' dir='ltr' id='par_1_12' title="bbox 33 1573 1042 1822">
     <span class='ocr_line' id='line_1_22' title="bbox 81 1573 1042 1609; baseline 0 -7"><span class='ocrx_word' id='word_1_110' title='bbox 81 1596 100 1602; x_wconf 94' lang='lat'>..</span> <span class='ocrx_word' id='word_1_111' title='bbox 117 1574 217 1602; x_wconf 81' lang='lat' dir='ltr'>abbati</span> <span class='ocrx_word' id='word_1_112' title='bbox 234 1574 417 1602; x_wconf 78' lang='lat' dir='ltr'>‘monasterii</span> <span class='ocrx_word' id='word_1_113' title='bbox 438 1573 543 1603; x_wconf 78' lang='lat' dir='ltr'>Sancti</span> <span class='ocrx_word' id='word_1_114' title='bbox 560 1574 712 1609; x_wconf 69' lang='lat' dir='ltr'>Azzzbertz&#39;,</span> <span class='ocrx_word' id='word_1_115' title='bbox 731 1596 750 1602; x_wconf 93' lang='lat'>..</span> <span class='ocrx_word' id='word_1_116' title='bbox 775 1574 885 1602; x_wconf 75' lang='lat' dir='ltr'>decano</span> <span class='ocrx_word' id='word_1_117' title='bbox 907 1574 1042 1603; x_wconf 76' lang='lat' dir='ltr'>ecclesiae</span> 
     </span>
     <span class='ocr_line' id='line_1_23' title="bbox 37 1626 1040 1666; baseline -0.002 -8"><span class='ocrx_word' id='word_1_118' title='bbox 37 1626 140 1658; x_wconf 66' lang='lat' dir='ltr'>Sancti</span> <span class='ocrx_word' id='word_1_119' title='bbox 164 1627 324 1663; x_wconf 73' lang='lat' dir='ltr'>Gauyerici</span> <span class='ocrx_word' id='word_1_120' title='bbox 346 1631 372 1655; x_wconf 77' lang='lat' dir='ltr'>et</span> <span class='ocrx_word' id='word_1_121' title='bbox 394 1627 566 1666; x_wconf 77' lang='lat' dir='ltr'>Franconi‚</span> <span class='ocrx_word' id='word_1_122' title='bbox 592 1628 736 1656; x_wconf 80' lang='lat' dir='ltr'>canonico</span> <span class='ocrx_word' id='word_1_123' title='bbox 761 1628 1040 1663; x_wconf 76' lang='lat' dir='ltr'>Cameracensibus,</span> 
     </span>
     <span class='ocr_line' id='line_1_24' title="bbox 33 1679 1042 1718; baseline 0.001 -10"><span class='ocrx_word' id='word_1_124' title='bbox 33 1687 146 1713; x_wconf 66' lang='lat' dir='ltr'>,rursus</span> <span class='ocrx_word' id='word_1_125' title='bbox 162 1687 291 1709; x_wconf 88' lang='lat' dir='ltr'>causam</span> <span class='ocrx_word' id='word_1_126' title='bbox 311 1679 397 1708; x_wconf 89' lang='lat' dir='ltr'>inter</span> <span class='ocrx_word' id='word_1_127' title='bbox 415 1679 660 1709; x_wconf 86' lang='lat' dir='ltr'>universitatem</span> <span class='ocrx_word' id='word_1_128' title='bbox 676 1679 783 1718; x_wconf 84' lang='lat' dir='ltr'>oppidi</span> <span class='ocrx_word' id='word_1_129' title='bbox 799 1679 1042 1710; x_wconf 87' lang='lat' dir='ltr'>Tremoniensis</span> 
     </span>
     <span class='ocr_line' id='line_1_25' title="bbox 33 1721 1040 1789; baseline 0.001 -27"><span class='ocrx_word' id='word_1_130' title='bbox 33 1721 68 1789; x_wconf 54' lang='lat' dir='ltr'>{et</span> <span class='ocrx_word' id='word_1_131' title='bbox 89 1732 247 1763; x_wconf 89' lang='lat' dir='ltr'>decanum</span> <span class='ocrx_word' id='word_1_132' title='bbox 270 1726 429 1763; x_wconf 69' lang='lat' dir='ltr'>ecclesiae</span> <span class='ocrx_word' id='word_1_133' title='bbox 444 1732 578 1763; x_wconf 82' lang='lat' dir='ltr'>Sanctae</span> <span class='ocrx_word' id='word_1_134' title='bbox 599 1733 721 1763; x_wconf 88' lang='lat' dir='ltr'>Mariae</span> <span class='ocrx_word' id='word_1_135' title='bbox 741 1734 781 1763; x_wconf 90' lang='lat' dir='ltr'>ad</span> <span class='ocrx_word' id='word_1_136' title='bbox 804 1733 930 1763; x_wconf 88' lang='lat' dir='ltr'>Gradus</span> <span class='ocrx_word' id='word_1_137' title='bbox 949 1733 1040 1764; x_wconf 91' lang='lat' dir='ltr'>Colo-</span> 
     </span>
     <span class='ocr_line' id='line_1_26' title="bbox 37 1785 804 1822; baseline -0.003 -6"><span class='ocrx_word' id='word_1_138' title='bbox 37 1785 158 1819; x_wconf 71' lang='lat' dir='ltr'>niensis</span> <span class='ocrx_word' id='word_1_139' title='bbox 173 1786 353 1816; x_wconf 86' lang='lat' dir='ltr'>committit.</span> <span class='ocrx_word' id='word_1_140' title='bbox 802 1820 804 1822; x_wconf 33' lang='grc'>,</span> 
     </span>
    </p>

    <p class='ocr_par' dir='ltr' id='par_1_13' title="bbox 10 1831 1042 1933">
     <span class='ocr_line' id='line_1_27' title="bbox 40 1831 1042 1879; baseline 0.006 -13"><span class='ocrx_word' id='word_1_141' title='bbox 40 1831 44 1834; x_wconf 73' lang='grc'><strong>’</strong></span> <span class='ocrx_word' id='word_1_142' title='bbox 78 1850 92 1866; x_wconf 75' lang='grc' dir='ltr'><strong>α</strong></span> <span class='ocrx_word' id='word_1_143' title='bbox 120 1839 352 1877; x_wconf 76' lang='lat' dir='ltr'>significarunt</span> <span class='ocrx_word' id='word_1_144' title='bbox 370 1840 463 1870; x_wconf 89' lang='lat' dir='ltr'>nobis</span> <span class='ocrx_word' id='word_1_145' title='bbox 483 1841 618 1879; x_wconf 82' lang='lat' dir='ltr'>judex...</span> <span class='ocrx_word' id='word_1_146' title='bbox 641 1858 679 1862; x_wconf 91' lang='grc'>--</span> <span class='ocrx_word' id='word_1_147' title='bbox 704 1842 776 1871; x_wconf 85' lang='lat' dir='ltr'>Dat.</span> <span class='ocrx_word' id='word_1_148' title='bbox 800 1842 910 1877; x_wconf 76' lang='lat' dir='ltr'>Reate,</span> <span class='ocrx_word' id='word_1_149' title='bbox 936 1841 1042 1872; x_wconf 90' lang='lat' dir='ltr'>idibus</span> 
     </span>
     <span class='ocr_line' id='line_1_28' title="bbox 10 1893 814 1933; baseline 0.002 -11"><span class='ocrx_word' id='word_1_150' title='bbox 10 1922 12 1925; x_wconf 86' lang='grc'><strong>,</strong></span> <span class='ocrx_word' id='word_1_151' title='bbox 37 1893 234 1932; x_wconf 56' lang='lat' dir='ltr'>septembris,</span> <span class='ocrx_word' id='word_1_152' title='bbox 251 1901 338 1923; x_wconf 89' lang='lat' dir='ltr'>anno</span> <span class='ocrx_word' id='word_1_153' title='bbox 354 1893 469 1932; x_wconf 88' lang='lat' dir='ltr'>primo.</span> <span class='ocrx_word' id='word_1_154' title='bbox 488 1905 502 1920; x_wconf 88' lang='lat'>»</span> <span class='ocrx_word' id='word_1_155' title='bbox 519 1894 670 1932; x_wconf 61' lang='lat' dir='ltr'>(Pomm,</span> <span class='ocrx_word' id='word_1_156' title='bbox 689 1894 814 1933; x_wconf 76' lang='lat'>22805.)</span> 
     </span>
    </p>
   </div>
   <div class='ocr_carea' id='block_1_12' title="bbox 553 1510 968 1545">
    <p class='ocr_par' dir='ltr' id='par_1_14' title="bbox 553 1510 968 1545">
     <span class='ocr_line' id='line_1_29' title="bbox 553 1510 968 1545; baseline 0 -8"><span class='ocrx_word' id='word_1_157' title='bbox 553 1510 643 1545; x_wconf 80' lang='lat' dir='ltr'>Rieti,</span> <span class='ocrx_word' id='word_1_158' title='bbox 664 1511 693 1537; x_wconf 81' lang='lat'>13</span> <span class='ocrx_word' id='word_1_159' title='bbox 710 1511 873 1545; x_wconf 84' lang='lat' dir='ltr'>septembre</span> <span class='ocrx_word' id='word_1_160' title='bbox 892 1511 968 1537; x_wconf 65' lang='lat'>1288.</span> 
     </span>
    </p>
   </div>
   <div class='ocr_carea' id='block_1_13' title="bbox 98 2066 222 2109">
    <p class='ocr_par' dir='ltr' id='par_1_15' title="bbox 98 2066 222 2109">
     <span class='ocr_line' id='line_1_30' title="bbox 98 2066 222 2109; baseline 0 -15"><span class='ocrx_word' id='word_1_161' title='bbox 98 2066 222 2109; x_wconf 61' lang='grc' dir='ltr'>Ιτιιεε</span> 
     </span>
    </p>
   </div>
   <div class='ocr_carea' id='block_1_14' title="bbox 14 2128 1043 2488">
    <p class='ocr_par' dir='ltr' id='par_1_16' title="bbox 14 2128 1043 2369">
     <span class='ocr_line' id='line_1_31' title="bbox 78 2128 1043 2167; baseline 0.003 -9"><span class='ocrx_word' id='word_1_162' title='bbox 78 2151 98 2158; x_wconf 92' lang='grc'>..</span> <span class='ocrx_word' id='word_1_163' title='bbox 115 2129 226 2158; x_wconf 84' lang='lat' dir='ltr'>decano</span> <span class='ocrx_word' id='word_1_164' title='bbox 241 2128 378 2158; x_wconf 76' lang='lat' dir='ltr'>ecclesiae</span> <span class='ocrx_word' id='word_1_165' title='bbox 389 2129 589 2162; x_wconf 80' lang='lat' dir='ltr'>Herrz&#39;densz&#39;s,</span> <span class='ocrx_word' id='word_1_166' title='bbox 605 2130 779 2159; x_wconf 75' lang='lat' dir='ltr'>Eistetensis</span> <span class='ocrx_word' id='word_1_167' title='bbox 791 2131 940 2167; x_wconf 69' lang='lat' dir='ltr'>dioecesis,</span> <span class='ocrx_word' id='word_1_168' title='bbox 954 2140 1043 2161; x_wconf 84' lang='lat' dir='ltr'>man-</span> 
     </span>
     <span class='ocr_line' id='line_1_32' title="bbox 14 2178 1041 2220; baseline 0.004 -11"><span class='ocrx_word' id='word_1_169' title='bbox 14 2196 15 2202; x_wconf 53' lang='lat'>.</span> <span class='ocrx_word' id='word_1_170' title='bbox 37 2178 89 2210; x_wconf 75' lang='lat' dir='ltr'>dat</span> <span class='ocrx_word' id='word_1_171' title='bbox 100 2184 136 2210; x_wconf 82' lang='lat' dir='ltr'>ut</span> <span class='ocrx_word' id='word_1_172' title='bbox 149 2189 185 2209; x_wconf 88' lang='lat' dir='ltr'>ea</span> <span class='ocrx_word' id='word_1_173' title='bbox 201 2189 284 2219; x_wconf 87' lang='lat' dir='ltr'>quae</span> <span class='ocrx_word' id='word_1_174' title='bbox 299 2180 337 2210; x_wconf 89' lang='lat' dir='ltr'>de</span> <span class='ocrx_word' id='word_1_175' title='bbox 355 2181 449 2210; x_wconf 90' lang='lat' dir='ltr'>bonis</span> <span class='ocrx_word' id='word_1_176' title='bbox 467 2182 655 2211; x_wconf 85' lang='lat' dir='ltr'>monasterii</span> <span class='ocrx_word' id='word_1_177' title='bbox 668 2182 703 2211; x_wconf 86' lang='lat' dir='ltr'>in</span> <span class='ocrx_word' id='word_1_178' title='bbox 721 2182 968 2220; x_wconf 86' lang='lat' dir='ltr'>Halsprunnon,</span> <span class='ocrx_word' id='word_1_179' title='bbox 988 2193 1041 2213; x_wconf 92' lang='lat' dir='ltr'>or-</span> 
     </span>
     <span class='ocr_line' id='line_1_33' title="bbox 37 2231 1043 2272; baseline 0.004 -10"><span class='ocrx_word' id='word_1_180' title='bbox 37 2231 120 2263; x_wconf 80' lang='lat' dir='ltr'>dinis</span> <span class='ocrx_word' id='word_1_181' title='bbox 136 2232 374 2270; x_wconf 86' lang='lat' dir='ltr'>Cisterciensis,</span> <span class='ocrx_word' id='word_1_182' title='bbox 392 2234 579 2264; x_wconf 86' lang='lat' dir='ltr'>Eistetensis</span> <span class='ocrx_word' id='word_1_183' title='bbox 594 2235 760 2272; x_wconf 90' lang='lat' dir='ltr'>dioecesis,</span> <span class='ocrx_word' id='word_1_184' title='bbox 777 2235 916 2266; x_wconf 83' lang='lat' dir='ltr'>alienata</span> <span class='ocrx_word' id='word_1_185' title='bbox 931 2236 1043 2266; x_wconf 86' lang='lat' dir='ltr'>illicite</span> 
     </span>
     <span class='ocr_line' id='line_1_34' title="bbox 36 2284 1042 2328; baseline 0.005 -13"><span class='ocrx_word' id='word_1_186' title='bbox 36 2284 84 2315; x_wconf 75' lang='lat' dir='ltr'>vel</span> <span class='ocrx_word' id='word_1_187' title='bbox 101 2285 252 2316; x_wconf 84' lang='lat' dir='ltr'>distracta</span> <span class='ocrx_word' id='word_1_188' title='bbox 268 2286 450 2324; x_wconf 88' lang='lat' dir='ltr'>invenerit,</span> <span class='ocrx_word' id='word_1_189' title='bbox 472 2287 512 2316; x_wconf 88' lang='lat' dir='ltr'>ad</span> <span class='ocrx_word' id='word_1_190' title='bbox 526 2288 580 2326; x_wconf 76' lang='lat' dir='ltr'>Jus</span> <span class='ocrx_word' id='word_1_191' title='bbox 600 2292 631 2317; x_wconf 86' lang='lat' dir='ltr'>et</span> <span class='ocrx_word' id='word_1_192' title='bbox 649 2288 874 2327; x_wconf 82' lang='lat' dir='ltr'>proprietatem</span> <span class='ocrx_word' id='word_1_193' title='bbox 896 2289 1042 2328; x_wconf 86' lang='lat' dir='ltr'>ejusdem</span> 
     </span>
     <span class='ocr_line' id='line_1_35' title="bbox 14 2340 168 2369; baseline -0.006 0"><span class='ocrx_word' id='word_1_194' title='bbox 14 2358 16 2361; x_wconf 83' lang='lat'><em>·</em></span> <span class='ocrx_word' id='word_1_195' title='bbox 35 2340 168 2369; x_wconf 71' lang='lat' dir='ltr'>revocet.</span> 
     </span>
    </p>

    <p class='ocr_par' dir='ltr' id='par_1_17' title="bbox 37 2392 1041 2488">
     <span class='ocr_line' id='line_1_36' title="bbox 76 2392 1041 2436; baseline 0.006 -15"><span class='ocrx_word' id='word_1_196' title='bbox 76 2403 90 2420; x_wconf 72' lang='grc' dir='ltr'>ε</span> <span class='ocrx_word' id='word_1_197' title='bbox 110 2392 160 2422; x_wconf 90' lang='lat' dir='ltr'>Ad</span> <span class='ocrx_word' id='word_1_198' title='bbox 176 2393 377 2423; x_wconf 84' lang='lat' dir='ltr'>audientiam</span> <span class='ocrx_word' id='word_1_199' title='bbox 389 2398 568 2425; x_wconf 86' lang='lat' dir='ltr'>nostram...</span> <span class='ocrx_word' id='word_1_200' title='bbox 582 2412 621 2418; x_wconf 95' lang='lat'>—</span> <span class='ocrx_word' id='word_1_201' title='bbox 637 2396 708 2425; x_wconf 86' lang='lat' dir='ltr'>Dat.</span> <span class='ocrx_word' id='word_1_202' title='bbox 725 2397 834 2433; x_wconf 82' lang='lat' dir='ltr'>Reate,</span> <span class='ocrx_word' id='word_1_203' title='bbox 851 2396 959 2426; x_wconf 89' lang='lat' dir='ltr'>idibus</span> <span class='ocrx_word' id='word_1_204' title='bbox 972 2406 1041 2436; x_wconf 89' lang='lat' dir='ltr'>sep-</span> 
     </span>
     <span class='ocr_line' id='line_1_37' title="bbox 37 2444 763 2488; baseline 0.006 -14"><span class='ocrx_word' id='word_1_205' title='bbox 37 2444 178 2483; x_wconf 70' lang='lat' dir='ltr'>tembris,</span> <span class='ocrx_word' id='word_1_206' title='bbox 194 2454 282 2476; x_wconf 90' lang='lat' dir='ltr'>anno</span> <span class='ocrx_word' id='word_1_207' title='bbox 298 2446 414 2485; x_wconf 91' lang='lat' dir='ltr'>primo.</span> <span class='ocrx_word' id='word_1_208' title='bbox 436 2458 449 2474; x_wconf 75' lang='lat'>1&gt;</span> <span class='ocrx_word' id='word_1_209' title='bbox 468 2447 621 2486; x_wconf 50' lang='lat' dir='ltr'>(Formi,</span> <span class='ocrx_word' id='word_1_210' title='bbox 638 2449 763 2488; x_wconf 75' lang='lat'>22806.)</span> 
     </span>
    </p>
   </div>
   <div class='ocr_carea' id='block_1_15' title="bbox 557 2065 969 2102">
    <p class='ocr_par' dir='ltr' id='par_1_18' title="bbox 557 2065 969 2102">
     <span class='ocr_line' id='line_1_38' title="bbox 557 2065 969 2102; baseline 0.007 -10"><span class='ocrx_word' id='word_1_211' title='bbox 557 2065 645 2097; x_wconf 69' lang='lat' dir='ltr'>Rieu,</span> <span class='ocrx_word' id='word_1_212' title='bbox 665 2067 695 2093; x_wconf 82' lang='lat'>13</span> <span class='ocrx_word' id='word_1_213' title='bbox 712 2068 875 2102; x_wconf 80' lang='lat' dir='ltr'>septembre</span> <span class='ocrx_word' id='word_1_214' title='bbox 895 2069 969 2095; x_wconf 68' lang='lat'>1288.</span> 
     </span>
    </p>
   </div>
   <div class='ocr_carea' id='block_1_16' title="bbox 107 2610 222 2638">
    <p class='ocr_par' dir='ltr' id='par_1_19' title="bbox 107 2610 222 2638">
     <span class='ocr_line' id='line_1_39' title="bbox 107 2610 222 2638; baseline 0 0"><span class='ocrx_word' id='word_1_215' title='bbox 107 2610 222 2638; x_wconf 65' lang='lat'>&#39;2439</span> 
     </span>
    </p>
   </div>
   <div class='ocr_carea' id='block_1_17' title="bbox 77 2672 1042 2709">
    <p class='ocr_par' dir='ltr' id='par_1_20' title="bbox 77 2672 1042 2709">
     <span class='ocr_line' id='line_1_40' title="bbox 77 2672 1042 2709; baseline 0.007 -7"><span class='ocrx_word' id='word_1_216' title='bbox 77 2672 253 2703; x_wconf 62' lang='lat' dir='ltr'>nonasterii</span> <span class='ocrx_word' id='word_1_217' title='bbox 283 2675 545 2705; x_wconf 75' lang='lat' dir='ltr'>Heilsbronnensis</span> <span class='ocrx_word' id='word_1_218' title='bbox 571 2675 734 2707; x_wconf 81' lang='lat' dir='ltr'>libertates</span> <span class='ocrx_word' id='word_1_219' title='bbox 763 2682 792 2707; x_wconf 90' lang='lat' dir='ltr'>et</span> <span class='ocrx_word' id='word_1_220' title='bbox 822 2679 1042 2709; x_wconf 87' lang='lat' dir='ltr'>immunitates</span> 
     </span>
    </p>
   </div>
   <div class='ocr_carea' id='block_1_18' title="bbox 37 2725 1007 2819">
    <p class='ocr_par' dir='ltr' id='par_1_21' title="bbox 37 2725 1007 2819">
     <span class='ocr_line' id='line_1_41' title="bbox 38 2725 1007 2771; baseline 0.007 -16"><span class='ocrx_word' id='word_1_221' title='bbox 38 2725 214 2756; x_wconf 69' lang='lat' dir='ltr'>confirmat.</span> <span class='ocrx_word' id='word_1_222' title='bbox 232 2727 304 2757; x_wconf 87' lang='lat' dir='ltr'>Dat.</span> <span class='ocrx_word' id='word_1_223' title='bbox 322 2727 432 2764; x_wconf 86' lang='lat' dir='ltr'>Reate,</span> <span class='ocrx_word' id='word_1_224' title='bbox 449 2728 558 2759; x_wconf 90' lang='lat' dir='ltr'>idibus</span> <span class='ocrx_word' id='word_1_225' title='bbox 573 2730 773 2768; x_wconf 87' lang='lat' dir='ltr'>septembris,</span> <span class='ocrx_word' id='word_1_226' title='bbox 791 2740 877 2761; x_wconf 87' lang='lat' dir='ltr'>anno</span> <span class='ocrx_word' id='word_1_227' title='bbox 893 2732 1007 2771; x_wconf 91' lang='lat' dir='ltr'>primo.</span> 
     </span>
     <span class='ocr_line' id='line_1_42' title="bbox 37 2775 328 2819; baseline 0.007 -11"><span class='ocrx_word' id='word_1_228' title='bbox 37 2775 184 2816; x_wconf 62' lang='lat' dir='ltr'>(Pom-Tm,</span> <span class='ocrx_word' id='word_1_229' title='bbox 205 2779 328 2819; x_wconf 76' lang='lat'>22808.)</span> 
     </span>
    </p>
   </div>
   <div class='ocr_carea' id='block_1_19' title="bbox 556 2612 968 2648">
    <p class='ocr_par' dir='ltr' id='par_1_22' title="bbox 556 2612 968 2648">
     <span class='ocr_line' id='line_1_43' title="bbox 556 2612 968 2648; baseline 0.01 -9"><span class='ocrx_word' id='word_1_230' title='bbox 556 2612 645 2643; x_wconf 86' lang='lat' dir='ltr'>Rieti,</span> <span class='ocrx_word' id='word_1_231' title='bbox 664 2613 695 2640; x_wconf 85' lang='lat'>13</span> <span class='ocrx_word' id='word_1_232' title='bbox 711 2615 873 2648; x_wconf 81' lang='lat' dir='ltr'>septembre</span> <span class='ocrx_word' id='word_1_233' title='bbox 893 2616 968 2643; x_wconf 67' lang='lat'>1288.</span> 
     </span>
    </p>
   </div>
   <div class='ocr_carea' id='block_1_20' title="bbox 107 2942 971 2984">
    <p class='ocr_par' dir='ltr' id='par_1_23' title="bbox 107 2942 971 2984">
     <span class='ocr_line' id='line_1_44' title="bbox 107 2942 971 2984; baseline 0.014 -19"><span class='ocrx_word' id='word_1_234' title='bbox 107 2942 223 2971; x_wconf 64' lang='lat'><strong>’2440</strong></span> <span class='ocrx_word' id='word_1_235' title='bbox 561 2945 649 2977; x_wconf 86' lang='lat' dir='ltr'>Rieti,</span> <span class='ocrx_word' id='word_1_236' title='bbox 670 2948 697 2973; x_wconf 87' lang='grc'>17</span> <span class='ocrx_word' id='word_1_237' title='bbox 714 2950 877 2984; x_wconf 83' lang='lat' dir='ltr'>septembre</span> <span class='ocrx_word' id='word_1_238' title='bbox 895 2950 971 2977; x_wconf 64' lang='lat'>1288.</span> 
     </span>
    </p>
   </div>
   <div class='ocr_carea' id='block_1_21' title="bbox 78 3005 1043 3100">
    <p class='ocr_par' dir='ltr' id='par_1_24' title="bbox 78 3005 1043 3100">
     <span class='ocr_line' id='line_1_45' title="bbox 78 3005 1043 3052; baseline 0.012 -19"><span class='ocrx_word' id='word_1_239' title='bbox 78 3025 99 3034; x_wconf 89' lang='lat'>..</span> <span class='ocrx_word' id='word_1_240' title='bbox 115 3006 247 3043; x_wconf 77' lang='lat' dir='ltr'>episcopo</span> <span class='ocrx_word' id='word_1_241' title='bbox 266 3005 449 3036; x_wconf 74' lang='lat' dir='ltr'>Tornacensi</span> <span class='ocrx_word' id='word_1_242' title='bbox 463 3007 596 3038; x_wconf 85' lang='lat' dir='ltr'>mandat</span> <span class='ocrx_word' id='word_1_243' title='bbox 611 3013 647 3039; x_wconf 91' lang='lat' dir='ltr'>ut</span> <span class='ocrx_word' id='word_1_244' title='bbox 660 3010 792 3042; x_wconf 89' lang='lat' dir='ltr'>clericos</span> <span class='ocrx_word' id='word_1_245' title='bbox 805 3021 881 3043; x_wconf 88' lang='lat' dir='ltr'>suae</span> <span class='ocrx_word' id='word_1_246' title='bbox 890 3014 1043 3052; x_wconf 87' lang='lat' dir='ltr'>jurisdic-</span> 
     </span>
     <span class='ocr_line' id='line_1_46' title="bbox 177 3070 468 3100; baseline 0.007 -3"><span class='ocrx_word' id='word_1_247' title='bbox 177 3070 250 3098; x_wconf 67' lang='lat' dir='ltr'>Rae.</span> <span class='ocrx_word' id='word_1_248' title='bbox 272 3070 396 3098; x_wconf 68' lang='lat' dir='ltr'>Niconn</span> <span class='ocrx_word' id='word_1_249' title='bbox 415 3071 468 3100; x_wconf 89' lang='lat' dir='ltr'>IV.</span> 
     </span>
    </p>
   </div>
   <div class='ocr_carea' id='block_1_22' title="bbox 1116 409 2130 766">
    <p class='ocr_par' dir='ltr' id='par_1_25' title="bbox 1116 409 2128 658">
     <span class='ocr_line' id='line_1_47' title="bbox 1116 409 2127 448; baseline 0.001 -10"><span class='ocrx_word' id='word_1_250' title='bbox 1116 409 1197 439; x_wconf 89' lang='lat' dir='ltr'>tioni</span> <span class='ocrx_word' id='word_1_251' title='bbox 1216 410 1373 448; x_wconf 87' lang='lat' dir='ltr'>subjectos</span> <span class='ocrx_word' id='word_1_252' title='bbox 1393 409 1449 448; x_wconf 87' lang='lat' dir='ltr'>qui</span> <span class='ocrx_word' id='word_1_253' title='bbox 1472 410 1506 439; x_wconf 92' lang='lat' dir='ltr'>in</span> <span class='ocrx_word' id='word_1_254' title='bbox 1532 409 1768 448; x_wconf 88' lang='lat' dir='ltr'>praejudicinm</span> <span class='ocrx_word' id='word_1_255' title='bbox 1787 409 1923 439; x_wconf 85' lang='lat' dir='ltr'>dominii</span> <span class='ocrx_word' id='word_1_256' title='bbox 1946 410 2127 448; x_wconf 84' lang='lat' dir='ltr'>temporalis</span> 
     </span>
     <span class='ocr_line' id='line_1_48' title="bbox 1116 461 2128 500; baseline 0 -9"><span class='ocrx_word' id='word_1_257' title='bbox 1116 461 1291 499; x_wconf 88' lang='lat' dir='ltr'>Gnidonis‚</span> <span class='ocrx_word' id='word_1_258' title='bbox 1311 462 1438 492; x_wconf 86' lang='lat' dir='ltr'>comitis</span> <span class='ocrx_word' id='word_1_259' title='bbox 1458 462 1648 498; x_wconf 87' lang='lat' dir='ltr'>Flandriae,</span> <span class='ocrx_word' id='word_1_260' title='bbox 1666 461 1857 497; x_wconf 84' lang='lat' dir='ltr'>homicidia,</span> <span class='ocrx_word' id='word_1_261' title='bbox 1878 462 1977 498; x_wconf 86' lang='lat' dir='ltr'>furta,</span> <span class='ocrx_word' id='word_1_262' title='bbox 2000 463 2128 500; x_wconf 85' lang='lat' dir='ltr'>rapinas</span> 
     </span>
     <span class='ocr_line' id='line_1_49' title="bbox 1117 514 2127 553; baseline 0.001 -10"><span class='ocrx_word' id='word_1_263' title='bbox 1117 518 1147 543; x_wconf 87' lang='lat' dir='ltr'>et</span> <span class='ocrx_word' id='word_1_264' title='bbox 1163 523 1309 544; x_wconf 79' lang='lat' dir='ltr'>excessus</span> <span class='ocrx_word' id='word_1_265' title='bbox 1326 514 1408 544; x_wconf 88' lang='lat' dir='ltr'>alios</span> <span class='ocrx_word' id='word_1_266' title='bbox 1429 515 1651 545; x_wconf 84' lang='lat' dir='ltr'>commiserint</span> <span class='ocrx_word' id='word_1_267' title='bbox 1672 514 1720 543; x_wconf 89' lang='lat' dir='ltr'>vel</span> <span class='ocrx_word' id='word_1_268' title='bbox 1741 514 1866 552; x_wconf 85' lang='lat' dir='ltr'>public-e</span> <span class='ocrx_word' id='word_1_269' title='bbox 1886 523 1974 543; x_wconf 89' lang='lat' dir='ltr'>arma</span> <span class='ocrx_word' id='word_1_270' title='bbox 1995 524 2049 553; x_wconf 87' lang='lat' dir='ltr'>per</span> <span class='ocrx_word' id='word_1_271' title='bbox 2067 520 2127 544; x_wconf 82' lang='lat' dir='ltr'>ter-</span> 
     </span>
     <span class='ocr_line' id='line_1_50' title="bbox 1119 567 2126 606; baseline 0.002 -10"><span class='ocrx_word' id='word_1_272' title='bbox 1119 575 1186 596; x_wconf 86' lang='lat' dir='ltr'>ram</span> <span class='ocrx_word' id='word_1_273' title='bbox 1203 567 1350 606; x_wconf 86' lang='lat' dir='ltr'>ejusdem</span> <span class='ocrx_word' id='word_1_274' title='bbox 1375 568 1500 598; x_wconf 85' lang='lat' dir='ltr'>comitis</span> <span class='ocrx_word' id='word_1_275' title='bbox 1519 567 1693 597; x_wconf 81' lang='lat' dir='ltr'>detulerint</span> <span class='ocrx_word' id='word_1_276' title='bbox 1710 568 1875 597; x_wconf 76' lang='lat' dir='ltr'>severitate</span> <span class='ocrx_word' id='word_1_277' title='bbox 1891 568 2043 598; x_wconf 88' lang='lat' dir='ltr'>canonica</span> <span class='ocrx_word' id='word_1_278' title='bbox 2059 577 2126 598; x_wconf 90' lang='lat' dir='ltr'>cas-</span> 
     </span>
     <span class='ocr_line' id='line_1_51' title="bbox 1119 621 1206 658; baseline 0.011 -9"><span class='ocrx_word' id='word_1_279' title='bbox 1119 621 1206 658; x_wconf 84' lang='lat' dir='ltr'>tiget.</span> 
     </span>
    </p>

    <p class='ocr_par' dir='ltr' id='par_1_26' title="bbox 1121 674 2130 766">
     <span class='ocr_line' id='line_1_52' title="bbox 1162 674 2130 712; baseline 0.003 -11"><span class='ocrx_word' id='word_1_280' title='bbox 1162 685 1175 700; x_wconf 73' lang='lat' dir='ltr'>a</span> <span class='ocrx_word' id='word_1_281' title='bbox 1195 674 1307 712; x_wconf 87' lang='lat' dir='ltr'>Nuper</span> <span class='ocrx_word' id='word_1_282' title='bbox 1323 674 1362 703; x_wconf 88' lang='lat' dir='ltr'>ad</span> <span class='ocrx_word' id='word_1_283' title='bbox 1378 678 1563 704; x_wconf 86' lang='lat' dir='ltr'>nostrum...</span> <span class='ocrx_word' id='word_1_284' title='bbox 1582 691 1621 694; x_wconf 83' lang='lat'>—</span> <span class='ocrx_word' id='word_1_285' title='bbox 1641 674 1708 703; x_wconf 84' lang='lat' dir='ltr'>Dat.</span> <span class='ocrx_word' id='word_1_286' title='bbox 1730 675 1837 711; x_wconf 80' lang='lat' dir='ltr'>Reate,</span> <span class='ocrx_word' id='word_1_287' title='bbox 1855 684 1894 703; x_wconf 79' lang='lat' dir='ltr'>xv</span> <span class='ocrx_word' id='word_1_288' title='bbox 1910 674 2063 704; x_wconf 80' lang='lat' dir='ltr'>kalendas</span> <span class='ocrx_word' id='word_1_289' title='bbox 2078 684 2130 704; x_wconf 83' lang='lat' dir='ltr'>oc-</span> 
     </span>
     <span class='ocr_line' id='line_1_53' title="bbox 1121 726 1817 766; baseline 0.001 -11"><span class='ocrx_word' id='word_1_290' title='bbox 1121 726 1230 762; x_wconf 84' lang='lat' dir='ltr'>tobris,</span> <span class='ocrx_word' id='word_1_291' title='bbox 1250 735 1336 756; x_wconf 90' lang='lat' dir='ltr'>anno</span> <span class='ocrx_word' id='word_1_292' title='bbox 1355 727 1468 765; x_wconf 89' lang='lat' dir='ltr'>primo.</span> <span class='ocrx_word' id='word_1_293' title='bbox 1489 738 1502 752; x_wconf 75' lang='lat' dir='ltr'>n</span> <span class='ocrx_word' id='word_1_294' title='bbox 1519 726 1671 765; x_wconf 52' lang='lat' dir='ltr'>(Perre,</span> <span class='ocrx_word' id='word_1_295' title='bbox 1692 727 1817 766; x_wconf 64' lang='lat'>22809.)</span> 
     </span>
    </p>
   </div>
   <div class='ocr_carea' id='block_1_23' title="bbox 1195 917 2057 953">
    <p class='ocr_par' dir='ltr' id='par_1_27' title="bbox 1195 917 2057 953">
     <span class='ocr_line' id='line_1_54' title="bbox 1195 917 2057 953; baseline 0.002 -8"><span class='ocrx_word' id='word_1_296' title='bbox 1195 918 1305 945; x_wconf 58' lang='lat'>2441</span> <span class='ocrx_word' id='word_1_297' title='bbox 1642 917 1729 948; x_wconf 77' lang='lat' dir='ltr'>Rieu,</span> <span class='ocrx_word' id='word_1_298' title='bbox 1753 919 1780 943; x_wconf 78' lang='grc'>17</span> <span class='ocrx_word' id='word_1_299' title='bbox 1797 919 1961 953; x_wconf 84' lang='lat' dir='ltr'>septembre</span> <span class='ocrx_word' id='word_1_300' title='bbox 1980 919 2057 947; x_wconf 57' lang='lat'>1288.</span> 
     </span>
    </p>
   </div>
   <div class='ocr_carea' id='block_1_24' title="bbox 1122 980 2130 1126">
    <p class='ocr_par' dir='ltr' id='par_1_28' title="bbox 1122 980 2130 1126">
     <span class='ocr_line' id='line_1_55' title="bbox 1162 980 2130 1016; baseline 0.002 -7"><span class='ocrx_word' id='word_1_301' title='bbox 1162 981 1320 1016; x_wconf 67' lang='lat' dir='ltr'>Isatetlae,</span> <span class='ocrx_word' id='word_1_302' title='bbox 1340 981 1508 1010; x_wconf 78' lang='lat' dir='ltr'>comitissae</span> <span class='ocrx_word' id='word_1_303' title='bbox 1528 980 1709 1015; x_wconf 77' lang='lat' dir='ltr'>Flandriae,</span> <span class='ocrx_word' id='word_1_304' title='bbox 1730 980 1891 1009; x_wconf 78' lang='lat' dir='ltr'>licentiam</span> <span class='ocrx_word' id='word_1_305' title='bbox 1913 982 2059 1011; x_wconf 83' lang='lat' dir='ltr'>concedit</span> <span class='ocrx_word' id='word_1_306' title='bbox 2078 983 2130 1011; x_wconf 90' lang='lat' dir='ltr'>iu-</span> 
     </span>
     <span class='ocr_line' id='line_1_56' title="bbox 1123 1032 2129 1070; baseline 0.004 -9"><span class='ocrx_word' id='word_1_307' title='bbox 1123 1032 1289 1070; x_wconf 78' lang='lat' dir='ltr'>grediendi</span> <span class='ocrx_word' id='word_1_308' title='bbox 1310 1033 1441 1062; x_wconf 91' lang='lat' dir='ltr'>domum</span> <span class='ocrx_word' id='word_1_309' title='bbox 1459 1033 1581 1063; x_wconf 85' lang='lat' dir='ltr'>ordinis</span> <span class='ocrx_word' id='word_1_310' title='bbox 1597 1032 1731 1062; x_wconf 80' lang='lat' dir='ltr'>fratrum</span> <span class='ocrx_word' id='word_1_311' title='bbox 1748 1034 1911 1063; x_wconf 89' lang='lat' dir='ltr'>minorum</span> <span class='ocrx_word' id='word_1_312' title='bbox 1930 1043 1947 1063; x_wconf 93' lang='lat' dir='ltr'>a</span> <span class='ocrx_word' id='word_1_313' title='bbox 1965 1034 2129 1065; x_wconf 83' lang='lat' dir='ltr'>Gnidone.</span> 
     </span>
     <span class='ocr_line' id='line_1_57' title="bbox 1122 1086 2128 1126; baseline 0.002 -11"><span class='ocrx_word' id='word_1_314' title='bbox 1122 1086 1223 1125; x_wconf 89' lang='lat' dir='ltr'>ipsius</span> <span class='ocrx_word' id='word_1_315' title='bbox 1244 1087 1396 1125; x_wconf 82' lang='lat' dir='ltr'>conjuge,</span> <span class='ocrx_word' id='word_1_316' title='bbox 1417 1087 1452 1116; x_wconf 92' lang='lat' dir='ltr'>in</span> <span class='ocrx_word' id='word_1_317' title='bbox 1479 1087 1644 1126; x_wconf 87' lang='lat' dir='ltr'>parrochia</span> <span class='ocrx_word' id='word_1_318' title='bbox 1665 1086 1703 1116; x_wconf 88' lang='lat' dir='ltr'>de</span> <span class='ocrx_word' id='word_1_319' title='bbox 1727 1086 1883 1117; x_wconf 88' lang='lat' dir='ltr'>Werkino</span> <span class='ocrx_word' id='word_1_320' title='bbox 1903 1092 2128 1118; x_wconf 79' lang='lat' dir='ltr'>constructam.</span> 
     </span>
    </p>
   </div>
   <div class='ocr_carea' id='block_1_25' title="bbox 1124 1139 2129 1230">
    <p class='ocr_par' dir='ltr' id='par_1_29' title="bbox 1124 1139 2129 1230">
     <span class='ocr_line' id='line_1_58' title="bbox 1124 1139 2129 1180; baseline 0.003 -12"><span class='ocrx_word' id='word_1_321' title='bbox 1124 1140 1195 1168; x_wconf 88' lang='lat' dir='ltr'>Dat.</span> <span class='ocrx_word' id='word_1_322' title='bbox 1218 1140 1325 1176; x_wconf 77' lang='lat' dir='ltr'>Reate,</span> <span class='ocrx_word' id='word_1_323' title='bbox 1343 1148 1383 1169; x_wconf 82' lang='lat' dir='ltr'>xv</span> <span class='ocrx_word' id='word_1_324' title='bbox 1400 1139 1554 1169; x_wconf 86' lang='lat' dir='ltr'>kalendas</span> <span class='ocrx_word' id='word_1_325' title='bbox 1570 1140 1722 1176; x_wconf 83' lang='lat' dir='ltr'>octobris,</span> <span class='ocrx_word' id='word_1_326' title='bbox 1739 1149 1825 1170; x_wconf 88' lang='lat' dir='ltr'>anno</span> <span class='ocrx_word' id='word_1_327' title='bbox 1842 1141 1955 1179; x_wconf 86' lang='lat' dir='ltr'>primo.</span> <span class='ocrx_word' id='word_1_328' title='bbox 1971 1141 2108 1180; x_wconf 80' lang='grc' dir='ltr'>(ΡοΤΤΗ.</span> <span class='ocrx_word' id='word_1_329' title='bbox 2122 1165 2129 1177; x_wconf 91' lang='lat'>,</span> 
     </span>
     <span class='ocr_line' id='line_1_59' title="bbox 1125 1192 1246 1230; baseline 0.008 -9"><span class='ocrx_word' id='word_1_330' title='bbox 1125 1192 1246 1230; x_wconf 72' lang='lat'>22810.)</span> 
     </span>
    </p>
   </div>
   <div class='ocr_carea' id='block_1_26' title="bbox 1197 1387 1311 1415">
    <p class='ocr_par' dir='ltr' id='par_1_30' title="bbox 1197 1387 1311 1415">
     <span class='ocr_line' id='line_1_60' title="bbox 1197 1387 1311 1415; baseline -0.009 0"><span class='ocrx_word' id='word_1_331' title='bbox 1197 1387 1311 1415; x_wconf 57' lang='lat'>2442</span> 
     </span>
    </p>
   </div>
   <div class='ocr_carea' id='block_1_27' title="bbox 1125 1448 2133 1648">
    <p class='ocr_par' dir='ltr' id='par_1_31' title="bbox 1125 1448 2133 1648">
     <span class='ocr_line' id='line_1_61' title="bbox 1166 1448 2133 1489; baseline 0.003 -11"><span class='ocrx_word' id='word_1_332' title='bbox 1166 1448 1314 1485; x_wconf 75' lang='lat' dir='ltr'>Gnidoni,</span> <span class='ocrx_word' id='word_1_333' title='bbox 1344 1450 1448 1478; x_wconf 73' lang='lat' dir='ltr'>comiti</span> <span class='ocrx_word' id='word_1_334' title='bbox 1472 1449 1655 1486; x_wconf 78' lang='lat' dir='ltr'>Flandriae,</span> <span class='ocrx_word' id='word_1_335' title='bbox 1679 1450 1825 1479; x_wconf 84' lang='lat' dir='ltr'>concedit</span> <span class='ocrx_word' id='word_1_336' title='bbox 1851 1459 1891 1480; x_wconf 91' lang='lat' dir='ltr'>ne</span> <span class='ocrx_word' id='word_1_337' title='bbox 1917 1451 1988 1489; x_wconf 88' lang='lat' dir='ltr'>quis</span> <span class='ocrx_word' id='word_1_338' title='bbox 2011 1451 2133 1488; x_wconf 83' lang='lat' dir='ltr'>legatus</span> 
     </span>
     <span class='ocr_line' id='line_1_62' title="bbox 1125 1502 2133 1542; baseline 0.002 -11"><span class='ocrx_word' id='word_1_339' title='bbox 1125 1502 1314 1540; x_wconf 83' lang='lat' dir='ltr'>apostolicae</span> <span class='ocrx_word' id='word_1_340' title='bbox 1336 1502 1422 1531; x_wconf 87' lang='lat' dir='ltr'>sedis</span> <span class='ocrx_word' id='word_1_341' title='bbox 1440 1502 1490 1532; x_wconf 86' lang='lat' dir='ltr'>vel</span> <span class='ocrx_word' id='word_1_342' title='bbox 1511 1502 1734 1540; x_wconf 83' lang='lat' dir='ltr'>subdelegatus</span> <span class='ocrx_word' id='word_1_343' title='bbox 1754 1507 1862 1532; x_wconf 85' lang='lat' dir='ltr'>contra</span> <span class='ocrx_word' id='word_1_344' title='bbox 1878 1513 1952 1533; x_wconf 86' lang='lat' dir='ltr'>eum</span> <span class='ocrx_word' id='word_1_345' title='bbox 1971 1513 2026 1542; x_wconf 85' lang='lat' dir='ltr'>per</span> <span class='ocrx_word' id='word_1_346' title='bbox 2042 1504 2133 1533; x_wconf 86' lang='lat' dir='ltr'>bien-</span> 
     </span>
     <span class='ocr_line' id='line_1_63' title="bbox 1126 1555 2131 1595; baseline 0.002 -11"><span class='ocrx_word' id='word_1_347' title='bbox 1126 1556 1219 1585; x_wconf 88' lang='lat' dir='ltr'>nium</span> <span class='ocrx_word' id='word_1_348' title='bbox 1236 1555 1578 1585; x_wconf 74' lang='lat' dir='ltr'>excommunicationis</span> <span class='ocrx_word' id='word_1_349' title='bbox 1595 1556 1789 1585; x_wconf 85' lang='lat' dir='ltr'>sententiam</span> <span class='ocrx_word' id='word_1_350' title='bbox 1805 1556 2007 1594; x_wconf 85' lang='lat' dir='ltr'>promulgare</span> <span class='ocrx_word' id='word_1_351' title='bbox 2023 1558 2131 1595; x_wconf 82' lang='lat' dir='ltr'>possit.</span> 
     </span>
     <span class='ocr_line' id='line_1_64' title="bbox 1127 1608 2100 1648; baseline 0.001 -10"><span class='ocrx_word' id='word_1_352' title='bbox 1127 1609 1198 1638; x_wconf 87' lang='lat' dir='ltr'>Dat.</span> <span class='ocrx_word' id='word_1_353' title='bbox 1215 1619 1233 1638; x_wconf 74' lang='lat' dir='ltr'>x</span> <span class='ocrx_word' id='word_1_354' title='bbox 1249 1608 1402 1638; x_wconf 83' lang='lat' dir='ltr'>kalendas</span> <span class='ocrx_word' id='word_1_355' title='bbox 1417 1609 1565 1645; x_wconf 85' lang='lat' dir='ltr'>octobris,</span> <span class='ocrx_word' id='word_1_356' title='bbox 1581 1617 1667 1639; x_wconf 88' lang='lat' dir='ltr'>anno</span> <span class='ocrx_word' id='word_1_357' title='bbox 1682 1609 1796 1647; x_wconf 89' lang='lat' dir='ltr'>primo.</span> <span class='ocrx_word' id='word_1_358' title='bbox 1813 1610 1960 1646; x_wconf 55' lang='lat' dir='ltr'>(Pomm,</span> <span class='ocrx_word' id='word_1_359' title='bbox 1978 1610 2100 1648; x_wconf 64' lang='lat'>2281-2.)</span> 
     </span>
    </p>
   </div>
   <div class='ocr_carea' id='block_1_28' title="bbox 1644 1387 2059 1422">
    <p class='ocr_par' dir='ltr' id='par_1_32' title="bbox 1644 1387 2059 1422">
     <span class='ocr_line' id='line_1_65' title="bbox 1644 1387 2059 1422; baseline 0 -9"><span class='ocrx_word' id='word_1_360' title='bbox 1644 1387 1730 1418; x_wconf 81' lang='lat' dir='ltr'>Rieti,</span> <span class='ocrx_word' id='word_1_361' title='bbox 1752 1387 1785 1414; x_wconf 66' lang='lat'>22</span> <span class='ocrx_word' id='word_1_362' title='bbox 1803 1388 1965 1422; x_wconf 80' lang='lat' dir='ltr'>septembre</span> <span class='ocrx_word' id='word_1_363' title='bbox 1985 1388 2059 1415; x_wconf 58' lang='lat'>1285.</span> 
     </span>
    </p>
   </div>
   <div class='ocr_carea' id='block_1_29' title="bbox 1198 1801 1451 1830">
    <p class='ocr_par' dir='ltr' id='par_1_33' title="bbox 1198 1801 1451 1830">
     <span class='ocr_line' id='line_1_66' title="bbox 1198 1801 1451 1830; baseline 0.008 -2"><span class='ocrx_word' id='word_1_364' title='bbox 1198 1801 1451 1830; x_wconf 52' lang='lat'><strong>2443-2444</strong></span> 
     </span>
    </p>
   </div>
   <div class='ocr_carea' id='block_1_30' title="bbox 1125 1863 2135 2326">
    <p class='ocr_par' dir='ltr' id='par_1_34' title="bbox 1126 1863 2135 2167">
     <span class='ocr_line' id='line_1_67' title="bbox 1167 1863 2134 1903; baseline 0 -10"><span class='ocrx_word' id='word_1_365' title='bbox 1167 1865 1314 1898; x_wconf 80' lang='lat' dir='ltr'>Guidom&#39;,</span> <span class='ocrx_word' id='word_1_366' title='bbox 1333 1865 1438 1893; x_wconf 74' lang='lat' dir='ltr'>comiti</span> <span class='ocrx_word' id='word_1_367' title='bbox 1454 1864 1636 1899; x_wconf 67' lang='lat' dir='ltr'>Flandrffle,</span> <span class='ocrx_word' id='word_1_368' title='bbox 1653 1863 1799 1902; x_wconf 86' lang='lat' dir='ltr'>indulget</span> <span class='ocrx_word' id='word_1_369' title='bbox 1816 1868 1851 1894; x_wconf 89' lang='lat' dir='ltr'>ut</span> <span class='ocrx_word' id='word_1_370' title='bbox 1871 1869 2007 1903; x_wconf 87' lang='lat' dir='ltr'>quatuor</span> <span class='ocrx_word' id='word_1_371' title='bbox 2025 1865 2134 1895; x_wconf 88' lang='lat' dir='ltr'>clerici</span> 
     </span>
     <span class='ocr_line' id='line_1_68' title="bbox 1126 1916 2135 1956; baseline 0.001 -10"><span class='ocrx_word' id='word_1_372' title='bbox 1126 1918 1196 1956; x_wconf 87' lang='lat' dir='ltr'>ejus</span> <span class='ocrx_word' id='word_1_373' title='bbox 1214 1917 1389 1946; x_wconf 87' lang='lat' dir='ltr'>familiares</span> <span class='ocrx_word' id='word_1_374' title='bbox 1409 1917 1531 1947; x_wconf 84' lang='lat' dir='ltr'>fructus</span> <span class='ocrx_word' id='word_1_375' title='bbox 1543 1941 1550 1953; x_wconf 89' lang='lat'>‚</span> <span class='ocrx_word' id='word_1_376' title='bbox 1566 1916 1710 1946; x_wconf 86' lang='lat' dir='ltr'>redditus</span> <span class='ocrx_word' id='word_1_377' title='bbox 1731 1922 1761 1947; x_wconf 88' lang='lat' dir='ltr'>et</span> <span class='ocrx_word' id='word_1_378' title='bbox 1776 1922 1949 1956; x_wconf 88' lang='lat' dir='ltr'>proventus</span> <span class='ocrx_word' id='word_1_379' title='bbox 1965 1917 2135 1948; x_wconf 85' lang='lat' dir='ltr'>beneficio-</span> 
     </span>
     <span class='ocr_line' id='line_1_69' title="bbox 1126 1969 2135 2009; baseline 0.001 -10"><span class='ocrx_word' id='word_1_380' title='bbox 1126 1979 1198 1999; x_wconf 89' lang='lat' dir='ltr'>rum</span> <span class='ocrx_word' id='word_1_381' title='bbox 1216 1978 1348 2000; x_wconf 90' lang='lat' dir='ltr'>suorum</span> <span class='ocrx_word' id='word_1_382' title='bbox 1366 1969 1653 2000; x_wconf 82' lang='lat' dir='ltr'>ecclesiasticorum</span> <span class='ocrx_word' id='word_1_383' title='bbox 1668 1978 1741 1999; x_wconf 85' lang='lat' dir='ltr'>cum</span> <span class='ocrx_word' id='word_1_384' title='bbox 1756 1970 1867 1999; x_wconf 87' lang='lat' dir='ltr'>eadem</span> <span class='ocrx_word' id='word_1_385' title='bbox 1883 1971 2065 2008; x_wconf 88' lang='lat' dir='ltr'>integritate</span> <span class='ocrx_word' id='word_1_386' title='bbox 2082 1980 2135 2009; x_wconf 89' lang='lat' dir='ltr'>per</span> 
     </span>
     <span class='ocr_line' id='line_1_70' title="bbox 1126 2023 2135 2062; baseline 0 -10"><span class='ocrx_word' id='word_1_387' title='bbox 1126 2023 1389 2062; x_wconf 81' lang='lat' dir='ltr'>quinquennium</span> <span class='ocrx_word' id='word_1_388' title='bbox 1417 2023 1596 2061; x_wconf 86' lang='lat' dir='ltr'>percipiant</span> <span class='ocrx_word' id='word_1_389' title='bbox 1619 2032 1655 2052; x_wconf 81' lang='lat' dir='ltr'>ac</span> <span class='ocrx_word' id='word_1_390' title='bbox 1679 2024 1703 2052; x_wconf 92' lang='lat' dir='ltr'>si</span> <span class='ocrx_word' id='word_1_391' title='bbox 1731 2023 1766 2051; x_wconf 94' lang='lat' dir='ltr'>in</span> <span class='ocrx_word' id='word_1_392' title='bbox 1792 2023 1935 2052; x_wconf 85' lang='lat' dir='ltr'>ecclesiis</span> <span class='ocrx_word' id='word_1_393' title='bbox 1959 2024 1990 2052; x_wconf 88' lang='lat' dir='ltr'>in</span> <span class='ocrx_word' id='word_1_394' title='bbox 2018 2024 2135 2062; x_wconf 85' lang='lat' dir='ltr'>quibus</span> 
     </span>
     <span class='ocr_line' id='line_1_71' title="bbox 1126 2076 2133 2115; baseline -0.001 -9"><span class='ocrx_word' id='word_1_395' title='bbox 1126 2077 1280 2106; x_wconf 88' lang='lat' dir='ltr'>beneficia</span> <span class='ocrx_word' id='word_1_396' title='bbox 1311 2077 1380 2115; x_wconf 89' lang='lat' dir='ltr'>ipsa</span> <span class='ocrx_word' id='word_1_397' title='bbox 1417 2076 1582 2106; x_wconf 84' lang='lat' dir='ltr'>obtineant</span> <span class='ocrx_word' id='word_1_398' title='bbox 1618 2076 1828 2114; x_wconf 88' lang='lat' dir='ltr'>personaliter</span> <span class='ocrx_word' id='word_1_399' title='bbox 1858 2076 2030 2105; x_wconf 87' lang='lat' dir='ltr'>resideant.</span> <span class='ocrx_word' id='word_1_400' title='bbox 2062 2076 2133 2105; x_wconf 87' lang='lat' dir='ltr'>Dat.</span> 
     </span>
     <span class='ocr_line' id='line_1_72' title="bbox 1127 2129 2135 2167; baseline -0.001 -8"><span class='ocrx_word' id='word_1_401' title='bbox 1127 2130 1236 2166; x_wconf 78' lang='lat' dir='ltr'>Reate,</span> <span class='ocrx_word' id='word_1_402' title='bbox 1249 2139 1267 2159; x_wconf 76' lang='lat' dir='ltr'><strong>x</strong></span> <span class='ocrx_word' id='word_1_403' title='bbox 1280 2129 1434 2159; x_wconf 84' lang='lat' dir='ltr'>kalendas</span> <span class='ocrx_word' id='word_1_404' title='bbox 1448 2129 1595 2163; x_wconf 80' lang='lat' dir='ltr'>octobris,</span> <span class='ocrx_word' id='word_1_405' title='bbox 1609 2138 1694 2158; x_wconf 87' lang='lat' dir='ltr'>anno</span> <span class='ocrx_word' id='word_1_406' title='bbox 1710 2129 1825 2167; x_wconf 90' lang='lat' dir='ltr'>primo.</span> <span class='ocrx_word' id='word_1_407' title='bbox 1841 2130 1992 2167; x_wconf 57' lang='lat' dir='ltr'>(Poma,</span> <span class='ocrx_word' id='word_1_408' title='bbox 2012 2129 2135 2167; x_wconf 64' lang='lat'>22813.)</span> 
     </span>
    </p>

    <p class='ocr_par' dir='ltr' id='par_1_35' title="bbox 1125 2181 2135 2326">
     <span class='ocr_line' id='line_1_73' title="bbox 1166 2181 2133 2221; baseline -0.002 -9"><span class='ocrx_word' id='word_1_409' title='bbox 1166 2183 1205 2212; x_wconf 90' lang='lat' dir='ltr'>In</span> <span class='ocrx_word' id='word_1_410' title='bbox 1225 2192 1252 2212; x_wconf 92' lang='lat' dir='ltr'>e.</span> <span class='ocrx_word' id='word_1_411' title='bbox 1269 2192 1313 2212; x_wconf 92' lang='lat' dir='ltr'>m.</span> <span class='ocrx_word' id='word_1_412' title='bbox 1332 2205 1351 2211; x_wconf 86' lang='lat'>..</span> <span class='ocrx_word' id='word_1_413' title='bbox 1369 2182 1546 2221; x_wconf 84' lang='lat' dir='ltr'>praeposito</span> <span class='ocrx_word' id='word_1_414' title='bbox 1562 2181 1803 2211; x_wconf 81' lang='lat' dir='ltr'>Cameracensis</span> <span class='ocrx_word' id='word_1_415' title='bbox 1823 2187 1853 2211; x_wconf 91' lang='lat' dir='ltr'>et</span> <span class='ocrx_word' id='word_1_416' title='bbox 1872 2204 1891 2211; x_wconf 92' lang='lat'>..</span> <span class='ocrx_word' id='word_1_417' title='bbox 1912 2182 2031 2212; x_wconf 85' lang='lat' dir='ltr'>decano</span> <span class='ocrx_word' id='word_1_418' title='bbox 2049 2182 2133 2212; x_wconf 84' lang='lat' dir='ltr'>Cur-</span> 
     </span>
     <span class='ocr_line' id='line_1_74' title="bbox 1126 2235 2135 2274; baseline -0.001 -9"><span class='ocrx_word' id='word_1_419' title='bbox 1126 2236 1242 2265; x_wconf 86' lang='lat' dir='ltr'>trensis</span> <span class='ocrx_word' id='word_1_420' title='bbox 1259 2235 1466 2265; x_wconf 88' lang='lat' dir='ltr'>ecclesiarum</span> <span class='ocrx_word' id='word_1_421' title='bbox 1481 2235 1612 2264; x_wconf 89' lang='lat' dir='ltr'>mandat</span> <span class='ocrx_word' id='word_1_422' title='bbox 1628 2240 1661 2264; x_wconf 91' lang='lat' dir='ltr'>ut</span> <span class='ocrx_word' id='word_1_423' title='bbox 1678 2235 1799 2264; x_wconf 87' lang='lat' dir='ltr'>eisdem</span> <span class='ocrx_word' id='word_1_424' title='bbox 1818 2235 1942 2265; x_wconf 87' lang='lat' dir='ltr'>clericis</span> <span class='ocrx_word' id='word_1_425' title='bbox 1958 2236 2135 2274; x_wconf 88' lang='lat' dir='ltr'>praedictos</span> 
     </span>
     <span class='ocr_line' id='line_1_75' title="bbox 1125 2288 1933 2326; baseline -0.001 -8"><span class='ocrx_word' id='word_1_426' title='bbox 1125 2289 1247 2318; x_wconf 86' lang='lat' dir='ltr'>fructus</span> <span class='ocrx_word' id='word_1_427' title='bbox 1263 2294 1293 2318; x_wconf 87' lang='lat' dir='ltr'>et</span> <span class='ocrx_word' id='word_1_428' title='bbox 1307 2288 1451 2318; x_wconf 80' lang='lat' dir='ltr'>redditus</span> <span class='ocrx_word' id='word_1_429' title='bbox 1466 2289 1591 2326; x_wconf 83' lang='lat' dir='ltr'>integre</span> <span class='ocrx_word' id='word_1_430' title='bbox 1607 2288 1787 2318; x_wconf 86' lang='lat' dir='ltr'>ministrari</span> <span class='ocrx_word' id='word_1_431' title='bbox 1805 2289 1933 2318; x_wconf 79' lang='lat' dir='ltr'>faciant.</span> 
     </span>
    </p>
   </div>
   <div class='ocr_carea' id='block_1_31' title="bbox 1644 1801 2062 1837">
    <p class='ocr_par' dir='ltr' id='par_1_36' title="bbox 1644 1801 2062 1837">
     <span class='ocr_line' id='line_1_76' title="bbox 1644 1801 2062 1837; baseline 0.005 -9"><span class='ocrx_word' id='word_1_432' title='bbox 1644 1801 1733 1835; x_wconf 72' lang='lat' dir='ltr'>Rieu,</span> <span class='ocrx_word' id='word_1_433' title='bbox 1750 1802 1783 1828; x_wconf 59' lang='lat'>⁵22</span> <span class='ocrx_word' id='word_1_434' title='bbox 1802 1803 1966 1837; x_wconf 84' lang='lat' dir='ltr'>septembre</span> <span class='ocrx_word' id='word_1_435' title='bbox 1986 1802 2062 1830; x_wconf 71' lang='lat'>1288.</span> 
     </span>
    </p>
   </div>
   <div class='ocr_carea' id='block_1_32' title="bbox 1197 2480 1449 2509">
    <p class='ocr_par' dir='ltr' id='par_1_37' title="bbox 1197 2480 1449 2509">
     <span class='ocr_line' id='line_1_77' title="bbox 1197 2480 1449 2509; baseline -0.004 0"><span class='ocrx_word' id='word_1_436' title='bbox 1197 2480 1449 2509; x_wconf 55' lang='lat'>2445-*2448</span> 
     </span>
    </p>
   </div>
   <div class='ocr_carea' id='block_1_33' title="bbox 1125 2542 2134 2686">
    <p class='ocr_par' dir='ltr' id='par_1_38' title="bbox 1125 2542 2134 2686">
     <span class='ocr_line' id='line_1_78' title="bbox 1165 2542 2134 2573; baseline 0 -1"><span class='ocrx_word' id='word_1_437' title='bbox 1165 2543 1270 2573; x_wconf 72' lang='lat' dir='ltr'>Eidem</span> <span class='ocrx_word' id='word_1_438' title='bbox 1290 2542 1474 2573; x_wconf 83' lang='lat' dir='ltr'>facultatem</span> <span class='ocrx_word' id='word_1_439' title='bbox 1497 2543 1642 2573; x_wconf 87' lang='lat' dir='ltr'>concedit</span> <span class='ocrx_word' id='word_1_440' title='bbox 1662 2543 1818 2573; x_wconf 86' lang='lat' dir='ltr'>audiendi</span> <span class='ocrx_word' id='word_1_441' title='bbox 1841 2543 1951 2572; x_wconf 90' lang='lat' dir='ltr'>divina</span> <span class='ocrx_word' id='word_1_442' title='bbox 1972 2543 2075 2573; x_wconf 87' lang='lat' dir='ltr'>officia</span> <span class='ocrx_word' id='word_1_443' title='bbox 2099 2544 2134 2572; x_wconf 85' lang='lat' dir='ltr'>in</span> 
     </span>
     <span class='ocr_line' id='line_1_79' title="bbox 1125 2595 2134 2635; baseline -0.001 -10"><span class='ocrx_word' id='word_1_444' title='bbox 1125 2596 1203 2626; x_wconf 91' lang='lat' dir='ltr'>locis</span> <span class='ocrx_word' id='word_1_445' title='bbox 1215 2595 1382 2625; x_wconf 84' lang='lat' dir='ltr'>interdicto</span> <span class='ocrx_word' id='word_1_446' title='bbox 1396 2595 1576 2634; x_wconf 88' lang='lat' dir='ltr'>suppositis.</span> <span class='ocrx_word' id='word_1_447' title='bbox 1590 2595 1662 2624; x_wconf 83' lang='lat' dir='ltr'>Dat.</span> <span class='ocrx_word' id='word_1_448' title='bbox 1679 2595 1995 2635; x_wconf 79' lang='lat' dir='ltr'>utsupra.(P0TT1-1.,</span> <span class='ocrx_word' id='word_1_449' title='bbox 2009 2595 2134 2633; x_wconf 69' lang='lat'>22814.)</span> 
     </span>
     <span class='ocr_line' id='line_1_80' title="bbox 1167 2647 1700 2686; baseline 0 -8"><span class='ocrx_word' id='word_1_450' title='bbox 1167 2649 1204 2678; x_wconf 89' lang='lat' dir='ltr'>In</span> <span class='ocrx_word' id='word_1_451' title='bbox 1221 2658 1248 2678; x_wconf 88' lang='lat' dir='ltr'>e.</span> <span class='ocrx_word' id='word_1_452' title='bbox 1267 2658 1309 2678; x_wconf 94' lang='lat' dir='ltr'>m.</span> <span class='ocrx_word' id='word_1_453' title='bbox 1329 2647 1494 2685; x_wconf 77' lang='lat' dir='ltr'>isabellae,</span> <span class='ocrx_word' id='word_1_454' title='bbox 1513 2648 1603 2678; x_wconf 82' lang='lat' dir='ltr'>uxori</span> <span class='ocrx_word' id='word_1_455' title='bbox 1619 2649 1700 2686; x_wconf 89' lang='lat' dir='ltr'>ejus.</span> 
     </span>
    </p>
   </div>
   <div class='ocr_carea' id='block_1_34' title="bbox 1655 2480 2063 2515">
    <p class='ocr_par' dir='ltr' id='par_1_39' title="bbox 1655 2480 2063 2515">
     <span class='ocr_line' id='line_1_81' title="bbox 1655 2480 2063 2515; baseline 0.002 -8"><span class='ocrx_word' id='word_1_456' title='bbox 1655 2480 1741 2515; x_wconf 85' lang='lat' dir='ltr'>Rieti,</span> <span class='ocrx_word' id='word_1_457' title='bbox 1756 2481 1789 2507; x_wconf 70' lang='lat'>‘22</span> <span class='ocrx_word' id='word_1_458' title='bbox 1806 2481 1968 2515; x_wconf 85' lang='lat' dir='ltr'>septembre</span> <span class='ocrx_word' id='word_1_459' title='bbox 1987 2481 2063 2508; x_wconf 67' lang='lat'>1288.</span> 
     </span>
    </p>
   </div>
   <div class='ocr_carea' id='block_1_35' title="bbox 1200 2848 1314 2876">
    <p class='ocr_par' dir='ltr' id='par_1_40' title="bbox 1200 2848 1314 2876">
     <span class='ocr_line' id='line_1_82' title="bbox 1200 2848 1314 2876; baseline 0.009 -1"><span class='ocrx_word' id='word_1_460' title='bbox 1200 2848 1314 2876; x_wconf 56' lang='lat'><strong>’⁷442</strong></span> 
     </span>
    </p>
   </div>
   <div class='ocr_carea' id='block_1_36' title="bbox 1167 2909 2136 2947">
    <p class='ocr_par' dir='ltr' id='par_1_41' title="bbox 1167 2909 2136 2947">
     <span class='ocr_line' id='line_1_83' title="bbox 1167 2909 2136 2947; baseline -0.001 -8"><span class='ocrx_word' id='word_1_461' title='bbox 1167 2910 1320 2945; x_wconf 78' lang='lat' dir='ltr'>Isabellae,</span> <span class='ocrx_word' id='word_1_462' title='bbox 1338 2911 1505 2940; x_wconf 74' lang='lat' dir='ltr'>comitissae</span> <span class='ocrx_word' id='word_1_463' title='bbox 1523 2910 1698 2947; x_wconf 78' lang='lat' dir='ltr'>Flandriae,</span> <span class='ocrx_word' id='word_1_464' title='bbox 1717 2909 1899 2940; x_wconf 82' lang='lat' dir='ltr'>facultatem</span> <span class='ocrx_word' id='word_1_465' title='bbox 1918 2909 2062 2939; x_wconf 89' lang='lat' dir='ltr'>concedit</span> <span class='ocrx_word' id='word_1_466' title='bbox 2078 2909 2136 2939; x_wconf 94' lang='lat' dir='ltr'>eli-</span> 
     </span>
    </p>
   </div>
   <div class='ocr_carea' id='block_1_37' title="bbox 1127 2962 2132 3055">
    <p class='ocr_par' dir='ltr' id='par_1_42' title="bbox 1127 2962 2132 3055">
     <span class='ocr_line' id='line_1_84' title="bbox 1127 2962 2132 3002; baseline -0.002 -9"><span class='ocrx_word' id='word_1_467' title='bbox 1127 2963 1224 3002; x_wconf 86' lang='lat' dir='ltr'>gendi</span> <span class='ocrx_word' id='word_1_468' title='bbox 1251 2963 1415 3002; x_wconf 88' lang='lat' dir='ltr'>proprium</span> <span class='ocrx_word' id='word_1_469' title='bbox 1439 2963 1665 2994; x_wconf 84' lang='lat' dir='ltr'>confessorem.</span> <span class='ocrx_word' id='word_1_470' title='bbox 1689 2964 1761 2993; x_wconf 87' lang='lat' dir='ltr'>Dat.</span> <span class='ocrx_word' id='word_1_471' title='bbox 1790 2968 1823 2993; x_wconf 90' lang='lat' dir='ltr'>ut</span> <span class='ocrx_word' id='word_1_472' title='bbox 1845 2971 1950 3001; x_wconf 85' lang='lat' dir='ltr'>supra.</span> <span class='ocrx_word' id='word_1_473' title='bbox 1977 2962 2132 3000; x_wconf 52' lang='lat' dir='ltr'>(Porsen,</span> 
     </span>
     <span class='ocr_line' id='line_1_85' title="bbox 1129 3016 1253 3055; baseline 0.008 -10"><span class='ocrx_word' id='word_1_474' title='bbox 1129 3016 1253 3055; x_wconf 76' lang='lat'>22815.)</span> 
     </span>
    </p>
   </div>
   <div class='ocr_carea' id='block_1_38' title="bbox 1646 2847 2060 2882">
    <p class='ocr_par' dir='ltr' id='par_1_43' title="bbox 1646 2847 2060 2882">
     <span class='ocr_line' id='line_1_86' title="bbox 1646 2847 2060 2882; baseline 0 -8"><span class='ocrx_word' id='word_1_475' title='bbox 1646 2847 1734 2878; x_wconf 85' lang='lat' dir='ltr'>Rieti,</span> <span class='ocrx_word' id='word_1_476' title='bbox 1752 2847 1785 2874; x_wconf 68' lang='lat'>22</span> <span class='ocrx_word' id='word_1_477' title='bbox 1802 2848 1965 2882; x_wconf 87' lang='lat' dir='ltr'>septembre</span> <span class='ocrx_word' id='word_1_478' title='bbox 1984 2847 2060 2874; x_wconf 68' lang='lat'>1288.</span> 
     </span>
    </p>
   </div>
   <div class='ocr_carea' id='block_1_39' title="bbox 1944 3080 1993 3107">
    <p class='ocr_par' dir='ltr' id='par_1_44' title="bbox 1944 3080 1993 3107">
     <span class='ocr_line' id='line_1_87' title="bbox 1944 3080 1993 3107; baseline 0 -1"><span class='ocrx_word' id='word_1_479' title='bbox 1944 3080 1993 3107; x_wconf 71' lang='lat'>129</span> 
     </span>
    </p>
   </div>
  </div>
 </body>
</html>
