2393 3496
219 306 274 336 894
964 298 1198 329 REGISTRES
1223 298 1275 327 DE
1298 297 1481 326 NICOLAs
1508 299 1560 327 [V.

261 383 275 397 «
292 371 325 400 Si
342 370 455 409 regalis
471 380 479 409 χ
500 369 702 399 ovid-intio...
717 384 754 390 —-
768 367 838 396 Dat.
850 366 933 404 apud
947 365 1221 399 Urbemveterem,

217 433 247 454 Vi
265 423 338 453 idus
354 424 440 459 maii,
461 430 545 451 anno
562 426 680 459 quai-to.
704 434 716 445 »

287 580 404 609 (3⁷¹ss
812 575 938 605 Urvicto,
956 576 970 601 8
985 576 1048 608 juin
1070 575 1146 602 1291.

252 642 388 674 Qucritur
413 648 443 665 sc
466 648 520 665 non
544 638 691 672 accepisse
715 638 920 672 responsiones
942 637 1044 663 litteris
1067 646 1138 671 quas
1159 637 1219 671 regi

216 691 336 723 Augilai*
359 689 392 714 dc
415 687 594 713 libertatibus
611 686 817 712 ecclesiasticis
835 686 861 712 in
879 686 983 719 Anglia
1001 686 1034 711 ab
1052 686 1219 712 officialibus

216 739 303 771 regiis
319 744 403 770 saepe
420 735 531 761 violatis
545 734 672 769 scripsit.
689 734 771 768 (Rae.
791 734 833 768 46,
851 743 876 761 c.
892 735 935 767 2¹8,
949 735 968 760 f.
986 734 1082 766 1681·0;
1104 734 1218 769 Portu„

213 785 319 817 23697)

254 886 364 914 Eidem.
392 896 406 911 ιι
434 884 563 914 Dudum
587 884 625 914 ad
651 889 792 914 nostram
816 884 935 923 perlato
960 885 1109 914 notitiam
1135 885 1218 923 quod

213 938 406 977 frequenter,
424 947 495 967 cum
514 938 547 966 in
571 947 668 975 regno
692 942 758 974 tuo,
784 947 879 976 super
902 938 1036 975 negotiis
1057 938 1096 967 ad
1116 938 1218 968 eccle-

211 991 374 1020 siasticum
401 991 505 1021 lorum
529 991 761 1030 spectantibus,
781 991 967 1030 apostolicas
992 991 1112 1021 litteras
1131 1000 1218 1021 ema-

211 1053 288 1074 nare
306 1044 474 1081 contingit,
493 1045 574 1073 sicut
590 1045 622 1073 in
642 1045 754 1074 ceteris
770 1045 1017 1074 christianorum
1035 1045 1143 1082 regnis
1160 1054 1217 1075 usu

211 1097 368 1126 cotidiano
385 1101 535 1125 emanant
554 1101 583 1125 et
608 1097 834 1126 consueverint
859 1101 920 1126 tam
943 1096 976 1125 in
1001 1102 1052 1126 tuo
1068 1106 1163 1136 quam
1183 1098 1216 1126 in

211 1150 330 1180 eisdem
356 1149 466 1187 regnis
488 1150 649 1178 retroactis
671 1149 865 1187 temporibus
880 1158 1046 1186 emanare,
1064 1150 1136 1179 illas
1155 1159 1216 1180 non

209 1202 284 1233 licet
301 1203 431 1241 impune
449 1207 629 1241 presentare
641 1203 813 1239 judicibus.
833 1203 882 1238 Et,
898 1203 923 1232 si
942 1203 1072 1232 forsitan
1093 1213 1219 1242 presen-

211 1260 328 1293 tentur,
346 1256 446 1285 currit
465 1256 649 1294 quantotius
669 1256 762 1284 breve
779 1255 902 1293 regium
923 1265 958 1285 ac
975 1265 1084 1285 earum
1103 1266 1194 1286 usum
1208 1281 1216 1294 ,

209 1310 268 1339 sub
292 1319 371 1348 pone
387 1310 654 1345 comminatione,
674 1318 770 1348 quam
789 1310 931 1339 executio
945 1314 1088 1350 prompta
1107 1311 1217 1341 subse-

208 1362 330 1402 quitur,
348 1362 373 1391 si
392 1362 446 1391 fiat
464 1363 679 1399 contrarium,
699 1363 873 1392 interdicit.
892 1363 929 1392 Et
947 1364 1031 1402 quod
1052 1373 1124 1402 sepe
1140 1365 1217 1403 ipsis

210 1419 334 1445 utentes
353 1415 464 1444 litteris
481 1416 661 1454 capiuntur,
681 1416 776 1445 etiam
794 1418 819 1446 si
837 1417 1049 1447 ecclesiastice
1065 1418 1130 1447 sint
1147 1428 1217 1456 per-

208 1477 301 1504 sone3
320 1468 468 1507 quodque
485 1473 611 1507 propter
627 1468 711 1499 leves
724 1469 861 1499 offensas
872 1478 1005 1508 persone
1018 1471 1214 1509 hujusmodi,

206 1522 325 1560 absque
343 1521 465 1551 delectu
483 1522 650 1560 dignitatis
671 1526 700 1552 et
719 1527 835 1559 status,
859 1532 912 1562 pro
937 1523 1036 1561 regali
1054 1529 1084 1554 et
1100 1525 1216 1554 minis-

208 1579 327 1604 trorum
346 1575 502 1613 regalium
519 1575 608 1605 libito
634 1576 720 1613 regio
746 1577 864 1606 carceri
888 1578 1123 1615 mancipantur.
1150 1578 1216 1608 Nec

207 1630 436 1669 permittuntur
454 1640 588 1669 persone
609 1631 820 1661 ecclesiastice
839 1636 926 1661 extra
945 1632 1046 1670 ipsius
1066 1633 1157 1671 regni
1176 1633 1215 1664 li-

207 1685 300 1713 mites
315 1684 499 1714 auctoritate
517 1684 687 1723 apostolica
701 1686 838 1715 evocari.
860 1686 897 1714 Et
914 1686 997 1724 quod
1015 1687 1111 1716 etiam
1128 1687 1216 1725 regia

206 1736 296 1766 curia
311 1746 343 1765 se
359 1737 398 1766 de
415 1737 583 1767 nonnullis
599 1738 702 1767 causis
715 1747 777 1776 que
788 1739 827 1767 ad
845 1739 948 1768 sorum
962 1739 1214 1770 ecclesiasticum

206 1790 427 1819 indubitanter
449 1791 608 1829 pertinere
634 1796 823 1828 noscuntur,
850 1801 1051 1831 quarumque
1077 1794 1215 1831 cognitio

206 1852 408 1882 nequaquam
423 1844 507 1873 cadit
520 1845 552 1873 in
566 1844 696 1881 laicum,
713 1846 810 1875 sacris
821 1847 1012 1885 contemptis
1024 1848 1212 1884 canonibus,

205 1896 400 1926 intromittit.
418 1897 572 1936 Quodque
589 1897 669 1928 alias
681 1899 714 1928 in
733 1898 844 1928 eodem
861 1908 959 1937 regno
973 1899 1101 1929 libertas
1117 1901 1212 1931 eccle-

205 1950 331 1979 siastica
356 1959 420 1979 non
447 1956 590 1980 servatur
613 1960 671 1981 nec
696 1952 796 1990 ipsam
821 1953 941 1982 servari
968 1953 1109 1983 ministri
1124 1955 1215 1993 ·regii

203 2003 379 2042 patiuntur.
398 2003 480 2040 Nos,
497 2004 683 2034 celsitudini
706 2006 792 2043 regie
810 2015 866 2044 per
884 2006 966 2036 bone
987 2007 1143 2044 memorie
1162 2008 1212 2045 R,

204 2057 432 2086 Grossetanum
454 2057 653 2096 episcopum,
680 2062 754 2088 tunc
774 2059 951 2096 viventem,
979 2065 1101 2090 nostras
1119 2062 1212 2092 affec-

204 2114 308 2140 tuosas
324 2109 456 2146 litteras,
472 2116 613 2141 mentem
632 2120 727 2150 snper
740 2112 798 2142 hoc
818 2118 958 2142 nostram
979 2115 1211 2153 exprimentes,

202 2164 341 2203 apertius
364 2164 514 2194 duximus
536 2165 744 2203 dirigendas,
763 2175 932 2205 personam
950 2169 1070 2206 regiam
1088 2178 1143 2207 per
1161 2178 1213 2199 eas

202 2222 350 2255 rogantes
375 2222 404 2246 et
432 2218 635 2248 obsecrantes
667 2229 723 2258 per
755 2221 876 2250 viscera
902 2221 1120 2251 misericordie
1153 2223 1212 2252 Dei

202 2271 319 2307 nostri,
345 2271 400 2299 tibi
427 2271 659 2302 nichilominus
684 2273 718 2302 in
742 2274 964 2304 remissionem
988 2275 1211 2313 peccaminum

202 2323 401 2362 injungendo
418 2328 465 2361 ut,
483 2325 508 2354 si
527 2331 742 2356 consonarent
758 2326 791 2356 in
812 2327 878 2356 hiis
895 2327 975 2357 sacta
994 2328 1157 2367 relatibus,
1175 2339 1212 2359 ea

201 2377 245 2406 sic
261 2376 405 2406 celeriter
421 2382 450 2407 et
466 2378 600 2408 omnino
617 2379 777 2417 corrigere
793 2388 828 2409 ac
844 2381 1015 2411 emendare
1032 2391 1159 2412 curares
1176 2388 1212 2413 ut

201 2430 315 2459 exinde
328 2430 439 2460 divine
452 2432 673 2462 retributionis
686 2433 845 2471 premium
860 2435 1014 2473 consequi
1027 2437 1207 2472 merereriS,

199 2489 292 2523 prout
317 2484 350 2513 in
378 2484 498 2514 eisdem
524 2485 639 2515 litteris
662 2486 804 2525 plenius,
830 2487 980 2518 diffusius
1005 2493 1035 2519 et
1059 2491 1209 2520 seriosius

198 2537 395 2574 continetnr;
416 2538 561 2577 alioquin
580 2543 608 2568 te
625 2540 706 2569 scire
722 2540 884 2570 voluimus
898 2541 980 2580 quod
994 2543 1208 2582 circumspec-

198 2591 241 2621 tio
256 2591 339 2620 dicte
361 2591 443 2620 sedis
460 2600 522 2621 non
540 2598 642 2630 posset
662 2592 736 2623 talia
757 2594 816 2623 sub
833 2594 1093 2626 dissimulatione
1110 2601 1209 2626 trans-

198 2643 263 2680 ire,
282 2644 359 2682 quin
378 2649 487 2673 contra
504 2654 555 2674 eos
574 2646 628 2684 qui
644 2646 748 2676 forent.
763 2647 937 2686 culpabiles
962 2649 994 2678 in
1020 2649 1206 2688 premissis,

194 2698 318 2737 justitia
332 2698 495 2733 suadente,
507 2699 690 2737 procederet
704 2704 794 2739 prout
805 2701 834 2730 ei
847 2702 1019 2740 expediens
1034 2703 1205 2733 videretur.

197 2750 278 2788 Sed,
296 2750 368 2781 licet
389 2751 443 2781 tilii
467 2753 622 2791 predictas
644 2753 764 2784 litteras
789 2755 926 2793 prefatus
950 2756 1115 2796 episcopus
1137 2767 1205 2796 pre-

197 2805 329 2834 sentat-it
349 2814 524 2844 earumque
540 2811 689 2836 contenta
710 2807 862 2837 didiceris
877 2834 883 2844 ,
900 2810 1142 2848 responsionem
1161 2816 1205 2840 ta-

195 2866 269 2887 men
290 2859 411 2895 regiam
428 2868 522 2897 super
540 2859 606 2888 illis
632 2870 690 2890 nec
710 2869 765 2899 per
787 2871 860 2891 enm
882 2872 985 2901 neque
1007 2873 1060 2901 per
1083 2863 1205 2894 litteras

194 2915 249 2941 aut
268 2911 418 2941 nuntium
438 2913 563 2949 regium
587 2914 678 2943 nobis
695 2915 894 2953 postmodum
914 2916 1077 2954 direxisti,
1098 2918 1201 2956 quod,

194 2964 222 2993 si
246 2964 419 3003 diligenter
443 2966 630 3003 attenditur,
655 2975 782 2997 causam
806 2968 1201 3009 admirationisincludit,

1305 372 1377 392 cum
1397 364 1475 392 tanti
1498 368 1606 392 ettam
1627 364 1719 393 ardui
1740 363 1857 401 negotii
1877 362 2085 401 qualitatem,
2112 367 2174 393 tam
2195 363 2307 396 intime

1304 415 1411 445 sedem
1433 416 1650 453 contingentis
1677 416 1827 450 eandem,
1856 416 1952 453 digne
1978 416 2067 454 sequi
2091 416 2307 455 responsionis

1303 468 1466 498 oraculum
1486 469 1658 499 debuisset.
1678 469 1758 498 Cum
1778 469 1885 507 itaque
1907 468 2071 506 negotium
2095 468 2200 507 ipsum
2220 470 2307 501 cordi

1303 521 1475 559 spetialiter
1496 522 1681 558 habeamus,
1700 531 1758 551 nec
1776 522 1945 560 possimus,
1962 521 2057 551 sicuti
2071 530 2128 551 nec
2144 521 2306 562 debemus,

1303 575 1455 612 premissa
1474 574 1727 604 dissimulationi
1745 574 1941 613 relinquere,
1962 583 2035 604 cum
2055 574 2087 604 in
2105 583 2200 612 grave
2215 574 2306 606 liber-

1304 629 1374 657 tatis
1386 628 1597 657 ecclesiastice
1611 628 1840 658 detrimentum
1853 632 1883 657 et
1897 628 2039 666 ejusdem
2054 628 2138 657 sedis
2150 633 2306 669 contemp-

1303 685 1369 710 tum
1389 689 1452 710 non
1472 681 1631 710 modicum
1658 681 1769 711 cedere
1792 681 2014 717 dinoscantur,
2034 681 2306 719 magnificentiam

1302 733 1422 771 regiam
1441 734 1563 763 iteratis
1579 739 1608 763 et
1623 735 1752 763 attentis
1765 734 1911 773 precibus
1927 734 2098 772 rogandam
2117 735 2266 765 duximus
2277 740 2308 766 et.

1302 787 1492 817 hortandam
1516 788 1685 826 quatinus,
1705 788 1744 818 ob
1767 787 1911 817 divinam
1935 792 1966 816 et
1989 787 2090 826 ipsius
2111 787 2195 817 sedis
2219 797 2306 819 reve·

1301 841 1437 871 rentiam
1455 845 1569 880 tneque
1592 841 1704 871 salutis
1721 846 1751 871 et
1770 841 1901 871 honoris
1921 845 2148 878 augmentum,
2171 841 2308 880 predicta

1301 894 1447 924 celeriter
1461 896 1602 932 corrigas
1617 899 1647 924 et
1660 895 1822 924 emendes.
1839 895 1876 924 Et
1892 894 2124 924 nichilominus
2140 899 2190 924 tue
2205 895 2307 925 inten—

1303 948 1396 977 tionis
1412 947 1610 986 propositum
1626 952 1657 977 et
1672 947 1755 987 quod
1774 948 1869 977 etiam
1886 947 1999 977 seceris
2015 948 2048 977 in
2072 948 2130 977 hac
2150 952 2237 987 parte
2252 956 2307 978 no-

1301 1002 1350 1031 bis
1366 1011 1418 1041 per
1435 1006 1502 1032 tuas
1520 1001 1639 1031 litteras
1655 1010 1719 1031 uon
1735 1002 1864 1031 differas
1877 1001 2040 1038 intimare,
2059 1011 2098 1032 ne
2110 1006 2148 1038 te,
2162 1006 2307 1034 successu

1303 1055 1469 1093 temporis,
1495 1056 1591 1085 Terre
1620 1055 1734 1085 Sancte
1763 1055 1945 1093 negotium,
1972 1055 2056 1094 quod
2082 1055 2252 1086 salubriter
2279 1059 2309 1087 et

1300 1109 1503 1138 laudabiliter
1527 1109 1737 1150 assumpsisse
1766 1109 1965 1147 dinosceris,
1995 1113 2223 1148 prosequente,
2253 1108 2308 1140 tibi

1301 1163 1405 1192 soi-san
1423 1162 1590 1192 ecclesiam
1609 1167 1735 1201 reputes
1750 1162 1910 1199 illuxisse,
1930 1163 1955 1192 si
1974 1171 2029 1201 per
2045 1170 2133 1198 eam,
2156 1161 2309 1194 suadente

1297 1216 1439 1254 justitia,
1456 1215 1581 1254 procedi
1596 1216 1765 1254 contigerit
1780 1216 1819 1245 ad
1836 1216 2065 1246 correctionem
2082 1215 2220 1246 debitam
2236 1224 2307 1254 pre-

1300 1269 1468 1299 dictorum.
1488 1269 1539 1299 Sic
1556 1273 1584 1299 te
1603 1270 1636 1299 in
1654 1269 1718 1299 hiis
1734 1269 1903 1299 efficaciter
1919 1269 2088 1299 habiturus
2104 1273 2139 1298 ut
2154 1269 2242 1307 regie
2252 1268 2308 1300 de-

1299 1324 1437 1353 votionis
1455 1323 1750 1361 promptitudinem,
1769 1332 1865 1362 quam
1881 1323 1915 1352 in
1932 1323 1990 1353 hoc
2013 1322 2142 1353 facilem
2160 1323 2308 1362 cupimus
2348 1364 2350 1366 v

1298 1377 1457 1413 inveniri,
1480 1377 1651 1415 condignis
1669 1377 1818 1407 laudibus
1838 1376 2031 1408 attollamus.
2054 1377 2125 1407 Dat.
2142 1376 2226 1416 apud
2243 1376 2307 1407 Ur-

1299 1431 1525 1468 bemveterem,
1544 1441 1575 1460 V1
1592 1431 1775 1469 idusjunii,
1791 1439 1877 1461 auno
1890 1435 2014 1470 quarto.
2034 1442 2047 1457 n

1369 1590 1486 1618 (3220
1888 1590 2020 1624 Ori-icto,
2037 1589 2070 1616 ‘23
2087 1589 2142 1616 mai
2161 1589 2238 1618 1‘291.

1334 1653 1444 1688 Regem
1469 1653 1666 1679 Romanorum
1690 1656 1772 1686 rogat
1797 1656 1827 1679 ut
1844 1652 2047 1687 Maynardum,
2071 1652 2234 1679 Cat-inthiae
2255 1651 2309 1679 du-

1298 1711 1359 1729 cem
1385 1706 1413 1728 et
1443 1703 1576 1728 comitem
1600 1701 1800 1736 Tyrolensem,
1827 1701 1944 1728 inducat
1967 1701 2001 1727 ad
2030 1702 2204 1736 apostolicae
2231 1701 2309 1729 sedis

1298 1752 1430 1778 mandata
1447 1751 1673 1783 observandum,
1694 1750 1837 1777 Brixiensi
1854 1750 1991 1785 episcopo
2007 1750 2081 1777 bona
2096 1754 2125 1776 et
2141 1751 2210 1784 jura
2224 1749 2310 1777 resti-

1297 1801 1445 1830 tuendum,
1460 1801 1543 1834 eique
1559 1800 1593 1826 de
1609 1800 1723 1834 injuriis
1734 1804 1762 1826 et
1777 1800 1891 1826 damnis
1907 1798 2154 1826 satisfaciendum.
2167 1799 2251 1834 (Rae.
2263 1799 2307 1834 46,

1297 1859 1322 1877 c.
1341 1850 1383 1881 ²29,
1401 1850 1420 1876 s.
1441 1850 1488 1876 163
1505 1855 1544 1880 r⁰;
1563 1849 1679 1883 Parra,
1695 1849 1805 1882 23678.)

1339 1954 1502 1983 Carissimo
1521 1954 1552 1981 ιή
1570 1952 1688 1981 Christo
1706 1953 1771 1989 filio
1787 1952 1833 1988 R„
1852 1952 1917 1989 reqi
1932 1952 2138 1981 Romanorum
2154 1951 2283 1981 illustri.

1340 2018 1354 2034 «
1374 2007 1483 2036 Manet
1498 2005 1544 2035 fili
1560 2005 1764 2035 carissime...
1780 2023 1818 2027 —
1831 2005 1903 2035 Dat.
1922 2005 2007 2044 apud
2025 2005 2287 2035 Urbemveterem
2299 2029 2306 2042 ,

1297 2071 1316 2090 x
1333 2060 1487 2090 kalendas
1500 2059 1605 2098 junii,
1623 2067 1709 2089 anno
1724 2063 1847 2097 quarto.
1865 2071 1878 2086 n

1367 2219 1484 2248 (3221
1891 2218 2017 2252 Orvieto,
2036 2217 2068 2244 ‘23
2083 2217 2139 2244 mai
2154 2217 2233 2245 1291.

1331 2283 1373 2309 De
1389 2283 1490 2310 eodem
1508 2282 1633 2317 negotio.
1653 2281 1733 2314 (Res.
1754 2281 1797 2314 46,
1814 2289 1839 2308 c.
1857 2281 1900 2315 30,
1918 2281 1938 2308 f.
1957 2280 2006 2308 168
2023 2282 2074 2313 νο.)

1336 2409 1355 2417 ..
1368 2387 1469 2424 priori
1485 2386 1601 2415 ecclesie
1615 2383 1721 2415 Sancti
1737 2384 1853 2413 Andree
1873 2384 2066 2420 Urbevelanc,
2089 2384 2240 2413 collectori
2255 2384 2305 2414 de-

1293 2442 1368 2470 cime
1385 2441 1418 2469 in
1435 2440 1589 2468 Alemani'e
1603 2439 1745 2476 partibus
1759 2447 1813 2476 per
1826 2438 1922 2467 sedem
1939 2438 2135 2474 apostolicam
2151 2435 2303 2475 deputato,

1292 2493 1423 2523 mandat
1441 2497 1474 2522 ut
1491 2501 1597 2530 regem
1617 2493 1834 2521 Romanorum
1848 2491 1886 2520 ad
1904 2490 2040 2521 celerem
2056 2489 2303 2529 apostolicarum

1291 2547 1472 2577 litterarum
1493 2545 1714 2575 executionem
1734 2544 1876 2575 inducat.

1337 2613 1348 2627 α
1367 2600 1535 2631 Credimus
1551 2600 1589 2629 ad
1608 2604 1732 2629 tuam...
1752 2616 1789 2620 —
1806 2599 1877 2628 Dat.
1896 2602 2052 2637 utsupra.
2070 2609 2083 2624 ι

1361 2759 1477 2786 6ἵ22
1871 2756 1999 2790 Orvieto,
2016 2755 2045 2782 21
2064 2757 2131 2784 amit
2151 2756 2229 2784 129¹.

1325 2821 1557 2856 Responsionom
1590 2821 1658 2847 facit
1686 2820 1789 2847 litteris
1819 2819 1963 2854 Argonis,
1997 2819 2074 2853 regis
2103 2818 2298 2846 Tartarorum.

1288 2871 1370 2904 (Res.
1388 2870 1437 2901 46,
1455 2879 1480 2897 ι’.
1496 2871 1524 2897 31
1537 2892 1543 2903 ,
1560 2870 1578 2896 s.
1598 2870 1646 2897 1ίὶ9
1664 2877 1703 2901 r⁰;
1724 2869 1839 2900 Ponit..
1857 2868 1968 2900 23:91.)

1327 2974 1483 3012 Maqnifico
1501 2974 1565 3002 viro
1577 2972 1702 3010 Arqoni,
1717 2973 1783 3010 rcyi
1798 2973 1999 3001 Tartar-orum
2016 2971 2146 3007 illustri,
2162 2970 2299 3008 qratiam
