2393 3496
223 309 279 337 854
966 303 1200 333 REGISTRES
1223 303 1276 331 DF.
1299 301 1481 331 NtCOLAS
1505 303 1560 331 lv.

484 370 839 404 s‘aintc-Marie-Mujcure.
855 370 889 395 *25
906 369 1055 395 decembre
1075 368 1149 394 ΓΚΜ.

294 373 409 401 6364

260 434 390 460 Fac-uitas
405 433 567 460 conserendi
585 432 795 458 tabellionatum
807 430 918 456 duabus
930 430 1070 464 personis.
1083 429 1164 463 (Rite.
1177 430 1221 459 lit),

222 491 246 509 c.
263 483 335 510 6372.
354 483 370 508 s.
394 483 439 508 1⁴25
458 484 506 511 νο.)

268 583 434 611 Venerabili
449 582 542 616 fratri
558 581 597 613 J.¹
618 581 748 616 episcopo
767 579 962 607 Roslrildensi.

266 646 278 660 ι
300 634 339 663 lix
358 638 443 671 parte
465 637 554 661 tua...
576 647 618 654 —
644 631 715 660 Dat.
742 631 852 666 Rome,
877 630 958 669 apud
983 630 1130 660 Sanctam
1156 631 1221 659 Ma-

221 688 300 716 riam
314 686 476 723 Majorem,
496 694 549 713 vin
568 683 718 714 kalendas
730 684 884 722 januarii.
903 692 989 713 anno
1003 688 1125 722 quarto.
1146 696 1158 710 υ

287 863 403 891 6365

255 924 374 950 Litteras
397 924 551 950 Alexandri
575 923 649 950 ΙΙΙΙιι
672 924 707 950 de
730 924 958 951 ordinationibus
978 925 1005 951 in
1028 924 1219 950 salamantina

216 972 338 998 ecclesia
353 973 436 999 sactis
452 973 580 999 annotari
596 973 672 999 facit.
689 972 772 1005 (Reo.
789 972 833 1006 46,
851 982 876 1000 c.
895 973 956 1004 638,
974 973 992 999 f.
1014 973 1061 1000 1³29
1078 974 1126 1004 ro.)

479 862 838 897 Sainte-Marie-Majeurc,
854 864 887 890 ‘23
903 863 1052 889 decembre
1074 862 1148 889 1291.

262 1074 428 1104 Venerabili
438 1076 532 1110 fratri
543 1098 563 1105 ..
572 1076 704 1113 episcopo
714 1076 939 1105 Salanmntino.
952 1089 965 1101 κ
976 1075 1132 1105 Touorem
1145 1084 1220 1113 qua-

216 1127 362 1157 rumdam
380 1128 556 1158 litterarum
573 1128 676 1158 felicis
692 1129 919 1159 recordationis
936 1129 1112 1158 Alexandri
1128 1138 1217 1167 pape,

215 1180 444 1219 predecessoris
460 1182 574 1217 nostri,
592 1190 647 1220 per
664 1190 743 1220 quas
763 1181 848 1211 idem
866 1181 1069 1220 predecessor
1085 1181 1118 1210 id
1135 1181 1218 1220 qnod

214 1234 254 1263 ab
280 1257 299 1264 ..
324 1234 549 1264 archidiacono
572 1239 601 1264 et
625 1234 787 1273 quondam
808 1235 931 1265 Isidoro
955 1234 1104 1271 Martini,
1123 1243 1216 1264 cano-

215 1287 286 1317 nico
320 1287 587 1325 Legionensibus,
624 1287 837 1326 subdelegatis
868 1297 886 1318 a
917 1288 1092 1318 venerabili
1122 1288 1218 1318 fratre

216 1343 322 1370 nostro
339 1363 358 1371 ..
377 1342 521 1379 episcopo
534 1348 594 1370 et..
609 1341 761 1378 magistro
775 1341 933 1371 scolarum
950 1341 1215 1379 Legionensibus‚

213 1393 331 1431 quihus
353 1401 477 1423 necnon
503 1398 531 1423 et
551 1417 571 1423 ..
598 1394 824 1424 archidiacono
848 1394 887 1424 de
907 1395 1008 1425 Merel
1029 1395 1063 1424 in
1085 1395 1217 1424 ecclesia

216 1446 405 1483 Legionensi
418 1446 503 1475 idem
517 1446 717 1486 predecessor
726 1447 900 1486 spetialiter
910 1448 943 1477 id
952 1449 1167 1485 commiserat,
1179 1449 1217 1479 de

215 1501 410 1530 revocatione
433 1501 645 1539 quarumdam
665 1501 878 1532 ordinationis
897 1507 927 1532 et
943 1503 1217 1542 interpretationis

213 1554 366 1584 saetarum
386 1555 418 1583 in
436 1555 552 1593 majori
567 1559 598 1584 et
613 1555 646 1584 in
662 1555 734 1585 aliis
748 1555 891 1585 ecclesiis
908 1556 1127 1586 Salamantine
1143 1557 1217 1586 eivi-

215 1609 284 1637 tatis
306 1614 336 1637 et
357 1608 490 1638 diocesis
513 1617 531 1637 a
555 1609 636 1638 bone
656 1611 810 1639 memorie
829 1610 878 1646 E„
896 1609 1087 1640 Sanctorum
1103 1609 1218 1640 Cosme

212 1666 242 1691 et
259 1661 408 1690 Damiani
427 1661 560 1692 diacono
576 1662 747 1698 cardinali,
765 1663 802 1692 de
827 1663 976 1693 mandato
993 1663 1094 1693 felicis
1111 1672 1217 1693 recor-

213 1714 349 1744 dationis
374 1715 555 1745 Iunocentii
578 1724 657 1754 pape
680 1716 777 1752 ΙΙΙΙῑῑ,
797 1716 1028 1754 predecessoris
1046 1718 1166 1753 nostri,
1185 1722 1219 1747 ut

213 1768 341 1803 dicitur.
358 1768 475 1798 sactum
494 1768 606 1805 fuerat,
624 1769 843 1805 confirmavit,
863 1770 901 1799 de
917 1771 1012 1800 verbo
1028 1771 1067 1800 ad
1084 1771 1217 1801 verbum

214 1821 415 1859 presentibus
431 1821 566 1851 fecimus
581 1822 739 1852 annotari.
757 1822 821 1858 Qui
841 1823 910 1852 talis
927 1828 973 1853 est
990 1836 995 1852 z

253 1886 265 1901 α
285 1874 482 1910 Alexander,
501 1875 664 1914 episcopus
680 1884 791 1905 servus
806 1884 970 1906 servorum
988 1877 1058 1907 Dei.
1076 1877 1217 1908 Venera-

214 1939 226 1953 n
252 1926 308 1956 bili
326 1927 416 1956 fratri
435 1951 453 1956 ..
472 1927 616 1966 episcopo
632 1927 852 1959 Salamantino
871 1929 1005 1959 salutem
1025 1933 1055 1960 et
1072 1931 1219 1969 apostoli-

213 1992 226 2007 »
250 1989 319 2010 cam
336 1980 603 2011 benedictionem.
622 1982 694 2011 Hiis
709 1991 770 2020 que
786 1982 906 2014 fiunt...
923 2000 961 2005 —
979 1984 1050 2013 Dat.
1068 1984 1216 2021 viterbii,

213 2046 226 2059 »
245 2044 263 2063 v
278 2033 350 2063 idus
366 2034 560 2070 novembris
580 2035 782 2073 pontificatus
799 2037 899 2066 nostri
914 2045 1000 2067 anno
1016 2038 1119 2068 tertio.
1141 2049 1154 2064 n

251 2087 341 2117 Nulli
364 2096 453 2125 ergo,
470 2092 541 2124 etc,
560 2093 665 2118 nostre
683 2089 913 2125 annotationis,
932 2094 990 2120 etc.
1008 2091 1080 2122 Dat.
1098 2091 1215 2129 Rome,

209 2142 294 2181 apud
318 2141 466 2171 Sanctam
491 2141 625 2171 Mariam
650 2142 821 2180 Majorem,
843 2153 860 2172 x
881 2143 1035 2174 kalendas
1054 2145 1215 2183 J'anuarii,

209 2203 295 2225 auno
311 2199 434 2232 quarto.
457 2207 469 2221 ι)

281 2379 397 2408 6366
695 2380 822 2415 Orvieto‚
840 2381 871 2408 27
887 2383 1050 2417 septembre
1068 2383 1146 2411 1991.

247 2442 393 2469 Remissio
413 2443 559 2469 fructuum
578 2443 675 2470 illicite
696 2448 908 2479 perceptorum.
929 2445 1011 2478 (Rau.
1034 2447 1084 2478 46,
1102 2455 1127 2474 c.
1146 2447 1213 2479 639,

209 2492 228 2518 f.
251 2490 299 2518 ¹29
316 2492 366 2523 vo.)

249 2594 370 2631 Huyom'
390 2594 565 2631 Sampsonts
583 2595 661 2624 dicto
677 2595 710 2624 de
727 2595 889 2632 Coleioille,
905 2588 1089 2636 presbytero,
1106 2600 1216 2629 rectori

208 2648 325 2677 ecclesie
341 2647 374 2676 de
385 2647 509 2685 Byrlsin,
525 2646 721 2677 Eboracensis
736 2649 868 2685 diocesis,
882 2651 948 2689 qui,
959 2660 1145 2690 quanquam
1161 2652 1215 2682 de—

208 2701 326 2730 fectum
343 2700 498 2730 natalium
513 2701 648 2739 patiens,
661 2701 699 2731 de
713 2701 908 2733 subdiacono
919 2705 1047 2742 genitus
1059 2710 1088 2734 et
1099 2705 1213 2743 soluta,

207 2753 374 2784 ecclesiam
392 2753 431 2783 de
449 2753 582 2792 Fyncha
598 2753 638 2793 (ἲ)
654 2753 711 2793 (1),
729 2754 948 2786 Nox-wicensis
969 2757 1142 2795 dioecesis,
1159 2768 1215 2798 per

207 2811 344 2846 quatuor
358 2814 460 2836 annos
476 2806 624 2844 detinuit,
636 2816 695 2837 nec
711 2816 743 2836 se
759 2807 843 2837 intra
858 2817 981 2840 anunm
998 2810 1036 2840 ad
1053 2811 1215 2850 presbyte—

208 2863 312 2890 ratum
335 2859 515 2898 promoveri
538 2859 630 2896 fecit,
651 2864 681 2890 et
702 2861 904 2899 postmodum
929 2863 1085 2901 professor
1105 2863 1212 2902 legum

239 2981 270 3010 (1)
287 2979 333 3003 L‘h
351 2982 392 3003 cst
409 2979 487 3003 barre
503 2987 552 3010 par
567 2986 603 3003 un
620 2980 687 3010 petit
704 2981 776 3009 trait,
793 2981 870 3011 signe
887 2982 1093 3008 d'abreviation.

1306 367 1445 400 effectus
1465 367 1574 396 eadem
1592 366 1723 397 ecclesia
1739 366 1873 396 dimissa
1889 371 1919 396 et
1933 365 2061 396 obtenta
2077 375 2172 405 super
2187 366 2307 398 defectu

1307 419 1459 449 natalium
1486 420 1736 458 dispensatione,
1758 419 1925 449 ecclesiam
1949 418 1987 448 de
2011 418 2133 457 Byrkin
2156 419 2307 458 obtinuit,

1306 473 1426 502 fructus
1446 478 1475 501 et
1495 477 1665 511 proventus
1681 472 1832 501 ecclesiae
1847 472 1887 501 de
1905 472 2036 510 Fyncha
2051 472 2091 510 (‘?)
2107 471 2218 502 illicite
2239 482 2308 512 pet·-

1304 528 1408 563 ceptos
1425 526 1568 554 remittit.

1347 591 1359 604 ιι
1379 578 1493 607 Merita
1511 582 1562 608 tue
1579 578 1780 617 probitatis...
1798 596 1835 599 —
1850 578 1921 608 Dat.
1935 579 2018 617 apud
2036 578 2309 617 Urbemveterem.

1304 641 1322 660 v
1339 631 1492 661 kalendas
1508 631 1654 666 octobris,
1673 640 1757 661 anno
1773 636 1896 670 quarto.
1916 644 1929 658 ι»

1374 803 1489 831 6369

1341 865 1523 899 Dispensatio
1554 873 1642 900 super
1669 865 1781 892 defectu
1813 865 1960 892 natalium.
1990 865 2073 898 (Rea.
2102 865 2149 896 46,
2181 873 2206 892 c.
2237 865 2306 900 640,

1303 915 1320 940 f.
1342 915 1390 942 1²29
1408 918 1456 941 νῦ.)

1566 803 1926 838 Sainte-Marie-Majeure,
1943 803 1972 830 ‘21
1992 803 2143 830 decembre
2160 803 2237 831 1291.

1345 1040 1364 1046 ..
1382 1017 1482 1046 abbati
1499 1019 1680 1047 monasterii
1695 1018 1800 1047 Sancti
1817 1018 1967 1048 Benedicti
1985 1019 2136 1051 Barensis,
2157 1018 2197 1047 ad
2211 1006 2310 1048 ronta-

1304 1079 1376 1099 nam
1391 1071 1542 1100 ecclesiam
1557 1072 1644 1100 millo
1656 1072 1753 1100 medio
1766 1073 1960 1109 pertinentis,
1977 1071 2095 1101 ordinis
2105 1071 2135 1101 S.
2148 1071 2307 1109 Benedicti,

1302 1124 1472 1153 committit
1497 1128 1531 1153 ut
1554 1132 1627 1153 cum
1652 1124 1746 1154 Petro
1770 1124 1808 1154 de
1838 1125 1933 1161 Baro,
1957 1124 2143 1154 monasterii
2166 1123 2309 1162 ejusdem

1302 1177 1421 1215 priore,
1440 1177 1640 1216 presbytero,
1658 1186 1731 1207 cum
1753 1186 1814 1216 quo
1837 1178 1903 1216 jam
1920 1177 1998 1208 olim
2015 1177 2234 1216 dispensatum
2251 1177 2310 1208 ruit

1303 1234 1353 1265 ut,
1371 1238 1435 1259 non
1453 1230 1599 1260 obstante
1617 1230 1741 1261 defectu
1760 1230 1915 1260 natalium
1940 1239 2036 1269 quem
2058 1230 2175 1269 patitur
2197 1230 2236 1261 de
2258 1239 2307 1261 so-

1300 1282 1366 1312 luto
1384 1283 1511 1321 genitus
1530 1287 1560 1313 et
1577 1283 1690 1320 soluta,
1708 1285 1741 1314 in
1765 1285 1919 1324 susceptis
1941 1283 2110 1315 ordinibus
2127 1283 2309 1315 ministrare

1301 1341 1332 1366 et
1342 1336 1637 1367 administrationes
1648 1337 1772 1367 ordinis
1784 1337 1846 1372 sui,
1856 1337 1982 1367 abbatia
1993 1337 2158 1367 dumtaxat
2169 1341 2306 1376 excepta,
2346 1363 2351 1366 .

1301 1388 1462 1429 suscipere
1471 1390 1600 1426 valeret,
1609 1391 1725 1420 iterum
1735 1390 1897 1430 dispenset
1906 1391 1985 1421 utad
1996 1390 2155 1421 abbatiam
2165 1390 2308 1430 ejusdem

1300 1443 1424 1474 ordinis
1439 1445 1619 1482 promoveri
1636 1445 1743 1483 possit.

1343 1509 1355 1523 «
1376 1497 1545 1535 Regularis
1556 1498 1678 1528 ordinis
1690 1498 1959 1537 professoribus...
1970 1514 2008 1520 —-
2019 1498 2090 1528 Dat.
2105 1497 2309 1536 Rome‚apud

1301 1550 1450 1580 Sanctam
1471 1551 1607 1581 Mariam
1628 1552 1799 1590 Majorem,
1816 1561 1859 1580 xn
1878 1551 2032 1581 kalendas
2046 1551 2204 1590 januarii,
2224 1559 2315 1581 anno

1301 1609 1424 1643 quarto.
1446 1617 1458 1631 n

1372 1777 1490 1805 6368

1337 1839 1522 1874 Dispensatio
1537 1848 1625 1874 super
1640 1839 1801 1875 pluralitate
1817 1839 2032 1866 beneficiorum.
2045 1838 2128 1872 (Rea.
2140 1838 2185 1870 46,
2198 1847 2224 1866 c.
2235 1839 2310 1873 6402,

1300 1889 1319 1915 f.
1340 1889 1388 1916 1⁶29
1405 1890 1458 1922 vo.)

1563 1775 1923 1810 Sainte-Marie-Majeure,
1939 1776 1974 1803 ‘23
1990 1776 2142 1803 decembre
2160 1776 2237 1804 129¹.

1340 1993 1444 2023 Jacobo
1461 1993 1622 2031 Synibaldi
1642 1994 1676 2022 (le
1699 1993 1866 2029 Florentia,
1887 1994 1996 2023 rectori
2016 1993 2131 2022 ecclesie
2150 1993 2185 2022 de
2205 1991 2310 2022 Came·
2363 2006 2366 2010 ·

1299 2049 1415 2085 sz'nyes,
1434 2047 1585 2076 nossent-is
1606 2047 1739 2076 diocesis.
1763 2046 1844 2076 Cum
1867 2055 1904 2076 eo
1927 2045 2089 2085 dispensat
2112 2048 2162 2081 ut,
2186 2050 2310 2084 praeter

1301 2099 1469 2130 ecclesiam
1482 2100 1519 2130 de
1530 2099 1749 2137 Camesinges,
1760 2099 1894 2130 unicum
1905 2098 1992 2129 aliud
2004 2098 2198 2128 beneficium
2209 2098 2313 2128 eccle-

1301 2154 1464 2184 siasticum
1481 2153 1621 2192 recipere
1638 2153 1745 2192 possit.

1343 2219 1356 2234 α
1380 2206 1554 2237 Cousuevit
1577 2206 1748 2245 apostolica
1770 2206 1899 2236 sedes...
1923 2223 1962 2228 —
1988 2206 2058 2236 Dat.
2084 2206 2204 2242 Rome,
2225 2205 2309 2245 apud

1300 2260 1452 2291 Sanctam
1479 2260 1613 2290 Mariam
1638 2260 1805 2299 MaJorem,
1830 2270 1848 2289 x
1870 2259 2024 2290 kalendas
2044 2259 2199 2298 januarii,
2221 2267 2314 2290 anuo

1300 2318 1423 2353 quarto.
1444 2326 1457 2340 n

1370 2499 1486 2528 6369

1336 2561 1519 2596 Dispensatio
1534 2569 1623 2596 super
1639 2561 1797 2597 pluralitate
1815 2561 2029 2588 beneficiorum.
2042 2560 2124 2595 (Rso.
2139 2560 2184 2593 46,
2200 2568 2226 2588 c.
2243 2559 2306 2592 641,

1299 2610 1317 2636 s.
1337 2609 1387 2637 1‘29
1404 2611 1455 2643 νο.)

1561 2499 1920 2535 Sainte-Marie-Majeure‚
1937 2499 1971 2526 ‘20
1986 2499 2138 2527 decembre
2155 2499 2235 2527 1291,

1340 2735 1360 2742 ..
1386 2714 1519 2751 episcopo
1537 2713 1721 2743 Norwicensi
1740 2714 1911 2744 committit
1931 2717 1966 2743 ut
1987 2721 2062 2743 cum
2085 2711 2250 2742 Willelmo
2266 2710 2307 2742 de

1297 2766 1428 2803 Saliam,
1446 2766 1653 2804 subdiacono,
1670 2772 1790 2798 rectore
1806 2767 1959 2797 ecclesiae
1975 2766 2014 2797 de
2029 2765 2178 2804 Kirkehy
2194 2763 2302 2801 Wisk,

1298 2821 1507 2851 Eboracensis
1521 2821 1688 2857 dioecesis,
1706 2822 1869 2861 dispenset
1885 2825 1919 2851 ut
1933 2819 2086 2850 ecclesias
2101 2818 2141 2848 de
2158 2817 2303 2857 Tykeye,

1296 2873 1335 2904 de
1351 2874 1505 2913 Morleye,
1524 2875 1753 2910 Noiwviceiisis,
1773 2875 1812 2905 de
1829 2874 1987 2913 Kyrkeby
1999 2872 2094 2903 Wisk
2112 2876 2143 2902 et
2157 2871 2197 2902 de
2211 2869 2304 2901 Clera

1297 2928 1406 2966 Regis,
1426 2928 1666 2959 wintoniensis
1681 2929 1888 2966 dioecesium,
1904 2936 1982 2967 quas
1997 2925 2133 2957 insimul
2150 2925 2220 2955 sine
2236 2924 2302 2954 dis-

1296 2982 1483 3019 pensatione
1506 2983 1624 3022 reeepit
1647 2987 1677 3013 et
1699 2983 1854 3020 detinuit,
1879 2981 2038 3022 possidere
2063 2979 2185 3017 valeat;
2208 2977 2305 3008 dum-
