2393 3496
1001 230 1255 277 QUATRIEME
1277 229 1435 269 ΑΝΝΕΕ.
2209 245 2267 277 703

166 303 407 343 Indulgentiam
423 305 522 335 unius
538 305 617 335 anni
631 310 661 335 et
676 315 713 336 xi,
735 306 863 337 dierum
879 307 1024 337 concedit
1040 306 1174 336 visitan-

168 357 252 388 tibus
267 357 433 387 ecclesiam
449 351 557 388 sancti
572 357 727 389 Germani
744 359 783 389 de
800 359 998 399 Legayllart,
1019 359 1176 390 Constan-

167 410 282 441 tiensis
299 410 470 447 dioecesis,
487 411 521 440 in
538 411 722 441 Nativitatis
741 412 849 442 beatae
869 413 988 443 Mariae
1006 418 1037 443 et
1054 418 1177 443 sancto-

167 473 240 494 rum
268 464 423 503 Stephani
452 468 484 495 et
505 464 605 495 Blasii
635 465 863 496 festivitatibus
887 471 917 497 et
941 476 996 505 per
1015 471 1084 497 octo
1108 467 1176 496 dies

167 522 349 556 sequentes.

208 584 223 599 «
242 571 312 601 Vite
328 571 479 610 perennis
495 571 636 610 gloria...
654 589 694 597 -
707 574 776 604 Dat.
795 573 879 612 apud
896 573 1176 609 Urbemveterem‚

167 634 214 655 nu
233 624 306 654 idus
323 624 416 661 maii,
432 633 519 656 anno
536 631 660 665 quarto.
678 639 691 653 n

207 678 246 708 In
263 687 290 708 e.
308 686 366 714 m.,
384 687 439 717 pro
455 678 588 709 eeclesia
606 702 626 709 ..
646 680 763 718 prioris
781 685 811 710 et
830 680 964 710 fratrum
984 680 1099 711 domus
1119 680 1178 710 Dei

167 731 206 762 de
217 731 334 762 Sancto
346 732 466 769 Laudo,
480 732 737 764 Constantiensis
750 733 915 771 dioecesis,
930 735 964 763 in
975 734 1177 772 Assumptio-

167 787 219 816 nis
233 785 343 815 beatae
361 786 491 823 Mariae,
509 781 692 817 sanctornm
706 787 866 817 Francisci
885 791 915 817 et
932 787 1028 826 Eligii
1043 791 1074 817 et
1085 795 1178 817 sanc·

168 842 217 869 tae
232 838 402 869 Caterinae
418 839 655 877 festivitatibus,
674 849 729 879 per
744 845 813 870 octo
829 840 898 871 dies
913 845 1083 879 sequentes
1098 845 1129 870 et
1143 841 1175 870 in

167 893 389 923 anniversario
404 893 456 923 die
471 893 684 924 dedicationis
699 894 844 933 ejusdem
868 893 1032 924 ecclesiae.
1052 895 1123 925 Dat.
1144 898 1179 924 ut

167 954 273 985 supra.

775 1012 902 1044 Orvieto,
920 1013 935 1040 3
954 1014 1009 1040 mai
1030 1013 1105 1040 1⁶:91.

207 1076 246 1106 In
264 1085 291 1106 e.
307 1085 364 1113 m.‚
379 1084 436 1114 pro
452 1075 586 1106 ecclesia
604 1075 720 1105 Beatae
735 1075 856 1105 Mariae
871 1075 910 1104 de
927 1075 1025 1105 Fonte
1041 1075 1158 1106 Sancto
1169 1099 1176 1112 ,

166 1129 365 1160 Giennensis
389 1128 566 1164 dioecesis,
590 1129 624 1158 in
650 1132 788 1167 quatuor
813 1127 958 1167 ejusdem
983 1128 1118 1166 virginis
1148 1132 1178 1158 et

166 1187 294 1213 sanctae
316 1183 419 1212 crucis
443 1182 667 1212 festivitatibus
691 1185 722 1211 et
743 1190 798 1220 per
820 1185 889 1212 octo
909 1181 976 1211 dies
995 1186 1176 1220 sequentes.

166 1236 236 1267 Dat.
256 1236 340 1275 apud
359 1235 633 1270 Urbemveterem,
652 1245 671 1264 v
690 1243 792 1265 nonas
808 1235 896 1271 maii,
910 1243 997 1265 anno
1012 1239 1136 1274 quarto.

762 1314 889 1347 Orviet0,
910 1315 941 1342 ¹5
954 1316 1010 1342 mai
1030 1315 1106 1343 1291.

207 1379 247 1410 In
261 1388 289 1409 e.
307 1387 350 1408 m.
362 1402 369 1416 ‚
386 1386 442 1417 pro
460 1377 594 1408 ecelesia
616 1377 733 1407 Beatae
749 1377 871 1407 Mariae
891 1377 930 1408 de
955 1377 1050 1408 Sorra
1070 1378 1180 1408 Sancti

166 1431 349 1471 Gangerici‚
372 1431 556 1462 Leodiensis
571 1430 738 1466 dioecesis,
752 1430 786 1460 in
805 1434 941 1469 quatuor
955 1431 1100 1471 ejusdem
1116 1433 1180 1462 vir-

167 1487 255 1526 ginis
276 1485 517 1521 festivitatibus,
538 1494 594 1524 per
609 1489 679 1515 octo
702 1484 771 1515 dies
793 1489 963 1524 sequentes
985 1489 1016 1516 et
1035 1486 1069 1515 in
1085 1486 1181 1516 anni-

168 1539 309 1570 versario
333 1539 384 1569 die
408 1538 620 1568 dedicationis
642 1537 787 1577 ejusdem
811 1537 973 1569 ecclesiae.
1000 1539 1071 1569 Dat.
1097 1540 1181 1578 apud

171 1593 434 1624 Urbemveterem
448 1617 455 1630 ,
474 1591 581 1623 idibus
598 1591 678 1622 maii
692 1615 700 1629 ,
723 1600 810 1623 anno
833 1596 957 1631 quarto.
971 1592 1032 1632 (En
1049 1594 1181 1633 marye.)

753 1672 886 1707 Orvieto‚
904 1673 944 1699 1·Γ
959 1673 1015 1700 mai
1032 1673 1109 1701 1291.

209 1737 249 1769 In
264 1746 292 1767 e.
308 1745 366 1774 m.,
383 1745 440 1776 pro
457 1735 590 1766 ecclesia
606 1736 645 1766 de
662 1735 856 1773 Dornhano,
874 1735 1073 1767 Tholosanae
1094 1737 1182 1768 dioe-

168 1791 270 1826 cesis.
296 1790 330 1820 in
358 1789 498 1828 singulis
523 1789 555 1820 S.
587 1789 690 1826 Petri,
716 1789 748 1819 in
771 1790 863 1828 cnjus
892 1790 1046 1820 honorem
1071 1790 1182 1820 eadem

167 1843 299 1875 ecclesia
326 1847 373 1874 est
393 1847 594 1879 constructa,
617 1847 646 1873 et
671 1843 910 1882 Assumptionis
934 1843 1043 1874 beatae
1062 1844 1182 1874 Mariae

167 1897 394 1928 festivitatibus
407 1900 437 1927 et
451 1905 506 1936 per
521 1901 590 1926 octo
603 1896 672 1926 dies
687 1901 858 1934 sequentes
871 1901 930 1927 etc.
945 1901 1094 1936 utsupra.
1109 1898 1180 1929 Dat.

167 1950 315 1981 kalendis
330 1950 408 1980 maii
419 1974 426 1987 ,
445 1958 531 1980 anno
547 1954 673 1989 quarto.
692 1949 796 1989 (Ibid.)

774 2030 907 2064 Orvieto,
926 2031 940 2057 7
957 2031 1011 2058 mai
1030 2031 1107 2059 12’91.

207 2095 245 2125 In
264 2103 291 2125 e.
310 2103 367 2130 m.‚
385 2102 441 2132 pro
458 2093 593 2123 ecclesia
612 2093 722 2123 Sancti
739 2092 836 2122 Dulat
853 2093 892 2123 de
909 2094 1095 2130 Borcuniri,
1115 2094 1180 2124 Du-

168 2147 328 2178 blinensis
346 2146 512 2182 dioecesis,
526 2146 558 2175 in
578 2150 715 2185 quatuor
731 2145 840 2175 beatae
855 2146 975 2176 Mariae
992 2150 1022 2176 et
1037 2147 1181 2185 ejusdem

168 2201 268 2231 sancti
286 2199 512 2230 festivitatibus
529 2204 559 2228 et
575 2208 630 2238 per
644 2203 713 2228 octo
729 2199 797 2228 dies
813 2203 993 2238 sequentes.
1012 2200 1082 2230 Dat.
1097 2200 1180 2239 apud

171 2254 447 2289 Urbemveterem,
466 2253 560 2283 nonis
579 2252 669 2288 maii,
688 2261 774 2282 anno
790 2257 914 2291 quarto.
935 2253 1035 2292 (Ibid.)

781 2332 906 2363 Orvieto,
925 2333 938 2359 4
958 2334 1013 2359 mai
1032 2333 1109 2361 1291.

211 2397 248 2427 In
264 2406 291 2427 e.
309 2405 372 2433 m.,
391 2404 446 2435 pro
462 2395 596 2425 ecclesia
617 2394 725 2425 Sancti
747 2395 903 2425 Martialis
927 2396 966 2426 de
986 2396 1179 2434 Saileniaco‚

169 2450 445 2481 Autisiodorensis
458 2449 624 2485 dioecesis,
642 2450 675 2478 in
696 2449 774 2479 festo
793 2449 938 2487 ejusdem
961 2450 1062 2480 sancti
1078 2454 1108 2480 et
1127 2460 1182 2489 per

167 2508 237 2535 octo
247 2504 317 2534 dies
329 2508 510 2542 sequentes.
530 2502 601 2533 Dat.
615 2502 699 2542 apud
718 2503 994 2539 Urbemveterem,
1015 2513 1062 2533 1111
1079 2512 1181 2534 nonas

167 2558 263 2594 maii,
279 2565 366 2587 anno
381 2561 506 2597 quarto.
524 2556 628 2595 (Ibid.)

764 2636 891 2667 Orvieto,
910 2637 942 2663 15
958 2637 1013 2663 mai
1031 2636 1109 2664 129¹.

209 2700 248 2730 In
265 2709 293 2731 e.
310 2708 371 2736 m.‚
395 2707 450 2738 pro
476 2698 608 2729 ecclesia
630 2698 738 2728 Sancti
763 2699 848 2728 Petri
872 2698 905 2727 in
930 2699 1062 2735 Vetera,
1086 2707 1181 2737 prope

171 2752 453 2788 Urbemveterem,
474 2751 508 2781 in
532 2751 677 2790 eJusdem
702 2751 803 2780 sancti
827 2755 857 2781 et
877 2755 1004 2781 sauctae
1022 2751 1181 2781 Cristinae

169 2805 411 2841 festivitatibus,
431 2814 485 2844 per
507 2810 576 2834 octo
594 2804 662 2834 dies
678 2808 848 2842 sequentes
864 2808 894 2834 et
911 2804 944 2833 in
961 2804 1182 2834 anniversario

169 2858 223 2888 die
238 2858 449 2889 dedicationis
464 2857 610 2897 ejusdem
625 2856 789 2887 ecclesiae.
811 2856 881 2886 Dat.
902 2857 984 2895 apud
1003 2857 1182 2888 Urbemve-

172 2916 283 2948 terem,
301 2911 408 2942 idibus
424 2911 512 2948 maii,
531 2919 617 2941 auno
635 2914 758 2949 quarto.
775 2909 883 2948 (thid.)

1864 308 1995 342 Orvieto,
2014 310 2028 335 7
2045 311 2099 336 mai
2117 311 2195 338 1291.

1301 367 1339 396 In
1356 376 1382 397 e.
1402 377 1459 403 m„
1479 376 1534 406 pro
1551 368 1672 407 capella
1687 367 1854 407 hospitalis
1871 378 2045 408 pauperum
2067 371 2180 402 Beatae
2197 373 2266 403 Ma-

1261 421 1326 450 riae
1343 421 1525 458 Remensis,
1546 422 1577 451 in
1596 422 1674 452 festo
1691 423 1899 453 Ascensionis
1916 423 2047 453 Domini
2070 429 2100 454 et
2123 434 2177 464 per
2200 430 2267 457 octo

1260 473 1329 503 dies
1344 480 1524 513 sequentes.
1555 476 1624 505 Dat.
1642 475 1726 514 apud
1751 475 2012 507 Urbemveterem
2027 501 2034 514 ,
2055 478 2149 508 nonis
2172 479 2265 516 maii,

1260 535 1346 557 auno
1362 533 1488 566 quarto.
1507 528 1613 568 (Ibid.)

1844 582 1977 618 Orvieto,
1995 583 2027 610 15
2044 584 2099 610 mai
2119 584 2197 612 1291.

1302 643 1339 671 In
1367 651 1395 672 e.
1418 651 1481 679 m.,
1507 651 1561 682 pro
1585 643 1718 674 ecclesia
1738 644 1847 674 Sancti
1870 644 2040 675 Saturnini
2063 646 2100 676 de
2124 646 2266 685 Pozolis,

1263 695 1484 726 Narbonensis
1502 697 1674 732 dioecesis,
1700 698 1734 726 in
1754 702 1890 736 quatuor
1907 699 2016 729 beatae
2037 700 2158 730 Mariae
2178 700 2267 731 festi-

1262 749 1432 783 vitatibus,
1455 757 1510 787 per
1524 754 1594 779 octo
1609 750 1677 779 dies
1699 755 1868 789 sequentes
1886 755 1915 781 et
1930 752 1963 781 in
1977 753 2200 784 anniversario
2217 754 2269 785 die

1261 802 1471 832 dedicationis
1485 803 1627 841 ejusdem
1644 803 1807 835 ecclesiae.

1307 869 1318 882 «
1337 856 1419 886 Cum
1435 855 1474 885 ad
1490 857 1737 895 premerenda...
1750 875 1788 879 —
1805 858 1877 888 Dat.
1891 859 1976 898 apud
1991 860 2267 900 Urbemmterem,

1262 908 1367 938 idibus
1380 909 1472 943 maii,
1489 917 1576 939 anno
1592 914 1715 948 quarto.
1738 921 1751 937 a

1333 1082 1455 1112 5010

1296 1143 1421 1177 Jacobo,
1439 1143 1562 1171 Sanctae
1579 1143 1685 1171 Mariae
1701 1145 1729 1171 in
1747 1144 1800 1171 Via
1816 1146 1870 1172 lata
1886 1145 2005 1173 diacono
2023 1147 2174 1179 cardinali,
2191 1156 2271 1174 com-

1263 1193 1350 1219 mittit
1375 1194 1582 1228 protectionem
1603 1197 1632 1221 et
1654 1194 1852 1221 defensionem
1877 1216 1894 1222 ..
1919 1196 2046 1230 magistri
2072 1197 2269 1231 provincialis,

1263 1242 1530 1269 commendatorum
1553 1246 1580 1269 et
1600 1242 1720 1270 fratrum
1743 1243 1852 1270 ordinis
1875 1245 1992 1271 militiae
2008 1244 2103 1272 Sancti
2119 1245 2220 1273 Jacobi
2242 1247 2271 1273 in

1264 1290 1445 1326 Poi-tugaliae
1460 1295 1489 1318 et
1504 1291 1634 1326 Algarbii
1651 1292 1760 1327 regnis.
1777 1292 1860 1325 (ΠΕΟ.
1878 1293 1921 1325 46,
1938 1302 1963 1321 c.
1983 1294 2042 1325 184,
2058 1295 2077 1322 f.
2095 1294 2127 1322 :3ss
2143 1298 2190 1328 νο.)

1872 1084 1998 1118 Orviet0‚
2016 1086 2029 1111 7
2048 1086 2103 1112 mai
2121 1085 2200 1113 1‘291.

1305 1394 1413 1424 Dilecto
1439 1394 1505 1431 filio
1529 1395 1656 1432 Iacobo,
1680 1395 1789 1425 Sancte
1808 1397 1902 1426 Marie
1928 1399 1959 1426 in
1987 1397 2038 1426 Via
2059 1398 2122 1427 lata
2145 1398 2270 1428 diacono

1264 1448 1433 1477 cardinali.

1307 1513 1321 1528 a
1346 1502 1436 1532 Inter
1460 1506 1563 1532 cetera
1583 1502 1877 1535 sollicitudinum...
1893 1519 1933 1526 -—
1948 1503 2019 1534 Dat.
2035 1504 2120 1544 apud
2134 1504 2270 1536 Urbem-

1265 1558 1424 1591 veterem,
1442 1555 1536 1585 nonis
1554 1555 1647 1590 maii,
1666 1564 1751 1586 anuo
1767 1560 1890 1595 quarto.
1910 1568 1924 1584 »

1336 1727 1421 1756 50¹
1433 1729 1453 1756 Ι
1857 1728 1983 1763 Orvieto,
2002 1729 2033 1756 12
2052 1730 2106 1757 mai
2123 1730 2200 1758 1291.

1302 1790 1487 1826 Dispensatio
1504 1799 1592 1825 super
1607 1791 1766 1826 pluralitate
1783 1791 1998 1820 beneficiorum.
2015 1792 2098 1825 (Rea.
2115 1793 2157 1823 46,
2171 1801 2196 1820 c.
2211 1793 2270 1824 185,

1265 1840 1283 1866 f.
1305 1840 1337 1867 36
1359 1841 1406 1871 r⁰.)

1305 1943 1447 1972 Riccardo
1463 1943 1496 1971 de
1511 1943 1658 1979 Damseld,
1675 1943 1830 1980 capellano
1846 1948 1959 1977 nostro,
1979 1944 2090 1972 rectori
2107 1943 2224 1972 ecclesie
2239 1944 2273 1972 de

1265 1986 1436 2032 Βαηρειοη,
1460 1996 1679 2025 Lincolniensis
1697 1996 1831 2026 diocesis.
1852 1995 1932 2025 Cum
1949 2003 1985 2025 eo
1999 1995 2161 2034 dispensat
2177 2000 2210 2025 ut
2224 2004 2272 2026 ec-

1265 2047 1377 2077 clesias
1391 2048 1429 2077 de
1447 2048 1622 2085 Langeton,
1642 2047 1879 2078 Lincolniensis
1895 2047 2059 2084 dioecesis,
2074 2053 2147 2078 ante
2164 2049 2272 2078 conci-

1266 2100 1346 2130 lium
1363 2101 1590 2139 Lugdunense,
1610 2105 1639 2130 et
1655 2101 1693 2130 de
1707 2100 1944 2138 Seinelingssec,
1963 2101 2168 2131 Eboracensis
2187 2101 2271 2131 dioe-

1265 2155 1357 2191 cesis,
1375 2159 1443 2193 post
1459 2153 1544 2183 idem
1562 2154 1735 2184 concilium
1753 2159 1904 2193 receptas,
1925 2163 2004 2194 quas
2023 2155 2093 2185 sine
2108 2155 2272 2194 dispensa-

1266 2208 1351 2238 tione
1387 2207 1471 2237 sedis
1511 2207 1703 2246 apostolicae
1741 2207 1877 2237 insimul
1912 2207 2068 2245 detinuit,
2102 2217 2167 2238 una
2199 2217 2272 2238 cum

1264 2261 1453 2292 canonicatu
1470 2265 1500 2291 et
1516 2260 1695 2300 praebenda
1711 2261 1864 2291 ecclesiae
1879 2260 2105 2298 Suwessensis,
2124 2270 2204 2300 quae
2218 2270 2271 2292 ca-

1266 2315 1380 2344 nonice
1398 2318 1445 2343 est
1463 2314 1611 2353 adeptus,
1633 2314 1769 2344 retinere
1789 2314 1901 2353 possit3
1920 2314 2094 2344 dummodo
2112 2314 2270 2344 fructuum

1266 2371 1486 2405 perceptorum
1508 2374 1682 2404 congruam
1705 2370 1823 2405 partem
1846 2367 1881 2396 in
1907 2367 2093 2397 earumdem
2121 2367 2271 2397 ecclesia-

1266 2428 1338 2449 rum
1354 2419 1539 2456 utilitatem,
1560 2419 1598 2449 ad
1616 2419 1786 2449 arbitrium
1805 2420 1880 2450 boni
1900 2420 1977 2456 viri,
1999 2424 2172 2451 convertat.

1307 2485 1320 2499 α
1339 2472 1523 2502 Laudabilis
1539 2473 1788 2503 conversationis
1804 2478 1871 2503 et...
1891 2490 1929 2495 --
1946 2473 2018 2503 Dat.
2031 2473 2114 2512 apud
2132 2473 2267 2503 Urbem-

1266 2530 1421 2563 veterem,
1441 2535 1485 2555 1111
1509 2526 1580 2556 idus
1596 2526 1686 2564 maii,
1701 2535 1786 2556 anno
1803 2530 1926 2565 quarto.
1947 2538 1960 2553 n

1337 2691 1597 2720 5⁰¹z-5023
1875 2691 2001 2722 Orvieto,
2018 2691 2033 2717 8
2050 2691 2103 2716 mai
2121 2690 2196 2716 ¹291.

1303 2754 1510 2789 Indulgentiae.
1529 2754 1611 2787 (Rea.
1630 2754 1672 2786 46.
1690 2762 1714 2780 c.
1736 2753 1794 2785 ¹86,
1812 2754 1829 2780 f.
1849 2754 1880 2780 36
1897 2755 1944 2785 ΓΘ.)

1310 2855 1460 2884 Uniuersis
1478 2856 1590 2884 Christi
1608 2856 1748 2892 fidelibus
1768 2859 1915 2892 presentes
1939 2855 2054 2884 litteras
2074 2854 2263 2890 inspecturis.

1269 2907 1509 2945 Indulgentiam
1527 2907 1624 2937 unius
1639 2907 1718 2937 anni
1734 2910 1764 2936 et
1781 2916 1816 2936 η
1833 2907 1957 2937 dierum
1976 2905 2118 2936 concedit
2133 2905 2265 2935 visitan-
