2393 3496
867 361 1079 393 REGISTRE
1102 351 1317 391 CAMERAL.
2086 359 2143 388 997

119 435 232 466 ’2285

86 499 127 526 De
141 497 239 524 eodem
256 496 382 531 negotio.
400 495 471 529 (Fol.
487 496 518 522 51
540 497 592 529 v0.)

533 431 660 465 Orvieto,
679 431 710 458 17
727 430 883 458 novembre
900 429 979 456 1290.

97 599 258 630 Venerabili
276 598 371 633 fratri
391 620 412 626 ..
436 597 656 634 archiepiscopo
674 597 846 626 Ravennati
870 595 1002 624 mandat
1021 599 1056 625 ut

54 652 186 692 Agapito
206 651 244 681 de
265 650 408 689 Colupna
425 650 583 680 auxilium
604 649 752 688 praebeat
770 649 810 679 ad
829 649 1053 679 liberationem

55 704 204 746 Stephani
219 703 257 734 de
271 702 428 742 Colupna.

93 771 109 787 (ι
125 758 204 788 Rem
218 765 349 795 gravem
367 760 436 786 et...
456 772 492 778 —
510 757 581 785 Dat.
600 760 661 786 etc.
681 768 694 783 n

543 941 670 975 Orvieto,
690 942 719 968 Π
736 941 891 968 novembre
909 941 985 969 1290.

124 942 240 973 ¹⁵29ss

88 1005 132 1033 De
147 1004 246 1031 eodem
263 1004 389 1039 negotio.
406 1003 478 1037 (Fol.
495 1003 528 1030 52
543 1005 589 1035 ro.)

91 1106 210 1137 Dilectis
234 1106 310 1143 filiis
335 1106 489 1135 nobilibus
514 1106 591 1135 viris
617 1106 858 1141 marchionibus,
886 1107 1057 1142 comitibus,

53 1160 197 1190 nobilibus
207 1164 234 1188 et
248 1159 408 1195 militibus,
426 1167 543 1188 necnon
557 1159 762 1196 potestatibus,
782 1159 919 1188 consiliis
935 1163 961 1188 et
980 1168 1058 1188 com·

55 1212 197 1242 munibus
219 1217 281 1241 tam
297 1211 457 1241 civitatum
473 1221 566 1250 quam
582 1216 754 1241 castrorum
770 1213 963 1250 aliorumque
980 1213 1057 1241 loco-

0 1287 1 1290 *
53 1273 123 1295 rum
145 1264 354 1294 Anchonitane
379 1265 520 1300 Jlarchie,
543 1265 661 1294 ecclesie
684 1273 810 1294 romane
829 1265 977 1301 fidelibus.
1004 1265 1059 1294 Eis

55 1317 181 1348 mandat
195 1321 231 1347 ut
250 1316 291 1346 ad
309 1317 556 1355 requisitionem
572 1317 719 1356 Agapiti‚
737 1317 852 1346 vicarii
870 1317 904 1346 in
923 1317 1056 1348 Ancho-

55 1370 163 1402 uitana
179 1369 325 1400 Marchia
338 1369 500 1400 Johannis
517 1370 555 1400 de
573 1370 729 1409 Colupna,
746 1370 846 1409 patris
862 1371 942 1410 ejus,
959 1371 1058 1400 armis

56 1427 86 1455 et
104 1423 194 1462 equis
211 1423 330 1453 muniti
345 1422 380 1452 in
397 1422 466 1453 loco
481 1427 512 1453 et
534 1423 672 1453 termino
686 1423 837 1463 praefixis
853 1424 1056 1454 conveniant.

94 1489 108 1505 ι
125 1477 204 1507 Rem
222 1485 353 1515 gravem
369 1481 436 1506 et...
456 1493 496 1499 —
514 1477 585 1506 Dat.
604 1481 662 1507 etc.
682 1489 697 1503 »

127 1663 240 1692 '223¹'

93 1723 135 1751 De
149 1724 248 1751 eodem
265 1725 391 1759 negotio.
409 1724 481 1756 (Ful.
499 1725 532 1752 52
547 1726 594 1758 ro.)

544 1662 670 1693 Orvieto,
690 1663 720 1689 17
739 1663 893 1689 novembre
913 1663 989 1691 1290.

98 1827 215 1857 Dilectis
235 1827 310 1863 filiis
333 1827 484 1856 nobilibus
508 1828 584 1857 viris
604 1828 856 1864 marchionibus,
881 1829 1063 1868 comitibus,

61 1880 207 1910 nobilibus
223 1885 249 1909 et
263 1881 425 1917 militibus,
442 1889 558 1910 necnon
572 1882 778 1918 potestatibus,
796 1881 930 1911 consiliis
943 1886 968 1911 et
984 1891 1062 1911 com-

61 1934 202 1963 munibus
218 1938 280 1963 tam
295 1934 455 1963 civitatum
476 1942 569 1971 quam
589 1939 761 1963 castrorum
776 1935 971 1973 aliorumque
987 1936 1065 1965 loco-

60 1995 130 2017 rum
140 1988 299 2026 provincie
313 1987 500 2023 Rornaniole,
512 1987 650 2024 fidelibus
667 1990 791 2019 nostris.
806 1988 859 2018 Eis
871 1988 1002 2018 mandat
1018 1993 1062 2026 ut,

61 2039 192 2079 Agapito
207 2039 245 2070 de
264 2039 408 2079 Colupna
424 2040 595 2070 efficaciter
612 2041 812 2077 assistentes,
838 2042 907 2080 ejus
932 2042 1065 2072 monitis

62 2092 262 2123 et-mandatis
278 2092 461 2123 intendant.

101 2157 115 2172 ι
130 2145 210 2176 Rem
225 2154 354 2184 gravem
375 2150 442 2175 et...
460 2163 498 2168 —
517 2147 588 2177 Dat.
608 2151 642 2176 ut
659 2156 765 2186 supra.
785 2159 799 2173 »

133 2330 384 2360 2298-2301
552 2330 679 2365 Orvieto‚
698 2332 728 2358 17
749 2332 902 2358 novembre
920 2332 997 2360 ¹290.

100 2391 142 2418 De
155 2392 255 2419 eodem
271 2393 396 2428 negotio.
415 2393 490 2428 (Fol.
506 2393 539 2420 52
555 2394 608 2426 vo.)

104 2494 223 2524 Dilectis
232 2495 307 2532 filiis
323 2517 343 2525 ..
361 2496 502 2534 potestati
513 2501 538 2525 el
552 2497 709 2525 communi
726 2497 925 2533 Cesenatibus‚
941 2498 1071 2535 [ecclesie

65 2555 188 2578 romane
208 2548 380 2587 fidelibus],
401 2548 533 2578 mandat
556 2552 590 2579 ut
613 2549 652 2579 ad
671 2549 893 2581 liberationem
914 2550 1071 2591 Stephani

22 2644 26 2647 μ
68 2599 105 2631 de
119 2601 261 2641 Colupna
276 2611 309 2632 se
324 2603 541 2641 interponant.

107 2666 121 2682 ι
140 2655 233 2695 [Rem
248 2664 378 2694 gravem
393 2655 434 2694 et]
452 2656 531 2695 ('?)...
551 2673 590 2679 -—
605 2657 676 2686 Dat.
694 2657 776 2696 apud
795 2658 1070 2697 Urbemveterem,

68 2716 106 2738 xv
117 2707 268 2739 kalendas
281 2709 471 2745 decembris,
491 2709 695 2748 pontificatus
714 2711 813 2740 nostri
828 2720 914 2741 anno
932 2713 1035 2744 tertio.
1056 2725 1069 2740 ι,

107 2761 144 2792 In
161 2771 188 2792 e.
205 2771 250 2793 m.
267 2763 421 2801 potestati,
439 2762 572 2792 consilio
588 2767 617 2792 et
633 2764 796 2793 communi
813 2764 958 2803 Ymolae,
977 2765 1073 2796 ecele-

70 2814 133 2845 siae
148 2824 299 2845 romanae
314 2815 477 2845 fidelihus.

108 2867 147 2898 Iu
162 2877 189 2898 e.
206 2877 249 2898 m.
269 2869 429 2907 potestati,
448 2868 582 2899 consilio
598 2873 628 2899 et
642 2871 804 2900 communi
823 2871 1004 2908 Faventiae,
1022 2881 1073 2902 ec-

71 2919 183 2951 clesiae
201 2930 350 2952 romanae
367 2921 526 2952 fidelibus.

111 2973 149 3003 Iu
167 2983 194 3004 e.
213 2983 256 3004 m.
273 2975 430 3013 potestati,
448 2975 583 3005 consilio
597 2980 626 3005 et
639 2978 803 3007 communi
818 2978 959 3015 Forlivii,
974 2979 1075 3009 eccle-

61 3022 138 3057 'siae
155 3035 304 3057 romanae
319 3027 481 3058 fidelibus.

1209 429 1323 457 ’7302

1173 491 1216 518 De
1232 492 1333 519 eodem
1350 493 1477 527 negotiO.
1494 492 1565 524 (Fol.
1584 492 1616 518 52
1634 492 1686 524 νῦ.)

1627 428 1752 458 Orvieto,
1774 427 1803 453 17
1821 426 1975 452 novembre
1996 426 2074 453 1290.

1177 602 1286 631 Dilecto
1301 601 1365 638 filio
1383 601 1480 630 nobiti
1502 600 1566 630 viro
1583 601 1692 630 Gidoni
1711 601 1745 629 cle
1760 600 1901 635 Poleam,
1920 598 2060 637 potestati
2077 598 2145 627 Fto-

1139 655 1270 683 reatino.
1291 654 1372 683 Eum
1388 658 1474 692 rogat
1493 658 1526 683 ut
1544 653 1613 683 sine
1632 661 1722 683 mora
1737 652 1777 682 ad
1793 652 1955 682 civitatem
1974 651 2148 680 Ravenna-

1140 712 1202 736 tem
1223 716 1255 736 se
1278 707 1462 741 conserens,
1481 706 1680 744 Stephanum
1702 705 1741 735 de
1761 705 1926 744 Colupna‚
1944 703 2102 734 familiam
2119 707 2149 733 et

1139 760 1350 798 stipendarios
1366 760 1435 798 ejus
1451 768 1546 798 quam
1563 759 1658 788 citius
1674 758 1814 788 libertati
1830 757 1956 788 restitui
1971 757 2081 793 faeiat,
2101 756 2147 787 ci-

1139 813 1269 843 vitatem
1286 818 1316 843 et
1330 813 1414 843 cives
1433 814 1501 850 ejus
1517 813 1551 842 in
1568 812 1719 842 fidelitate
1735 811 1886 842 ecclesiae
1904 820 2056 841 romanae
2069 818 2147 840 eon-

1141 866 1309 896 servando.

1183 931 1197 945 <1
1216 919 1326 958 Nuper
1345 927 1408 948 uon
1426 918 1536 948 siue...
1554 934 1592 940 —
1606 930 1619 944 ι

1213 1117 1329 1146 '2303

1177 1180 1220 1207 De
1235 1180 1335 1206 eodem
1354 1179 1478 1214 negotio.
1496 1178 1568 1212 (F'ol.
1585 1178 1618 1205 52
1634 1183 1684 1208 νῦ.)

1632 1115 1758 1146 Orvicto,
1777 1114 1808 1140 27
1826 1114 1981 1140 novembre
1999 1114 2078 1141 1290.

1181 1290 1300 1319 Dilectis
1322 1289 1397 1325 filiis
1412 1288 1569 1326 potestati,
1587 1288 1714 1317 consilio
1737 1292 1763 1316 et
1782 1287 1938 1316 communi
1958 1286 2148 1321 Faventints,

1141 1343 1258 1372 ecclesie
1272 1350 1399 1371 romane
1414 1341 1566 1378 fidelibus,
1580 1339 1711 1369 mandat
1727 1344 1761 1369 ut
1776 1339 1908 1378 Agapiti
1922 1338 1960 1369 de
1971 1338 2152 1377 Columpna

1141 1395 1273 1425 monitis
1293 1399 1324 1424 et
1346 1393 1507 1424 mandatis
1523 1393 1727 1432 acquiescant
1748 1393 1783 1422 in
1806 1392 1851 1422 eis
1873 1401 1955 1431 quae
1976 1391 2015 1421 ad
2041 1391 2150 1431 pacifi-

1141 1450 1298 1479 cationem
1316 1446 1524 1478 Romaniolae
1539 1447 1732 1486 pertineant.

1184 1514 1198 1528 α
1218 1501 1375 1531 Consuete
1390 1500 1598 1538 benignitatis
1613 1500 1765 1530 affectu...
1778 1515 1818 1522 —
1830 1499 1903 1528 Dat.
1919 1498 2003 1538 apud
2017 1498 2152 1529 Urbem-

1142 1560 1298 1591 veterem,
1318 1564 1337 1583 v
1352 1554 1506 1584 kalendas
1522 1553 1714 1591 decembris,
1732 1552 1933 1592 pontificatus
1951 1552 2050 1582 nostri
2066 1559 2151 1581 anno

1142 1609 1246 1639 teri-io.
1266 1620 1279 1635 n

1219 1807 1470 1838 2304-v3o53

1183 1872 1381 1900 Castellaniam
1401 1870 1516 1897 Roccae
1532 1873 1560 1895 et
1575 1868 1760 1904 potestariam
1783 1868 1870 1894 castri
1889 1865 2058 1893 Radieofani
2075 1865 2154 1892 fratri

1149 1921 1265 1957 Hugoni
1281 1919 1443 1947 committit.
1462 1918 1533 1952 (Fol.
1550 1918 1582 1945 53
1599 1919 1646 1950 νο.)

1637 1805 1764 1836 Orvieto,
1780 1804 1813 1831 27
1831 1803 1986 1831 novembre
2003 1802 2081 1830 1290.

1191 2032 1298 2060 Dilecto
1313 2030 1378 2067 filio
1396 2029 1492 2065 fratri
1511 2028 1651 2064 Huyoni,
1669 2026 1787 2062 familie
1806 2030 1904 2054 nostre
1924 2023 2113 2053 marescalco.

1191 2097 1206 2111 «
1226 2083 1310 2120 Quia
1325 2082 1362 2112 de
1380 2086 1469 2111 tua...
1488 2097 1526 2102 —-
1546 2081 1630 2116 Dat.‚
1651 2083 1709 2109 etc.
1731 2090 1744 2105 ¹³

1190 2138 1230 2167 In
1247 2146 1276 2167 e.
1295 2145 1339 2165 m.
1360 2134 1450 2164 fratri
1471 2132 1587 2167 Paulo,
1607 2132 1732 2162 ordinis
1754 2130 1890 2160 militiae
1909 2129 2053 2168 Templi,
2070 2129 2156 2166 regi-

1151 2200 1226 2221 men
1239 2189 1333 2220 castri
1346 2186 1639 2219 Centumcellarum
1655 2190 1685 2216 et
1699 2184 1848 2215 territorii
1860 2183 1979 2214 Montis
1993 2181 2158 2213 Oetozonis

1150 2243 1332 2275 committit.
1348 2241 1408 2281 (En
1426 2240 1554 2278 marye.)

1226 2441 1344 2472 ’2308
1647 2437 1773 2468 Orvieto,
1790 2437 1821 2463 27
1840 2435 1995 2462 novembre
2012 2435 2088 2462 1290.

1190 2506 1233 2532 De
1248 2505 1348 2531 eodem
1365 2502 1489 2537 negotio.
1508 2501 1578 2534 (Fol.
1597 2501 1629 2527 53
1645 2502 1693 2532 r0.)

1195 2616 1312 2645 Dilectis
1327 2614 1401 2651 filiis
1423 2612 1578 2642 universis
1599 2610 1771 2639 hominibus
1787 2610 1880 2638 castri
1898 2608 2097 2644 Radicosani‚
2117 2614 2161 2635 ec-

1154 2670 1240 2699 clesie
1257 2676 1382 2697 romane
1400 2666 1550 2703 fidelibus.

1197 2734 1211 2749 «
1227 2721 1310 2758 Quia
1326 2720 1364 2749 de
1381 2718 1569 2748 fidelitate...
1587 2733 1625 2738 —
1640 2716 1712 2746 Dat.
1731 2720 1788 2745 etc.
1808 2728 1821 2741 n

1649 2914 1774 2945 Orvieto,
1792 2913 1824 2940 27
1843 2911 1997 2938 novembre
2015 2911 2092 2938 1290.

1231 2918 1346 2948 *2302

1194 2982 1346 3010 Communi
1362 2980 1448 3007 castri
1464 2979 1562 3006 Sancti
1577 2977 1695 3004 Genesii
1711 2976 1874 3003 facultatem
1891 2973 2023 3001 concedit
2041 2971 2165 3007 eligendi

1160 3035 1317 3068 potestates
1333 3033 1360 3057 et
1376 3029 1510 3056 officiales
1525 3028 1605 3059 alios,
1623 3025 1777 3053 dummodo
1793 3024 1876 3051 annis
1892 3022 2015 3058 singulis
2031 3029 2165 3048 romanae
