2393 3496
265 319 322 349 994
1017 320 1253 351 nlffitS'rRES
1276 321 1330 350 DE
1353 321 1538 353 NICOLAS
1562 326 1617 355 IV.

339 386 459 415 *7280

300 449 405 476 Contra
422 449 619 476 molestatores
641 450 806 476 monasterii
829 450 926 477 Sancti
941 450 1083 478 Johannis
1100 453 1126 479 in
1147 451 1274 484 Venere,

799 386 925 420 Orricto,
945 386 977 413 23
993 388 1109 413 octobre
1128 388 1204 414 1990.

264 497 419 524 'theatinae
435 498 588 524 dioecesis.
605 498 676 530 (Fol.
695 499 727 525 40
750 500 796 532 ιω.)

304 599 424 638 [Dilecto
436 600 500 635 filio
517 600 621 637 nobili}
636 602 700 629 riro
715 601 833 637 θαι-οἷο,
852 607 922 631 nalo
936 604 1091 632 carissimi
1108 605 1139 633 in
1157 605 1275 634 Christo

261 654 321 690 filii
338 654 434 682 nostri
451 654 496 685 C..
514 654 594 690 repis
615 654 721 683 Sicilie
745 654 887 689 illustris,
909 657 1046 693 principi
1063 658 1272 688 Salernitano.

263 718 276 731 «
302 705 390 735 Licet
413 705 452 735 ab
470 704 584 736 olim...
608 706 719 745 Nuper
737 710 841 737 tamen
860 708 974 739 diebus
989 710 1070 747 istis,
1097 715 1130 740 nt
1147 711 1185 740 de
1202 711 1274 741 aliis

260 767 321 796 que
338 758 416 796 ipsis
429 757 573 788 ecclesiis
589 758 777 790 inseruntur
796 761 911 791 cotidie
929 766 1100 800 taceamus,
1119 769 1274 795 monaste-

261 811 307 841 rio
323 810 432 841 Sancti
454 811 617 841 Johannis
640 813 672 842 in
696 813 836 849 Venere,
856 815 894 844 ad
918 824 1084 846 romanam
1106 817 1273 848 ecclesiam

260 864 350 894 nullo
376 865 482 895 medio
506 866 699 904 pertinente,
719 867 843 897 ordinis
862 868 894 899 S.
914 869 1099 907 Benedicti,
1118 871 1273 902 'l‘heatine

259 918 411 956 diocesis,
429 919 552 949 abbatis
572 920 729 957 regimine
746 921 912 958 destituto,
933 923 1040 954 dilecti
1062 924 1121 955 filii
1141 950 1160 956 ..
1179 926 1272 956 deca-

259 981 320 1002 nus
337 976 366 1002 et
382 976 559 1002 conventus
576 974 719 1011 ejusdem
739 977 925 1006 monasterii
943 977 1026 1007 boue
1045 980 1199 1010 memorie
1219 981 1270 1018 R„

257 1024 421 1064 quondam
445 1025 591 1055 abbatem
616 1026 718 1065 ipsius
745 1029 951 1066 monasterii,
978 1034 1053 1060 tunc
1076 1033 1271 1063 monachum

257 1078 486 1114 Casinensem‚
509 1079 541 1108 iu
563 1088 672 1109 corum
693 1081 839 1111 abbatem
863 1083 1063 1114 concorditer
1083 1085 1268 1125 elegerunt,

258 1135 288 1161 et
315 1131 469 1161 electione
493 1132 562 1170 ipsa
585 1133 761 1163 venerabili
790 1134 880 1164 fratri
902 1141 1009 1166 nostro
1035 1160 1055 1167 ..
1081 1138 1271 1170 Penestrino

256 1185 423 1223 episcopo,
449 1185 620 1223 apostolice
645 1186 728 1217 sedis
755 1187 877 1225 legato,
902 1188 1046 1227 legitime
1070 1196 1269 1230 presentata,

256 1237 342 1268 idem
359 1237 494 1276 legatus,
512 1239 586 1277 quia
603 1248 672 1268 eam
690 1240 816 1270 invenit
832 1243 1019 1273 canonicam
1035 1249 1065 1274 et
1081 1245 1119 1275 de
1135 1255 1271 1284 persona

254 1291 382 1330 ydonea
395 1291 548 1321 canonice
560 1292 764 1325 celebratam.
777 1295 979 1325 confirmavit
989 1297 1137 1335 eandem,
1152 1304 1180 1329 et
1191 1300 1268 1330 dum

255 1344 293 1374 de
313 1344 507 1374 conserendo
531 1345 591 1384 ipsi
616 1346 722 1376 abbati
747 1356 866 1378 munus
888 1349 1120 1381 benedictionis
1146 1352 1268 1391 legatus

253 1397 320 1435 ipse
347 1397 546 1436 disponeret,
577 1398 712 1429 dilectus
742 1400 830 1430 filius
858 1402 975 1432 nobilis
1007 1404 1056 1433 vir
1085 1405 1133 1442 R,
1162 1415 1267 1437 comes

253 1450 447 1488 Theatinus,
465 1452 521 1490 qui
539 1460 593 1490 pro
619 1453 728 1489 Petro,
752 1454 912 1485 monacho
934 1465 1011 1492 suo,
1033 1457 1268 1497 interposuerat

255 1508 359 1543 partes
375 1513 467 1540 suas,
487 1505 662 1536 nonnullos
678 1507 852 1538 monachos
869 1509 1011 1547 ejusdem
1030 1513 1218 1543 monasterii
1237 1519 1268 1544 et

253 1559 511 1596 consanguineos
529 1568 639 1589 eorum
656 1560 695 1589 ad
713 1565 828 1591 terram
848 1572 939 1593 suam
959 1564 1101 1595 Lauzani
1119 1568 1267 1598 accersiri

254 1616 284 1641 et
305 1612 340 1641 in
361 1621 488 1642 camera
515 1622 572 1642 sna
599 1613 786 1645 electionem
812 1615 911 1646 aliam
939 1617 977 1647 de
1002 1618 1086 1649 dicto
1108 1622 1266 1652 monacho

252 1665 337 1702 fecit,
358 1665 440 1695 sicut
455 1665 582 1701 dieitur,
608 1668 706 1697 minis
724 1673 753 1698 et
778 1670 950 1700 terroribus
974 1672 1148 1711 celebrari,
1168 1684 1264 1714 quam

254 1717 456 1755 electionem,
471 1719 571 1749 immo
587 1720 829 1751 detestationem
847 1723 966 1759 verius,
977 1731 1188 1763 presentatam
1207 1738 1264 1758 no-

253 1771 302 1801 bis
317 1771 502 1810 rejecimuS,
520 1777 681 1812 comperta
695 1783 900 1813 processuum
916 1776 1104 1816 hujusmodi
1122 1782 1262 1812 veritate.

253 1825 376 1854 Verum
400 1826 591 1863 novissime,
610 1828 690 1857 sicut
706 1828 845 1859 Domino
869 1829 1004 1868 placuit,
1023 1833 1134 1863 eodem
1153 1835 1190 1864 R.
1208 1836 1264 1865 ab·

252 1877 324 1907 bate
341 1878 465 1908 sublato
480 1879 519 1909 de
534 1880 651 1920 medio,
664 1881 816 1911 Nicolaus
830 1882 868 1912 de
881 1883 1022 1914 Piscaria
1034 1886 1211 1917 etJacobus
1227 1889 1265 1918 tle

252 1930 411 1968 Resculis,
429 1932 551 1967 vicarii,
565 1942 601 1963 ac
614 1933 806 1964 Thomasius
820 1936 971 1966 Januarii
988 1938 1026 1968 de
1041 1939 1200 1979 Lanzano,
1216 1951 1264 1971 ca-

251 1984 411 2014 merarius
429 1985 573 2023 ejusdem
596 1987 738 2024 comitis,
759 1987 831 2018 laici
850 1989 994 2027 ejusdem
1014 1991 1167 2030 diocesis,
1190 2003 1263 2025 cnm

251 2038 420 2068 nonnullis
436 2040 578 2076 armam,
597 2041 636 2069 ad
652 2041 772 2071 dictum
793 2045 1024 2074 monasterium
1042 2051 1159 2078 temere
1173 2058 1263 2079 acce-

250 2091 374 2129 dentes,
394 2097 457 2122 tam
476 2093 522 2123 ibi
542 2102 639 2132 quam
663 2095 697 2124 in
722 2096 815 2125 terris
836 2096 910 2127 dicti
932 2101 1136 2138 monasterii,
1154 2103 1263 2141 ejectis

250 2145 418 2175 monachis
434 2147 489 2185 qui
508 2147 666 2185 prelatum
689 2149 819 2179 Petrum
842 2150 1017 2182 noluerunt
1035 2153 1169 2192 eligere,
1189 2158 1261 2186 offi-

249 2198 347 2228 ciales
363 2199 467 2229 facere
491 2206 772 2239 presumpserunt,
797 2203 881 2233 bona
906 2205 1049 2243 ejusdem
1075 2211 1263 2240 monasterii

250 2257 443 2290 exponentes
461 2253 652 2283 satellitibus
673 2255 763 2293 quasi
780 2256 926 2295 predam,
949 2259 1060 2296 eodem
1078 2260 1212 2292 Nicolao
1227 2263 1260 2292 in

249 2305 454 2344 apostolicam
467 2306 679 2337 ecclesiastice
689 2307 842 2339 libertatis
853 2310 899 2349 inj
907 2311 1011 2341 uriam
1023 2313 1158 2352 publice,
1170 2321 1263 2354 prout

248 2358 412 2395 asseritur,
421 2359 620 2390 exclamante
631 2366 741 2391 contra
753 2363 926 2394 monachos
936 2376 941 2393 :
952 2365 1071 2401 Querat
1080 2376 1193 2406 corpus
1205 2369 1259 2399 nbi

248 2412 399 2441 recondat
409 2414 551 2443 animam
561 2415 616 2452 qni
626 2415 755 2444 fratrem
766 2417 908 2453 Petrum,
919 2418 1109 2450 familiarem
1120 2423 1258 2460 comitis,

249 2463 391 2495 noluerit
407 2466 441 2495 iu
458 2467 643 2497 abbatem...
664 2468 892 2500 Excellentiam
911 2475 998 2501 tuam
1015 2482 1176 2513 rogamus,
1191 2485 1260 2506 mo-

247 2526 364 2548 nemus
375 2523 404 2548 et
415 2519 582 2549 hortamur
594 2525 712 2550 attente
724 2531 779 2560 per
789 2524 962 2561 apostolica
975 2525 1029 2555 tibi
1041 2527 1156 2566 scripta
1170 2538 1258 2559 man-

247 2570 360 2601 dantes
375 2573 537 2610 quatinns,
558 2573 596 2603 de
615 2574 764 2612 predictis
784 2576 917 2607 solerter
932 2587 988 2616 per
1006 2579 1091 2610 viros
1106 2581 1259 2613 discretos

247 2628 278 2653 et
293 2623 398 2654 Deum
416 2625 564 2656 timentes
585 2627 706 2666 inquiri
730 2628 866 2664 faciens,
891 2631 917 2660 si
934 2640 970 2661 ea
992 2632 1157 2664 inveneris
1173 2637 1258 2666 veri-

248 2680 309 2707 tate
326 2677 447 2715 t'ulciri‚
466 2679 510 2708 sic
531 2688 677 2710 excessus
700 2681 784 2720 ipsos
801 2687 832 2712 et
849 2682 928 2714 alios
948 2685 1070 2716 similes
1090 2688 1206 2725 punias
1229 2694 1259 2719 et

246 2729 427 2768 prohibeas,
440 2740 480 2761 ne
491 2732 570 2762 fiant
581 2733 700 2763 similia
710 2734 743 2763 in
758 2735 913 2774 futurum,
924 2738 1008 2777 quod
1021 2744 1051 2769 et
1065 2740 1258 2780 delinquen-

248 2786 292 2812 tes
309 2782 511 2822 displicuisse
537 2784 592 2814 tibi
618 2786 690 2815 talia
710 2788 851 2818 sentiant
871 2793 900 2819 et
923 2790 981 2820 alii
1002 2800 1038 2821 ea
1056 2794 1258 2825 committere

246 2835 296 2865 vel
313 2836 377 2865 hiis
396 2836 515 2867 similia
531 2837 568 2868 de
584 2844 687 2868 cetero
707 2849 767 2870 non
785 2846 950 2873 attentent.
973 2844 1042 2874 Dat.
1062 2851 1120 2876 etc.
1142 2860 1153 2873 ι)

1432 390 1681 422 'vasi-'⁷282

1396 453 1560 480 Infradictis
1576 454 1645 481 viris
1662 454 1776 481 mandat.
1799 464 1832 481 nc
1858 455 1978 482 ulterius
1998 457 2077 483 cives
2098 456 2290 487 Grossctanos
2305 469 2363 490 mo-

1359 502 1473 529 lestcnt.
1489 501 1558 536 (Fot.
1576 503 1608 530 49
1624 507 1676 536 νο.)

1871 393 1998 425 Οιιιίριο,
2015 394 2029 421 li
2047 395 2202 422 novembre
2220 396 2296 425 1290.

1398 612 1520 641 Dilectis
1543 613 1619 649 liliis
1645 614 1796 642 nobilibus
1820 615 1898 643 viris
1918 615 2056 644 ilonaldo
2079 614 2154 654 [..],
2179 616 2362 652 Visconlio‘usst

1361 666 1560 702 Unyaruclio,
1577 666 1784 704 Salviynerre,
1804 668 1924 705 Ρεροηί,
1952 668 1971 695 l'
1990 667 2050 708 [...]
2067 670 2240 708 comitibus,
2255 675 2308 702 etc.
2343 676 2346 683 “

1400 730 1413 744 α
1433 718 1633 748 Reducentes
1651 719 1689 748 ad
1707 719 1885 757 henigne...
1901 736 1940 743 —
1961 721 2032 750 Dat.
2055 722 2138 760 apud
2159 711 2362 762 Urbemvetff-
2391 743 2393 770 4

1358 779 1437 809 rem,
1456 781 1476 800 n
1494 780 1594 802 nonas
1612 773 1814 810 novembris,
1834 782 1920 803 anno
1937 774 2039 805 tertio.
2060 786 2073 802 n
2331 768 2355 795 ἰ’
2392 779 2393 803 1

1397 825 1436 854 In
1449 834 1475 854 e.
1494 835 1537 855 m.
1557 826 1719 857 nobilibus
1735 827 1812 857 viris
1824 827 1999 859 Guillelmo
2015 829 2264 867 Bai-tholomaei,
2277 831 2302 862 R
2340 835 2354 871 ,“
2390 804 2393 861 Ι

1358 878 1463 910 naldo,
1482 879 1592 915 Bncio,
1606 880 1704 910 Nerio
1717 888 1753 910 ac
1768 881 1865 911 Fucio
1878 881 2040 921 Fal-ulphi,
2058 882 2221 921 fratribus,
2237 892 2273 914 ac

1357 933 1514 963 maroccio
1531 933 1706 972 Raynaldi,
1724 934 1864 964 dominis
1879 936 1972 965 castri
1989 936 2144 966 Morrani.

2332 968 2357 1016 ³!

2336 1035 2355 1118 ’ἐ

2339 1139 2357 1169 ο

1427 1127 1543 1156 ’ΐ283

1390 1188 1429 1216 Ut
1445 1193 1538 1215 castra
1552 1190 1706 1216 comitatus
1724 1190 1862 1217 Vcncsini
1875 1191 1909 1217 ab
1926 1191 2121 1226 hospitalariis
2136 1196 2275 1228 occupata
2285 1201 2332 1220 re
2352 1216 2355 1218 .

1354 1241 1499 1272 pcrcntur.
1518 1237 1589 1270 (Fol.
1607 1238 1639 1266 49
1655 1239 1707 1271 v⁰⁴)
2335 1228 2344 1238 '

1863 1128 1991 1164 Orvieto,
2009 1129 2022 1156 4
2041 1130 2195 1157 novembre
2217 1131 2294 1160 ¹290.
2332 1126 2343 1167 ,”

1374 1349 1504 1387 *Dilecto
1517 1349 1581 1386 filio
1598 1349 1775 1386 Philippino
1793 1349 1826 1378 (Ie
1842 1349 2028 1386 Bernizono,
2045 1351 2207 1381 comitatus
2229 1351 2282 1381 Vcn
2350 1366 2358 1394 ‚j

1352 1404 1471 1432 rectori.
1492 1415 1504 1429 «
1523 1402 1586 1432 Per
1603 1407 1670 1432 tuas
1689 1402 1780 1432 nobis
1797 1402 1918 1432 litteras
1937 1403 2096 1433 intimasti
2113 1404 2210 1443 quod,
2230 1404 2306 1435 dum

1350 1456 1453 1486 officio
1467 1460 1518 1486 tuo
1534 1465 1630 1495 super
1642 1455 1770 1495 juribus
1783 1455 1821 1486 ad
1838 1465 2005 1486 romanam
2021 1456 2187 1487 ecclesiam
2202 1457 2359 1497 pertin

1351 1509 1435 1539 tibus
1460 1509 1493 1538 in
1519 1510 1671 1539 comitatu
1699 1509 1854 1539 Venesini
1883 1509 2055 1547 diligenter
2077 1510 2279 1550 inquireres,
2304 1517 2324 1528 ⁵
2357 1513 2359 1528 ’-

1351 1567 1444 1592 testes
1465 1562 1606 1602 ydoneos
1626 1567 1656 1593 et
1672 1562 1735 1592 alia
1757 1563 1949 1593 documenta
1968 1563 2022 1593 tibi
2038 1564 2179 1594 constitit
2196 1564 2322 1596 evidens
2353 1585 2355 1587 -

1349 1616 1433 1655 quod
1461 1616 1573 1646 fratres
1599 1615 1769 1655 hospitalis
1792 1616 1902 1646 Sancti
1925 1617 2086 1647 Johannis
2105 1617 2289 1648 Jerosotimi

1349 1669 1383 1698 in
1404 1669 1469 1699 illis
1490 1669 1634 1708 partibus
1656 1674 1890 1700 commorantes
1914 1670 2071 1701 nonnulla
2094 1675 2196 1701 castra
2216 1676 2246 1701 et
2263 1671 2309 1702 vit
2326 1673 2358 1698 I‘.

1350 1723 1543 1761 pertinentia
1558 1723 1597 1753 ad
1614 1723 1749 1753 eandem
1771 1722 1956 1758 ecclesiam,
1980 1733 2043 1762 que
2065 1724 2226 1763 quondam

1349 1776 1549 1813 Tholosano,
1574 1776 1717 1815 ejusdem
1738 1777 1905 1806 comitatus
1923 1776 2074 1814 domino,
2099 1777 2252 1808 suberant
2278 1765 2335 1809 du²-
2359 1799 2363 1804 -

1348 1829 1468 1859 dictum
1490 1830 1590 1860 tenuit
1609 1830 1813 1866 comitatum,
1840 1833 1980 1869 pretextu
1999 1830 2166 1870 cujusdam
2189 1831 2268 1862 false
2281 1831 2345 1865 sei„-

1349 1882 1446 1912 tentie
1460 1891 1556 1921 quam
1573 1883 1668 1912 frater
1685 1883 1899 1922 Ray-mundus
1913 1883 1952 1913 de
1967 1883 2095 1920 Grassa,
2112 1884 2235 1914 ordinis

1349 1935 1419 1965 talis
1432 1936 1596 1974 ejusdem,
1615 1945 1688 1966 cum
1705 1941 1788 1966 esset
1807 1936 1946 1966 vicarius
1968 1937 2137 1967 comitatus
2152 1937 2253 1976 ipsius
2265 1961 2274 1975 ,
2290 1944 2324 1968 ιι
2340 1955 2341 1958 =
2360 1947 2364 1949 ·

1346 1989 1516 2019 attendens
1533 1989 1618 2028 quod
1633 1989 1700 2028 ipse
1716 1993 1803 2019 actor
1819 1994 1849 2019 et
1862 1989 1958 2028 judex
1975 1991 2008 2020 in
2026 1999 2122 2020 causa
2136 1999 2193 2021 sna
2209 1999 2277 2022 esse
2290 1999 2338 2024 nn

1347 2048 1467 2081 poterat
1492 2043 1642 2082 quodque
1665 2048 1788 2073 tantum
1812 2043 1976 2081 negotium
2002 2043 2118 2074 deduci
2141 2044 2175 2073 in
2195 2043 2298 2083 judici
2322 2057 2348 2079 ιχ

1347 2097 1539 2136 inrequisito
1555 2105 1688 2126 romano
1711 2097 1861 2136 pontifice
1878 2097 2016 2128 minime
2031 2097 2151 2136 potuit,
2170 2097 2246 2128 ferri
2263 2104 2327 2128 ιιια
2357 2120 2360 2121 ⁷

1346 2151 1449 2187 davit,
1475 2142 1529 2189 per
1551 2159 1648 2189 quam
1674 2151 1918 2189 pronuntiatum
1939 2151 2042 2181 extitit
2063 2152 2183 2191 prefata
2204 2155 2307 2182 castra
2330 2175 2333 2177 —
2358 2161 2363 2167 ·

1346 2204 1438 2234 villas
1451 2204 1490 2234 ad
1507 2204 1634 2234 cosdem
1653 2203 1875 2243 hospitalarios
1891 2209 1921 2234 ct
1937 2213 2002 2235 non
2015 2205 2054 2234 ad
2073 2213 2239 2235 romanam
2255 2213 2289 2236 ec
2326 2219 2338 2238 ²2>

1345 2258 1425 2288 siam
1444 2253 1613 2296 pertineie,
1632 2258 1777 2287 detinent
1798 2262 1959 2297 occupata.
1982 2257 2139 2289 Nolentes
2154 2259 2253 2297 igitur
2268 2258 2295 2298 ej
2325 2272 2337 2284 υ

1344 2311 1417 2341 dem
1430 2310 1561 2341 ecclesie
1573 2311 1647 2349 jura
1661 2310 1836 2349 negligere,
1851 2311 1957 2350 quiex
1973 2312 2144 2342 commisso
2161 2311 2252 2348 nohis
2263 2319 2329 2355 apo3

1345 2364 1459 2394 tolatus
1494 2365 1598 2394 officio
1636 2364 1774 2394 aliarum
1815 2364 2024 2395 ecclesiarum
2064 2365 2148 2395 hona
2187 2364 2327 2396 defensa
2350 2386 2352 2389 -

1345 2422 1502 2454 tenemur,
1520 2417 1670 2447 volumus
1692 2422 1721 2447 et
1744 2427 1798 2456 per
1813 2416 1986 2456 apostolica
2009 2417 2067 2448 tibi
2085 2418 2202 2457 scripta
2217 2416 2323 2448 mand
2338 2431 2354 2457 '.

1343 2480 1415 2501 mus
1441 2471 1605 2510 quatinus,
1631 2471 1671 2501 ad
1699 2471 1973 2510 recuperationem
1988 2472 2113 2511 jurium
2139 2472 2309 2511 predictor·
2327 2481 2348 2507 ς’

1343 2524 1476 2555 solerter
1492 2525 1679 2561 intendens,
1705 2529 1768 2554 tam
1787 2525 1908 2564 prefata
1925 2529 2029 2555 castra
2053 2529 2084 2555 et
2098 2524 2215 2561 villas,
2238 2533 2300 2565 que
2318 2521 2343 2558 ἦ,

1343 2577 1463 2608 eisdem
1480 2578 1715 2617 hospitalariis,
1735 2582 1770 2608 ut
1785 2578 1971 2617 predicitur,
1995 2579 2193 2617 detinentur,
2213 2587 2277 2610 non
2293 2579 2333 2611 0⁶2³
2352 2594 2356 2599 ·

1341 2636 1444 2661 stante
1460 2632 1581 2670 prefata
1603 2632 1777 2669 sententia,
1799 2632 1926 2662 veritati
1945 2636 1975 2663 et
1992 2633 2121 2672 juribus
2138 2632 2284 2672 ejusdem
2304 2637 2334 2670 ιιζ.

1342 2684 1439 2715 clesie
1462 2685 1694 2724 prejudicante,
1715 2694 1812 2725 quam
1831 2689 1935 2716 cetera
1954 2685 2016 2716 alia
2034 2685 2118 2716 bona
2137 2690 2169 2722 et
2185 2686 2259 2726 jura
2276 2694 2331 2726 p:=-

1343 2737 1478 2768 tinentia
1493 2738 1533 2767 ad
1554 2738 1722 2768 ecclesiam
1742 2739 1956 2778 supradictam
1973 2747 2036 2778 que
2055 2747 2074 2768 a
2095 2739 2330 2780 quibuscumq·

1341 2791 1488 2829 personis
1505 2791 1540 2821 in
1560 2791 1643 2822 dicto
1660 2792 1813 2822 comitatu
1833 2792 1998 2822 inveneris
2018 2791 2143 2822 inlicite
2160 2791 2296 2823 detineri
2311 2804 2328 2823 ιι,

1337 2844 1390 2883 jus
1404 2848 1434 2874 et
1448 2845 1673 2884 proprietatem
1690 2845 1822 2876 ecclesie
1845 2849 2019 2876 memorate
2037 2844 2167 2876 studeas
2183 2853 2294 2876 revoca
2326 2854 2345 2877 2,

1340 2896 1486 2927 invocato
1505 2898 1544 2927 ad
1562 2897 1622 2928 hoc
1643 2898 1764 2929 auxilio
1790 2897 1935 2929 fidelium
1959 2898 2128 2929 comitatus
2151 2897 2253 2938 ipsius
2270 2906 2331 2938 qu

1340 2949 1422 2980 tiens
1438 2951 1577 2981 extiterit
1590 2956 1796 2991 oportunum.
1816 2952 1850 2982 Si
1865 2960 1939 2982 vero
1955 2949 2090 2991 predicti
2108 2950 2348 2994 hospitalarii*

1339 3011 1474 3042 persone
1492 3004 1523 3034 in
1542 3006 1664 3043 castris,
1680 3005 1780 3043 villis,
1798 3005 1890 3036 bonis
1906 3005 2074 3044 etjuribus
2093 3003 2284 3045 supradictis
2294 3004 2346 3044 522.-
