2393 3496
866 331 1078 362 REGISTRE
1099 320 1316 362 CAttOERAL.
2078 330 2133 361 981

0 421 2 424 ν
47 407 99 435 cut
111 400 282 436 asseritur,
299 399 382 437 apud
401 398 546 429 Clusium
563 408 686 429 moram
709 399 806 428 trahit
820 399 902 437 capti
917 399 1049 428 suerunt

49 460 79 487 et
100 460 161 485 tam
180 454 241 492 ipsi
262 461 358 491 quam
380 452 531 482 nonnulli
547 452 605 482 alii
622 461 730 483 secum
746 453 781 481 in
797 453 913 482 itinere
930 452 1049 481 eonsti-

49 509 106 540 tuti
117 506 210 537 bonis
225 505 374 536 omnibus
387 505 525 543 spoliati,
537 514 602 535 non
614 505 739 535 levibus
754 505 821 535 illis
833 505 984 542 irrogatis
999 505 1049 534 in-

0 586 1 594 ,
47 561 139 602 iuriis
152 564 182 589 et
194 559 325 589 offensis
339 558 577 589 contumeliosis
591 559 721 596 affectis,
737 562 830 597 prout
845 559 935 588 nobis
951 558 1049 588 Ober-

0 613 2 619 “
49 614 107 645 tini
118 612 260 652 predicti,
274 612 329 650 qui
342 620 397 650 per
408 611 483 649 iuge
495 611 672 641 remedium
688 612 884 650 capientium
900 611 1051 641 manibus

48 666 162 702 evasit,
183 665 322 704 predicto
342 664 516 695 Guillelmo
536 665 571 694 in
592 665 718 694 civitate
737 664 869 694 Clusina
891 664 994 694 taliter
1016 664 1049 694 in

47 718 226 758 captivitate
239 718 377 754 detento,
393 717 526 756 querula
539 721 570 746 et
582 717 725 751 luctuosa
740 716 852 747 relatio
865 717 1050 755 patefecit...

48 771 204 804 Volumus
229 775 259 800 et
282 779 338 810 per
362 770 535 809 apostolica
561 770 616 800 tibi
639 772 755 809 scripta
779 770 920 800 districte
948 771 1051 808 preci-

49 824 164 866 piendo
179 824 371 853 mandamus
386 823 549 862 quatinus,
565 823 688 853 sublato
700 816 872 862 cujuslibet
889 823 1052 853 dilationis

31 868 82 910 ‘et
96 876 290 908 difficultatis
309 876 490 913 obstaculo,
510 876 667 915 prefatum
688 876 726 906 G.
745 877 878 906 omnino
897 877 986 906 reddi
1005 877 1052 905 fa-

50 931 116 963 cias
129 930 264 970 pristine
279 929 430 966 libertati,
443 930 535 960 bonis
548 929 697 959 omnibus
712 930 775 959 sibi
791 934 821 960 et
833 930 936 960 eidem
953 930 1052 960 Ober-

51 984 116 1016 tino
143 992 180 1013 ac
205 982 347 1022 spoliatis
378 982 452 1012 aliis
481 982 673 1021 supradictis
702 992 757 1020 per
782 987 911 1021 gentem
939 982 1052 1012 ablatis

49 1036 180 1068 andem
193 1037 239 1066 eis
254 1036 378 1074 integre
394 1036 559 1073 restitutis,
577 1044 635 1065 nec
650 1036 814 1074 permittas
829 1035 915 1074 quod
929 1036 963 1065 in
981 1045 1052 1079 pre-

46 1090 119 1121 fatis
143 1089 236 1119 terris
260 1089 397 1119 ulterius
421 1089 494 1119 talia
519 1089 798 1119 committantur...
827 1089 898 1118 Dat.
928 1089 1050 1124 Rome,

46 1142 128 1182 apud
145 1141 294 1172 Sanctam
312 1142 448 1171 Mariam
466 1142 634 1181 Maiorem,
651 1151 685 1171 111
701 1150 801 1171 nonas
814 1141 968 1179 Januarii.
988 1153 1001 1167 ι,

98 1301 354 1330 2215-’2219
392 1300 754 1335 Sainte-Marie-Majeure,
773 1301 788 1327 9
800 1300 904 1326 sevrier
921 1299 996 1327 1289.

79 1363 227 1399 Apochae.
244 1363 317 1397 (Fol.
334 1363 367 1390 36
382 1364 434 1395 vo.)

87 1468 205 1498 Dilectis
222 1467 298 1504 filiis
316 1467 422 1496 Thome
437 1466 574 1504 sz'liati‚
594 1466 670 1502 Lupo
686 1465 835 1502 Huqonis,
847 1465 983 1494 Iohanni
998 1465 1052 1494 Ja-

49 1519 123 1561 [cobi
139 1521 187 1557 ...]
211 1521 344 1558 therinqi
359 1520 393 1548 de
409 1519 557 1556 Bostulis,
580 1519 635 1547 Feo
653 1519 832 1555 Bonifantini
854 1526 888 1547 ac
910 1519 1054 1548 omnibus

48 1575 157 1606 vestris
184 1574 288 1610 sociis,
316 1572 547 1611 ‘mer[catoribus
574 1577 600 1601 ec
624 1573 738 1601 civibus
763 1571 967 1610 florentinis]
1000 1572 1053 1601 Eis

50 1626 218 1658 committit
241 1630 274 1656 ut
291 1635 346 1665 pro
365 1626 532 1656 securitate
548 1630 578 1655 et
597 1625 719 1655 cautela
735 1625 825 1655 mille
843 1625 1053 1655 ducentarum

49 1679 217 1711 unciarum
232 1679 312 1716 auri,
327 1679 366 1708 ad
378 1679 502 1717 pondus
514 1678 605 1716 regni
618 1678 756 1715 Siciliae,
769 1679 912 1717 quinque
923 1678 1054 1708 florenis

50 1733 119 1763 auri
143 1741 199 1772 pro
219 1732 315 1762 uncia
332 1732 520 1771 computatis
533 1755 541 1768 ‚
558 1741 637 1770 quas
653 1731 752 1761 nobili
771 1732 838 1762 viro
857 1732 1001 1771 Johanni
1017 1732 1055 1762 de

50 1785 244 1822 Monteforti,
258 1785 425 1824 Squillacii
439 1790 468 1815 et
481 1786 698 1815 Montiscaveo
711 1784 757 1823 [...
774 1790 806 1815 et
819 1785 856 1814 B.
868 1784 918 1825 de]
935 1785 1052 1824 Capua,

46 1839 129 1879 juris
144 1838 249 1869 civilis
266 1839 449 1877 professori,
466 1839 618 1877 magistro
634 1838 783 1868 rationali
799 1839 891 1876 regni
908 1838 1054 1875 Siciliae,

49 1896 202 1931 tanquam
219 1893 470 1930 negotiatoribus
485 1892 593 1922 Caroli
610 1892 662 1929 112,
680 1893 764 1930 regis
778 1892 918 1927 Siciliae,
931 1897 1056 1922 mutua-

49 1950 142 1982 runt,
161 1945 308 1975 eamdem
326 1945 538 1984 quantitatem
563 1945 602 1975 de
622 1945 759 1984 pecunia
778 1945 976 1975 decimarum
999 1954 1055 1984 pro

50 1998 190 2029 subsidio
202 1999 319 2028 Terrae
333 1998 468 2028 Sanctae
481 1998 685 2028 collectarum
698 2007 795 2037 penes
806 1999 890 2038 ipsos
901 1998 1053 2037 deposita,

47 2052 171 2094 decima
182 2052 274 2090 regni
286 2051 423 2090 Angliae
436 2052 601 2082 dumtaxat
614 2055 753 2090 excepta,
766 2052 904 2082 retinere
916 2052 1053 2088 valeant,

49 2105 148 2136 donec
165 2105 243 2144 ipsis
259 2105 298 2134 de
314 2105 474 2143 praedicto
489 2109 601 2136 mutuo
617 2105 812 2135 satisfactum
829 2105 934 2135 fuerit.

91 2170 104 2185 α
128 2158 210 2189 Cum
233 2158 357 2188 dilectis
375 2158 489 2188 filiis...
510 2174 549 2180 —
570 2159 643 2187 Dat.
665 2158 784 2193 Rome,
803 2159 888 2196 apud
906 2158 1056 2188 Sanctam

51 2210 186 2240 Mariam
210 2210 381 2249 Maj0rem‚
403 2209 512 2239 vidus
534 2209 686 2239 februarii
700 2232 707 2245 ,
730 2210 933 2248 pontificatus
956 2211 1056 2240 nostri

50 2272 136 2294 anno
150 2264 263 2302 primo.
282 2275 297 2290 »

94 2329 108 2344 α
122 2317 161 2347 In
175 2325 202 2346 e.
218 2326 262 2346 m.
279 2316 318 2346 de
329 2315 430 2345 simili
444 2316 622 2354 quantitate
637 2324 692 2355 pro
707 2316 801 2346 sociis
814 2316 958 2347 filiorum
974 2317 1058 2347 Bon-

52 2370 190 2408 signoris
206 2374 236 2399 et
252 2369 479 2400 Bonaventure
499 2369 691 2399 Bernardini
709 2369 748 2398 de
765 2369 870 2400 Senis.

92 2423 131 2453 In
147 2432 174 2453 e.
191 2432 236 2452 m.
253 2431 310 2461 pro
328 2421 494 2452 Pulicibus
513 2426 543 2451 et
562 2421 772 2451 Rimbertinis
787 2422 826 2451 de
844 2422 1016 2453 Florentia.

91 2476 129 2506 In
147 2485 176 2506 e.
192 2485 237 2506 m.
254 2484 309 2514 pro
324 2475 521 2505 Clarentinis
536 2474 574 2504 de
591 2474 740 2504 pistorio.

94 2529 130 2558 In
145 2538 173 2559 e.
190 2537 235 2558 m.
253 2537 308 2568 pro
324 2529 471 2559 societate
490 2527 716 2557 Riczardorum
733 2527 771 2557 de
788 2528 883 2558 Luca.
903 2540 917 2556 »

124 2686 244 2715 ’2220

89 2747 170 2775 Clero
185 2748 372 2775 Romaniolae
387 2747 569 2774 commendat
586 2747 632 2779 B.,
649 2748 857 2775 Grossetanum
874 2750 1058 2785 episcopum,

53 2797 191 2824 vicarium
207 2805 293 2824 suum
316 2797 344 2823 in
365 2796 565 2831 spiritualibus
588 2797 617 2822 in
640 2796 824 2831 Romaniola,
842 2798 1013 2833 mandatque
1030 2803 1059 2826 ut

53 2845 146 2872 eidem
163 2846 267 2872 vicario
283 2849 342 2872 tres
356 2845 483 2871 florenos
499 2845 560 2871 auri
577 2853 692 2880 quoque
703 2846 758 2878 die,
771 2847 897 2881 quandiu
912 2847 941 2873 in
957 2847 1061 2875 Roma-

56 2893 130 2920 niola
147 2894 268 2927 steterit,
286 2893 438 2928 persolvat.
456 2892 528 2926 (Fot.
547 2893 579 2920 36
595 2896 649 2927 vo.)

364 2684 722 2721 Sainte-Marie-Majeure,
739 2686 772 2713 ‘26
787 2675 891 2714 sevi-ier
910 2687 986 2715 1289.

103 2996 322 3026 Venerabilibus
338 2996 487 3033 [ratribus
507 2995 725 3034 archiepiscopo
742 2998 911 3028 Ravennati
934 3003 960 3028 el
982 3001 1061 3037 epis-

1130 399 1209 434 copis
1225 407 1259 427 ac
1275 398 1390 427 dilectis
1406 399 1482 435 filiis
1497 399 1662 434 abbatibus,
1678 399 1856 435 prioribus,
1872 404 1938 434 eta,
1957 407 2011 436 per
2026 399 2134 427 Roma-

1131 451 1248 479 niolam
1262 452 1446 481 constitutis.

1173 515 1187 530 α
1209 503 1291 533 Cum
1312 504 1530 534 venerabilem
1555 505 1724 535 fratrem...
1749 520 1788 526 —
1812 504 1884 533 Dat.
1909 504 2030 540 Rome,
2053 504 2137 542 apud

1132 557 1282 586 Sanctam
1300 556 1435 586 Mariam
1452 557 1617 595 Majorem,
1634 566 1679 586 1111
1698 556 1851 586 kalendas
1867 556 1988 594 martii,
2005 556 2136 595 pontifi-

1132 614 1219 639 catus
1234 610 1335 640 nostri
1350 619 1435 640 anno
1451 610 1600 641 secundo.
1620 622 1634 637 v>

1204 809 1316 837 2221

1168 871 1392 905 Inquisitoribus
1416 871 1444 897 in
1470 871 1617 906 provincia
1644 880 1760 898 romana
1786 872 1924 906 apocham
1953 871 1987 898 de
2015 872 2139 899 dirersis

1133 920 1256 946 summis
1271 919 1328 945 dat.
1347 919 1418 953 (Fet.
1436 919 1468 946 36
1485 920 1537 952 vo.)

1466 808 1829 843 Sainte-Marie-MaJeure,
1848 809 1878 835 15
1895 817 1970 836 mars
1987 809 2066 836 ¹289.

1173 1027 1293 1056 Dileclis
1311 1027 1386 1064 filiis
1400 1028 1552 1064 fratribus
1569 1027 1720 1057 Alomano
1738 1028 1771 1057 de
1788 1028 1981 1065 Balneoreqis
1996 1033 2022 1056 ec
2040 1029 2140 1057 Fran-

1133 1081 1207 1109 cisco
1224 1080 1258 1109 de
1272 1081 1437 1115 Rivoutris,
1455 1081 1575 1110 ordinis
1593 1082 1764 1117 minorum,
1782 1082 1815 1109 in
1832 1089 1961 1110 romana
1977 1082 2140 1118 provincia

1135 1134 1372 1170 inquisitoribus
1396 1133 1520 1162 heretice
1543 1135 1719 1171 pravitatis.
1747 1145 1761 1159 <t
1782 1133 1879 1170 Cum,
1902 1133 1985 1163 sicut
2007 1133 2141 1163 dilectus

1133 1186 1219 1216 filius
1232 1186 1598 1222 Nicolaus,camerarius
1610 1191 1728 1222 noster,
1742 1186 1834 1216 nobis
1846 1185 1955 1216 retulit
1968 1186 2040 1216 viva
2053 1195 2140 1223 voce,

1134 1249 1189 1278 per
1202 1243 1385 1278 computum
1397 1240 1561 1269 vobiscum
1572 1240 1607 1269 in
1618 1248 1744 1269 camera
1756 1244 1862 1270 nostra
1874 1239 2020 1270 habitum
2034 1248 2141 1270 coram

1135 1301 1171 1323 eo
1187 1297 1349 1332 repertum
1369 1293 1481 1322 existat
1497 1293 1582 1331 quod
1599 1301 1617 1322 a
1635 1298 1774 1331 tempore
1789 1301 1864 1332 quo,
1882 1292 1931 1322 fili
1946 1292 2139 1330 Alamanne,

1134 1356 1200 1376 una
1214 1356 1286 1376 cum
1304 1346 1416 1376 dilecto
1432 1346 1500 1376 filio
1515 1347 1612 1376 fratre
1629 1346 1753 1384 Angelo
1768 1347 1806 1376 de
1822 1347 1931 1383 Reate,
1951 1351 2026 1377 tunc
2041 1347 2075 1376 in
2092 1355 2142 1377 ro-

1135 1409 1232 1429 mana
1251 1400 1416 1438 provincia
1437 1400 1645 1439 inquisitore,
1668 1400 1805 1430 insimul
1826 1400 2048 1439 inquisitionis
2070 1410 2141 1438 ges-

1135 1454 1222 1483 sistis
1247 1453 1388 1484 officium
1412 1453 1500 1483 vobis
1523 1454 1562 1483 ab
1585 1453 1757 1492 apostolica
1781 1453 1855 1483 sede
1873 1454 2095 1489 commissum,
2113 1457 2144 1483 et

1136 1507 1241 1537 eidem
1257 1507 1380 1544 Angelo
1397 1510 1436 1543 te,
1453 1507 1499 1535 fili
1516 1507 1694 1543 Francisce,
1710 1507 1744 1536 in
1761 1507 1828 1545 ipso
1843 1507 1945 1537 officio
1961 1507 2141 1544 subrogato,

1137 1564 1200 1590 tota
1217 1560 1353 1598 pecunia
1373 1568 1435 1598 que
1454 1569 1556 1598 usque
1573 1560 1607 1589 in
1630 1563 1809 1598 presentem
1826 1560 1910 1589 diem
1929 1559 2053 1589 ratione
2067 1559 2144 1589 dicti

1136 1614 1234 1644 officii
1250 1618 1357 1643 exacta
1373 1613 1457 1652 apud
1476 1617 1576 1643 certos
1599 1613 1805 1652 depositarios
1824 1622 1842 1642 a
1859 1613 1948 1643 vobis
1965 1613 2143 1643 secundum

1137 1667 1396 1698 constitutionem
1421 1666 1624 1704 apostolicam
1654 1666 1818 1704 deputatos
1847 1675 1903 1704 per
1928 1675 1983 1696 vos
2012 1667 2144 1696 nomine

1137 1730 1270 1752 romane
1286 1720 1416 1751 ecclesie
1432 1720 1572 1758 deposita
1588 1720 1699 1757 extitit,
1717 1720 1905 1758 computatis
1921 1724 2041 1758 septem
2056 1720 2144 1750 mili-

1137 1775 1197 1805 bus
1219 1774 1410 1812 octingentis
1430 1773 1552 1803 duabus
1575 1773 1688 1810 libris,
1714 1778 1834 1812 septem
1856 1772 1954 1803 soldis
1974 1777 2003 1802 et
2021 1773 2144 1803 duobus

1138 1828 1281 1858 denariis
1301 1827 1527 1866 paparinorum
1549 1835 1611 1865 que
1636 1835 1692 1864 per
1716 1826 1855 1856 eundem
1879 1826 2010 1856 fratrem
2033 1827 2143 1866 Ange-

1137 1881 1206 1912 lum
1225 1885 1255 1911 et
1273 1885 1302 1910 te
1319 1882 1539 1910 Alamannum
1558 1880 1735 1918 predictum
1752 1879 1892 1918 deposita
1908 1880 2042 1909 nomine
2057 1880 2144 1918 ejus—

1139 1936 1212 1965 dem
1229 1943 1360 1964 romane
1374 1932 1505 1963 ecclesie
1517 1933 1728 1970 habebantur,
1746 1932 1973 1962 universaliter
1992 1941 2092 1971 usque
2105 1932 2145 1962 ad

1138 1987 1350 2027 quantitatem
1382 1986 1551 2016 duodecim
1582 1985 1712 2015 milium
1747 1988 1876 2015 eentum
1908 1985 2146 2024 quinquaginta

1139 2041 1295 2070 librarum
1313 2038 1372 2079 [...]
1391 2038 1490 2068 endit.
1510 2039 1556 2067 De
1573 2038 1702 2076 quibus,
1722 2038 1760 2068 de
1777 2037 1927 2068 mandato
1942 2042 2050 2068 nostro
2065 2038 2146 2069 facto

1140 2095 1229 2125 vobis
1246 2103 1301 2132 per
1318 2093 1440 2123 litteras
1457 2091 1518 2131 [...]
1536 2092 1643 2121 Sancti
1660 2092 1825 2121 Laurentii
1840 2092 1874 2121 in
1894 2092 2045 2121 Damasso
2059 2101 2146 2130 pres-

1139 2149 1301 2187 byterum,
1320 2150 1348 2176 et
1363 2147 1410 2182 J.,
1431 2146 1545 2175 Sancte
1561 2146 1661 2175 Marie
1677 2145 1710 2174 in
1727 2146 1786 2175 Via
1799 2144 1861 2174 lata
1876 2145 2059 2184 di[acouum
2074 2154 2146 2175 car-

1139 2200 1265 2231 dinales
1296 2199 1356 2239 [...]
1388 2198 1588 2238 roman[...],
1619 2198 1762 2237 ejusdem
1794 2198 1934 2235 ordinis,
1964 2207 2020 2236 pro
2051 2198 2146 2228 certis

1140 2264 1251 2286 eorum
1274 2253 1476 2289 necessariis,
1494 2253 1616 2282 duobus
1637 2252 1766 2282 milibus
1788 2251 1848 2291 [...]
1870 2252 2034 2289 sexaginta
2052 2251 2145 2282 libris

1140 2309 1258 2348 prefate
1272 2310 1409 2343 monete,
1426 2314 1552 2335 necnon
1568 2305 1743 2335 conventui
1757 2305 1892 2334 fratrum
1908 2305 2071 2335 minorum
2088 2305 2146 2335 Vi-

1141 2361 1306 2395 terbiensi,
1325 2361 1425 2399 [juxta
1441 2358 1642 2397 man]datum
1657 2363 1802 2388 nostrum
1818 2362 1967 2388 oretenus
1979 2359 2067 2389 vobis
2082 2359 2146 2389 fac-

1142 2421 1228 2451 tum,
1244 2414 1400 2444 sexcentis
1416 2413 1578 2450 sexaginta
1593 2412 1686 2442 libris
1703 2412 1802 2451 ipsius
1819 2416 1963 2449 monete,
1983 2421 2018 2442 ac
2033 2413 2067 2441 in
2083 2412 2148 2442 alia

1141 2473 1228 2508 parte
1251 2476 1306 2506 pro
1328 2467 1473 2506 pluribus
1494 2470 1525 2495 et
1544 2466 1679 2495 diversis
1700 2466 1864 2503 expensiS,
1884 2474 1940 2503 pro
1961 2467 2146 2496 executione

1141 2522 1217 2552 dicti
1231 2521 1338 2557 officii,
1358 2523 1448 2559 prout
1463 2523 1656 2558 oportunum
1673 2519 1787 2555 extitit,
1808 2518 1908 2548 tribus
1924 2518 2056 2549 milibus
2071 2528 2147 2558 qua-

1141 2574 1322 2612 dringentis
1350 2573 1514 2610 sexaginta
1529 2576 1598 2602 octo
1614 2572 1720 2609 libris,
1738 2571 1979 2610 quatuordecim
1998 2571 2095 2602 soldis
2117 2576 2148 2602 et

1143 2628 1243 2657 tribus
1267 2626 1406 2655 denariis
1431 2624 1588 2663 sepedicte
1610 2629 1737 2654 monete
1763 2624 1990 2663 paparinorum
2013 2624 2144 2662 solutis,

1141 2681 1303 2711 restabant
1329 2679 1471 2717 quinque
1498 2678 1589 2707 milia
1617 2677 1853 2716 quadringente
1882 2677 1991 2707 decem
2019 2681 2049 2707 et
2078 2681 2147 2708 octo

1141 2734 1233 2770 libre,
1248 2737 1309 2762 tres
1323 2732 1404 2762 soldi
1421 2737 1451 2761 et
1466 2737 1534 2761 octo
1549 2731 1677 2761 denarii
1692 2730 1920 2769 paparinorum
1937 2730 2068 2760 nomine
2079 2731 2148 2769 jam

1141 2787 1224 2816 dicte
1231 2794 1362 2816 romane
1372 2784 1504 2814 ecclesie
1513 2784 1597 2823 apud
1606 2784 1813 2822 depositarios
1824 2783 2029 2822 supradictos.
2040 2783 2146 2819 Unde,

1142 2848 1216 2869 cum
1241 2838 1279 2867 de
1303 2837 1490 2876 hujusmodi
1509 2841 1591 2866 resta
1609 2837 1675 2866 sive
1694 2836 1821 2866 residuo
1846 2835 1884 2864 de
1903 2835 2052 2865 mandato
2071 2844 2146 2866 nos—

1143 2897 1190 2922 tro
1202 2892 1264 2921 duo
1277 2890 1367 2920 milia
1380 2890 1537 2920 librarum
1552 2890 1781 2929 paparinorum
1795 2898 1920 2918 camere
1934 2892 2040 2918 nostre
2053 2889 2147 2918 duxe-

1143 2945 1214 2975 ritis
1223 2943 1428 2982 assignanda,
1443 2947 1566 2973 retento
1582 2943 1705 2982 reliquo
1718 2951 1773 2981 pro
1786 2942 1972 2972 necessariis
1989 2943 2145 2981 expensis,

1143 2999 1177 3028 in
1195 2997 1380 3028 executione
1396 2996 1472 3026 dicti
1487 2996 1582 3026 officii
1600 2996 1766 3032 faciendis,
1785 3004 1854 3032 nos,
1878 2994 2018 3024 volentes
2033 2995 2068 3024 in
2088 2995 2148 3026 hac
