2393 3496
242 293 317 324 1008

240 361 382 391 sentium
401 361 456 390 tibi
481 362 665 391 auctoritate
688 361 880 390 mandamus
901 361 1053 399 quatinus
1074 368 1110 389 ea
1133 368 1195 397 que
1212 358 1251 388 de

239 414 332 444 bonis
345 415 446 453 ipsius
462 414 650 443 monasterii
666 413 804 443 alienata
818 413 982 442 inveneris
998 412 1109 442 illicite
1124 412 1173 441 vel
1186 411 1250 441 dis-

239 471 338 497 tracta
362 467 401 496 ad
423 467 476 505 jus
498 470 527 495 et
547 466 771 505 proprietatem
797 465 940 504 ejusdem
961 465 1147 495 monasterii
1168 464 1248 503 legi-

238 521 316 550 time
333 528 479 550 revocare
496 527 657 558 procures.
676 518 930 549 Contradictores
945 528 999 557 per
1013 527 1183 548 censuram
1199 527 1248 548 ec-

239 572 450 603 clesiasticam
469 571 681 610 appellatione
700 571 873 610 postposita
888 571 1128 610 compescendo.
1142 572 1250 601 Testes

239 630 345 655 autem
362 625 416 663 qui
433 625 553 654 suerint
569 624 743 661 nominati,
763 626 789 654 si
807 634 839 654 se
853 625 966 662 gratia,
978 625 1052 655 odio
1069 624 1119 655 vel
1137 625 1249 655 timore

239 678 465 714 subtraxerint,
485 687 622 707 censura
640 677 753 714 simili,
767 678 978 717 appellatione
995 683 1149 715 cessante,
1163 687 1249 709 com-

236 731 336 770 pellas
349 731 474 760 veritati
489 730 711 761 testimonium
725 731 904 770 perhibere.
923 732 993 761 Dat.
1007 732 1119 770 Reate,
1134 742 1163 761 vx
1177 732 1249 761 idus

235 784 333 822 junii,
351 784 554 822 pontificatus
571 784 671 814 nostri
687 793 773 814 anno
788 785 903 823 primo.
924 797 936 811 ι)

245 1058 249 1062 ’
271 1058 436 1085 Infradictis
452 1058 567 1084 mandat
583 1062 612 1084 ut
629 1058 841 1084 dissensionem
865 1058 939 1084 iuter
955 1058 1078 1093 priorem
1095 1062 1123 1084 et
1146 1058 1247 1085 fratres

235 1107 340 1134 domus
363 1108 480 1134 fratrum
506 1107 708 1134 heremitarum
732 1106 916 1137 Parisionsis,
939 1108 1049 1134 ordinis
1070 1107 1101 1133 S.
1125 1107 1248 1141 Augus-

235 1157 302 1190 tini,
322 1165 357 1182 ex
378 1161 456 1191 parte
475 1165 544 1184 una.
561 1160 588 1182 ct
605 1155 798 1190 parrochiales
818 1155 971 1189 ecclesias,
990 1165 1024 1182 ex
1042 1156 1143 1189 altera,
1161 1164 1249 1182 causa

855 996 941 1030 Rieu,
958 997 972 1023 7
987 996 1080 1031 juillet
1100 996 1176 1024 1288.

234 1205 425 1241 quorumdam
448 1205 664 1240 privilegiorum
689 1205 880 1231 liereinitibus
896 1213 1102 1231 concessorum
1120 1209 1247 1231 exortam

235 1255 399 1282 terminent.
417 1255 518 1288 (Anca.
537 1254 622 1287 Nar„
640 1254 669 1285 L,
687 1253 749 1285 274,
768 1254 793 1287 4)
811 1255 858 1287 (l).

276 1379 393 1408 Dz'leclis
408 1379 483 1415 filiis
502 1401 524 1407 ..
542 1379 691 1415 preposito
705 1378 739 1407 (Ie
754 1378 864 1407 Sancto
881 1379 1071 1414 Azulomaro,
1090 1378 1246 1407 Morimen—

234 1434 275 1462 sis
294 1433 431 1469 diocesis,
449 1438 474 1462 et
492 1454 512 1461 ..
533 1432 716 1461 cancellario
732 1441 767 1461 ac
789 1433 936 1469 magii-§tro
957 1432 1083 1469 Rodulso
1098 1432 1132 1461 de
1150 1432 1246 1461 Arin-

232 1488 331 1523 curia,
349 1487 493 1516 canonico
511 1487 691 1515 Paristensz‘s
706 1487 912 1515 ecclesiarum.

276 1553 289 1567 α
307 1540 371 1570 Sua
388 1539 479 1569 nobis
497 1562 516 1569 ..
538 1540 659 1578 prior...
679 1557 718 1560 —
736 1539 806 1569 Dat.
828 1540 937 1576 Beate,
958 1538 1150 1578 nouisjuiii,
1169 1547 1245 1578 pon-

235 1594 372 1624 tificatus
388 1593 489 1623 nostri
505 1601 591 1622 anuo
609 1591 734 1632 [primo]
752 1592 790 1631 (?)
809 1605 821 1617 ιι

307 1808 419 1837 ’ΐ351
873 1806 959 1841 Rieu,
976 1806 990 1831 7
1011 1807 1080 1832 aout
1095 1805 1174 1833 1⁶:88.

268 1870 312 1897 De
327 1871 512 1898 contentione
527 1871 601 1897 inter
615 1870 767 1897 ecclesiam
787 1869 979 1897 Parisiensem
995 1872 1022 1895 et
1033 1868 1176 1895 civitatem
1193 1868 1246 1895 Se-

233 1928 403 1947 nonensem.
422 1920 523 1952 (Anca.
540 1919 625 1954 Nun,
643 1918 675 1950 L,
693 1919 754 1950 274.
772 1919 810 1952 6.)

270 2045 381 2073 Dilecto
401 2045 466 2081 litto
491 2066 510 2072 ..
536 2044 664 2081 officiali
688 2043 919 2073 Silvanectensi.
945 2054 959 2069 «
980 2041 1153 2080 Conquesti
1170 2046 1246 2071 sunt

229 2097 322 2127 nobis
337 2096 445 2126 dilecti
465 2096 525 2125 filii
549 2119 568 2125 ..
594 2096 734 2126 decanus
750 2099 780 2125 et
798 2094 971 2134 capitulum
993 2094 1127 2125 ecclesie
1152 2094 1241 2123 Pari-

229 2151 346 2180 siensis
373 2150 457 2189 quod
483 2150 620 2188 majores
644 2154 673 2180 et
698 2149 798 2187 jurati
825 2158 861 2179 ac
887 2149 1079 2178 universitas
1105 2148 1243 2178 civitatis

230 2203 428 2233 Seuoneusis
445 2212 540 2241 super
557 2203 695 2241 quadam
712 2201 849 2241 pecunie
867 2211 993 2231 summa
1010 2206 1040 2231 et
1056 2201 1150 2231 rebus
1168 2201 1242 2231 aliis

227 2256 426 2295 injuriantur
448 2256 589 2292 eisdem,
615 2256 750 2294 ideoque
775 2255 958 2285 discretioni
976 2259 1027 2284 tue
1044 2263 1099 2293 per
1117 2259 1239 2292 aposto-

227 2309 289 2340 lica
313 2311 429 2348 scripta
452 2309 645 2339 mandamus
672 2310 842 2348 quatinus,
871 2308 1016 2347 partibus
1040 2307 1239 2344 convocatis,

226 2363 338 2393 audias
354 2372 482 2392 causam
499 2367 548 2399 et,
569 2361 783 2401 appellatione
800 2366 931 2397 remota,
950 2361 1057 2391 debito
1077 2361 1142 2390 fine
1160 2360 1240 2390 deci-

227 2417 298 2453 das;
314 2417 435 2446 sat-iens
449 2417 533 2455 quod
545 2416 725 2446 decreveris
737 2425 792 2455 per
804 2424 973 2445 censuram
991 2415 1240 2445 ecclesiasticam

227 2471 363 2501 firmiter
378 2471 550 2500 observari.
571 2470 702 2500 Proviso
728 2479 767 2499 ne
786 2470 819 2499 in
843 2469 1017 2508 predictam
1043 2468 1238 2498 universita-

226 2530 289 2556 tem
307 2525 613 2555 excomunicationis
629 2524 678 2554 vel
697 2524 859 2554 interdicti
877 2524 1069 2553 sententiam
1087 2523 1237 2561 proferas,

225 2579 288 2608 nisi
314 2588 332 2608 a
358 2578 449 2608 nobis
477 2588 571 2616 super
598 2578 657 2608 hoc
688 2578 877 2607 mandatum
907 2577 1063 2616 receperis
1089 2576 1236 2615 speciale.

224 2633 333 2663 Testes
349 2636 454 2662 autem
471 2632 527 2670 qui
547 2632 668 2661 fuerint
684 2631 854 2668 nominati,
874 2631 900 2660 si
919 2640 951 2660 se
965 2630 1079 2668 gratia,
1098 2630 1170 2659 odio
1186 2629 1236 2660 vel

225 2685 338 2715 timore
363 2684 593 2719 subtraxerint,
619 2692 755 2714 censura
778 2683 897 2718 simili,
927 2682 1141 2721 appellatione
1170 2692 1238 2712 ces-

225 2743 329 2774 sante,
358 2738 529 2776 compellas
553 2738 678 2767 veritati
711 2738 929 2767 testimonium
952 2736 1132 2775 perhibere.
1162 2737 1232 2766 Dat.

224 2794 332 2827 Reate,
352 2802 394 2821 vn
412 2791 483 2821 idus
495 2792 635 2829 augusti,
651 2791 852 2829 pontificatus
870 2790 968 2820 nostri
985 2798 1071 2819 auno
1089 2790 1231 2829 primo.»

254 2943 286 2972 (1)
300 2942 378 2966 Cette
392 2941 485 2968 lettre,
503 2938 656 2963 deterioree
673 2946 720 2969 par
737 2938 902 2967 l'liumidite,
921 2940 961 2961 est
976 2944 1009 2961 en
1029 2937 1133 2968 grande
1147 2937 1234 2968 partie

220 2988 339 3011 illisible.

989 292 1225 324 REGISTRES
1248 293 1302 322 DE
1326 292 1510 323 NICOLAS
1535 294 1589 323 IV.

1406 359 1520 389 2352
1926 359 2012 391 Rieti,
2028 360 2043 386 5
2059 360 2175 387 octobre
2193 361 2270 389 1288.

1369 420 1554 455 Dispensatio
1572 422 1754 449 residentiae.
1771 422 1872 455 (Aaou.
1890 422 1974 454 Nun,
1989 422 2017 457 J,
2033 422 2093 453 888,
2114 423 2185 456 104.)

1374 516 1495 546 Dilectis
1518 518 1594 554 filiis
1616 541 1636 546 ..

1333 569 1478 598 Germani
1505 571 1539 598 dc
1565 571 1680 605 Pratis,
1708 571 1893 600 Parisiensis
1917 572 2052 608 diocesis,
2084 573 2338 604 monasteriorum

1332 623 1490 652 abbatibus
1510 623 1641 653 mandat
1657 628 1690 653 ut
1711 633 1763 654 sex
1786 623 1912 654 clericis
1931 624 2113 660 Johanuae,
2140 625 2292 657 Franciae
2309 631 2340 658 et

1660 517 1766 547 Sancti
1787 518 1920 547 Dionisz'i
1946 519 1978 547 in
2001 519 2133 548 Francitz
2153 524 2179 548 et
2196 541 2217 550 ..
2237 520 2339 552 Sancti
2372 517 2373 525 ¹

1332 675 1496 705 Navarrae
1524 676 1670 714 reginae,
1699 685 1752 715 per
1776 677 2040 716 quinquennium
2068 678 2206 716 fructuS,
2231 678 2338 710 reddi·
2373 688 2375 718 j

1333 731 1382 757 tus
1394 732 1423 758 et
1436 733 1606 767 proventus
1622 729 1855 760 beneficiorum
1875 739 2004 760 suorum
2022 731 2146 769 integre
2163 731 2338 763 ministrari
2374 745 2375 767 ι

1332 782 1451 811 saciant
1482 787 1633 821 tanquam
1659 783 1685 812 si
1710 784 1771 822 ipsi
1792 783 1899 813 clerici
1932 784 1965 813 in
1992 784 2135 815 ecclesiis
2163 786 2197 816 in
2224 786 2338 826 quibus

1332 836 1488 866 beneficia
1503 836 1671 866 obtineant
1689 837 1900 876 personaliter
1916 838 2086 868 resideant.

1374 901 1387 915 κ
1406 890 1508 919 Habet
1524 890 1555 919 iu
1575 890 1705 920 nobis...
1724 907 1762 912 —
1778 891 1850 920 Dat.
1871 891 1983 929 Reate,
2008 901 2041 921 ιιι
2064 900 2165 923 nonas
2187 892 2336 931 octobris,

1334 942 1537 981 pontificatus
1556 943 1658 973 nostri
1676 952 1763 974 anno
1778 944 1891 983 primo.
1915 956 1927 971 n

1404 1110 1520 1138 ’2353

1367 1172 1485 1200 Collatio
1502 1173 1642 1200 beneficii.
1662 1174 1816 1207 (Ancaivss
1832 1183 1865 1200 nn
1882 1173 2010 1208 Vsmsa.)

1597 1110 1957 1145 Sainte-Marie-Majeure,
1976 1110 2007 1137 13
2022 1111 2173 1138 decembre
2190 1111 2269 1140 1288.
2296 1136 2299 1139 .

1372 1270 1490 1298 Diteccis
1506 1270 1582 1306 filiis
1596 1292 1615 1298 ,.
1634 1270 1745 1298 rectori
1760 1274 1786 1298 et
1799 1270 1917 1299 clericis
1932 1271 2048 1299 ecclesie
2061 1270 2166 1301 Sancti
2178 1271 2340 1302 Pancraoii

1333 1323 1553 1360 Peryamettst's.
1569 1323 1629 1352 Eos
1645 1323 1791 1352 hortatur
1807 1327 1841 1352 ut
1856 1322 1998 1359 Alberto,
2014 1327 2088 1353 nato
2104 1323 2339 1356 Bartholomaei

1332 1377 1369 1406 de
1395 1376 1551 1406 Castoldis
1576 1376 1615 1406 de
1635 1376 1771 1413 Seanco,
1801 1377 1934 1416 pauperi
1959 1377 2087 1415 clerico,
2115 1378 2339 1416 Pergamensis

1331 1429 1501 1466 dioecesis,
1537 1438 1591 1468 per
1622 1430 1812 1467 magistrum
1844 1430 2079 1469 Raymundum
2106 1430 2145 1461 de
2180 1431 2281 1461 Ponte
2309 1434 2340 1462 et

1333 1482 1510 1512 Heuricum
1530 1482 1569 1512 de
1590 1483 1797 1519 Portusuavi,
1818 1483 1999 1522 capellanos
2022 1492 2138 1522 papae,
2156 1484 2340 1515 examinato

1331 1540 1361 1565 et
1377 1536 1491 1566 idoneo
1507 1540 1642 1574 reperto,
1661 1536 1792 1575 aliquod
1809 1536 2058 1567 ecclesiasticum
2075 1537 2283 1576 beneficium,
2299 1538 2340 1569 ad

1330 1598 1421 1619 suam
1440 1589 1645 1620 collationem
1669 1599 1724 1620 seu
1748 1589 1937 1620 electionem
1958 1591 2140 1630 pertinens,
2156 1591 2191 1620 in
2207 1590 2340 1622 ecclesia
2386 1613 2393 1620 ,.

1331 1643 1542 1681 Pergamensi
1558 1652 1674 1673 vacans
1697 1644 1864 1674 conferant
1886 1648 1941 1674 aut
1959 1653 2057 1683 quam
2075 1644 2137 1675 cito
2153 1648 2339 1675 vacaturum

1329 1701 1495 1726 reservent
1510 1701 1540 1726 et
1555 1706 1629 1727 eum
1646 1698 1678 1726 in
1696 1697 1890 1728 canonicum
1906 1702 1936 1728 et
1951 1698 2082 1728 fratrem
2099 1698 2266 1738 recipiant.

1373 1762 1385 1776 ιι
1414 1750 1613 1780 Constitutus
1643 1750 1677 1780 in
1706 1751 1906 1790 presentia...
1934 1769 1973 1773 —
2003 1751 2076 1782 Dat.
2105 1752 2225 1789 Rome,
2255 1752 2352 1793 apud·

1331 1803 1479 1834 Sanctam
1511 1805 1645 1834 Mariam
1679 1805 1854 1843 Majorem,
1880 1805 1988 1835 idibus
2012 1805 2209 1842 decembris,
2235 1805 2339 1844 ponti-

1330 1857 1442 1887 ficatus
1461 1858 1558 1887 nostri
1576 1866 1663 1888 anuo
1681 1858 1793 1897 primo.
1815 1869 1827 1884 n

1400 2024 1516 2052 '2354

1365 2086 1405 2112 [te
1424 2088 1506 2113 bonis
1523 2088 1689 2114 {nonasterii
1708 2087 1806 2114 Sancti
1825 2087 1957 2123 Dionysii
1981 2088 2009 2114 in
2029 2087 2150 2115 Francia
2165 2096 2338 2123 recuperan-

1326 2135 1380 2162 dis.
1397 2136 1499 2169 (Aaou.
1519 2135 1602 2167 Nun,
1622 2136 1652 2169 L,
1669 2136 1731 2167 274,
1751 2137 1800 2168 10,
1820 2136 1937 2168 Porrri„
1953 2137 2065 2170 22866.)

1632 2024 1998 2060 Sainte-Marie-MaJeure‚
2015 2025 2175 2060 28janvie1-
2190 2025 2268 2052 1289.

1366 2232 1475 2261 Dilecto
1494 2232 1559 2269 filt'o
1575 2256 1595 2262 ..
1612 2235 1714 2270 priori
1731 2233 1836 2262 Sancti
1852 2234 1987 2263 ,tledardt
2005 2233 2230 2263 Suessionensis
2247 2241 2338 2262 man-

1326 2285 1377 2314 dat
1394 2291 1429 2315 ut
1450 2295 1486 2316 ea
1507 2296 1588 2325 quae
1612 2287 1650 2316 de
1667 2287 1762 2316 bouis
1790 2287 1976 2316 monasterii
1998 2287 2107 2317 Sancti
2130 2286 2282 2326 Dionysii
2302 2286 2337 2316 in

1326 2339 1470 2374 Francia,
1488 2340 1611 2369 ordinis
1626 2340 1658 2370 S.
1677 2340 1852 2376 Benedicti,
1872 2340 2064 2370 Parisiensis
2078 2339 2251 2376 dioecesis,
2271 2338 2346 2379 illi--

1294 2386 1297 2388 ’
1324 2392 1385 2422 cite
1400 2392 1538 2422 alienata
1554 2393 1601 2423 vel
1614 2393 1765 2423 distracta
1777 2393 1939 2423 invenerit
1950 2393 1988 2423 ad
1999 2393 2224 2433 proprietatem
2241 2396 2271 2423 et
2282 2393 2337 2432 jus

1324 2446 1466 2484 ejusdem
1486 2447 1670 2477 monasterii
1691 2447 1832 2477 reducat.

1364 2512 1375 2525 «ι
1398 2499 1594 2530 Dilectorum
1613 2500 1754 2530 filiorum
1771 2524 1790 2530 ..
1805 2500 1967 2530 abbatis...
1982 2517 2021 2521 —
2037 2500 2108 2530 Dat.
2126 2500 2238 2537 Rome,
2252 2498 2334 2539 apud

1323 2552 1472 2582 Sanctam
1491 2553 1628 2582 Mariam
1653 2554 1824 2592 Majorem,
1845 2563 1864 2583 v
1882 2553 2038 2584 kalendas
2053 2553 2228 2590 februarii,
2250 2559 2335 2583 anno

1323 2605 1438 2644 primo.
1459 2617 1473 2632 ι)

1393 2766 1508 2794 ’ἵ355
1631 2765 1996 2800 Salute-Marie-Majeure,
2017 2765 2047 2792 12
2062 2764 2166 2791 sevrier
2185 2763 2263 2791 ¹289.

1355 2827 1473 2855 Collatio
1491 2828 1621 2855 beneficii
1637 2832 1665 2855 et
1684 2829 1862 2862 dispensatio
1882 2837 1970 2863 super
1992 2827 2152 2863 pluralitate
2175 2826 2331 2854 beneficio-

1319 2886 1393 2904 rum.
1414 2878 1514 2910 (Ancn.
1532 2877 1615 2913 Vina,
1634 2879 1705 2905 Ball.
1721 2886 1794 2913 qen„
1812 2882 1831 2904 t.
1849 2877 1872 2912 1,
1891 2883 1922 2904 n⁰
1938 2878 1976 2910 8.)

1359 2974 1468 3003 Dilecto
1496 2974 1560 3011 filio
1584 2973 1717 3010 Otldont',
1743 2979 1814 3003 ηαιο
1840 2974 1942 3003 dilecti
1965 2973 2026 3010 silit*
2043 2973 2156 3002 nobilis
2172 2972 2235 3001 vlri
2255 2971 2330 3001 Ade-

2377 2734 2390 2827 l
