2393 3496
909 288 1161 333 QUATROEME
1184 287 1340 325 ANNEE.
2110 302 2163 332 79¹

79 366 230 401 eandem;
250 369 279 394 et
298 364 382 402 quod
405 363 545 393 decanus
568 363 759 400 ttetdensis,
779 363 1002 401 subdelegatus
1028 372 1081 392 su-

82 429 134 459 per
147 418 229 448 dieta
241 417 343 455 gratia
358 416 462 446 eidem
474 415 649 446 Guillelmo
661 425 679 445 a
692 417 811 454 pretato
825 418 969 455 episcopo
985 416 1082 454 depu-

83 477 174 506 tatus,
193 469 365 499 sententias
383 469 614 506 suspensionis,
632 469 972 499 excommunicationis
991 474 1020 498 et
1037 469 1085 497 in-

84 522 205 553 terdicti
228 530 264 550 ac
284 520 362 550 alios
386 528 549 558 processus
569 529 623 558 pro
647 520 715 558 ipso
737 521 888 558 magistro
912 519 1084 549 Guillelmo

83 575 205 606 habitos
223 579 339 603 temere
355 572 525 608 revocavit,
541 581 598 602 nos
614 573 647 602 in
665 582 759 603 causa
773 582 835 611 que
850 574 932 602 inter
946 572 1084 601 eundem

84 629 269 666 magistrum
293 626 516 662 Guillelmum,
537 635 572 655 ex
598 631 684 664 parte
703 636 778 661 una,
799 631 828 656 et
844 635 897 656 vos
917 635 953 655 ac
970 626 1087 663 magis-

85 687 146 712 tros
168 680 372 710 Eustachium
394 684 424 708 et
441 679 658 717 Radulphum,
682 680 927 709 universitatem
947 684 977 708 et
995 679 1084 708 deca-

85 744 161 765 num
188 733 385 763 Meldensem
410 732 576 770 predictos,
593 741 630 761 ex
652 732 762 767 altera,
781 742 875 771 super
898 732 956 762 hoc
981 737 1087 761 exorta

85 788 200 824 extitit,
224 786 263 816 ad
282 786 390 815 sedem
410 785 613 824 apostolicam
632 794 686 824 per
703 790 840 815 vestram
858 791 888 815 et
903 786 1004 823 ipsius
1023 794 1087 814 ma-

84 842 172 881 gistri
193 839 360 870 Guillelmi
384 838 614 877 appellationes
638 838 782 875 legitime
802 838 965 872 devoluta,
988 838 1087 867 dilec-

87 901 151 926 tum
170 894 271 923 filium
289 892 478 930 magistrum
498 892 658 929 Rogeruin
674 892 713 921 de
730 891 875 928 Salerno,
889 891 1086 921 archidiaco-

86 957 162 979 num
194 946 481 981 Panormitanum,
510 945 712 982 capellanum
743 950 886 974 nostrum
917 954 952 974 ac
983 944 1088 983 palatii

85 1001 183 1032 nostri
210 999 405 1034 auditorem,
429 1007 597 1028 causarum
627 998 774 1027 dedimus
801 999 944 1036 partibus
963 998 1090 1028 audito—

83 1064 162 1085 rem.
190 1054 309 1083 Vei-um
334 1052 532 1091 postmodum
559 1051 666 1081 dilecti
693 1051 751 1080 filii
777 1052 921 1089 magistri
948 1051 1089 1090 Raynal-

83 1109 142 1139 dus
160 1107 198 1137 de
223 1106 333 1136 Castro
359 1114 450 1140 novo,
475 1105 690 1134 thesaurarius
712 1110 741 1134 et
763 1105 947 1143 capellanus
970 1109 1087 1141 noster,

84 1166 114 1192 et
144 1159 300 1198 Rogerius
331 1159 435 1188 dictus
466 1158 634 1194 CarniFex,
669 1158 816 1187 canonici
847 1158 929 1187 dicte
959 1158 1090 1187 ecclesie

85 1213 301 1248 Ebroicensis,
325 1211 364 1240 ad
387 1211 607 1241 defensionem
630 1211 772 1248 ejusdem
800 1220 894 1240 cause
919 1211 1019 1249 ipsius
1042 1219 1090 1240 ec-

84 1267 179 1298 clesie
201 1265 333 1296 nomine
355 1269 466 1295 contra
486 1265 642 1303 prefatum
665 1264 853 1302 magistrum
877 1263 1089 1294 Guillelmum

84 1321 124 1350 ab
143 1319 289 1349 auditore
311 1318 452 1357 predicto
473 1327 506 1347 se
527 1318 767 1356 postulaverunt
788 1317 926 1354 admitti,
946 1317 985 1346 ad
1007 1317 1091 1355 quod

84 1373 186 1403 dietus
208 1372 334 1401 auditor
356 1370 488 1400 admisit
511 1371 650 1404 eosdem,
673 1370 795 1409 justitia
818 1370 975 1407 exigente.
995 1370 1090 1399 Cum-

85 1435 147 1466 que
174 1426 278 1455 dictus
302 1425 454 1462 magister
477 1423 689 1459 Guillelmus‚
711 1428 879 1462 postquam
901 1423 1090 1463 aliquandiu

85 1480 118 1510 in
136 1479 275 1518 predicta
290 1487 384 1507 causa
402 1487 583 1516 processum
599 1477 715 1512 extitit,
733 1483 842 1507 contra
864 1478 1001 1507 eundem
1023 1487 1092 1507 ma-

87 1533 220 1572 gistrum
250 1531 454 1570 Bayualdum
480 1530 680 1569 produxisset
706 1531 737 1560 in
769 1531 911 1569 ejusdem
940 1531 1093 1560 auditoris

87 1585 246 1626 presentia
272 1584 432 1624 quoddam
457 1584 619 1623 publicum
646 1584 897 1614 instrumentum
926 1588 956 1614 et
979 1584 1036 1615 illo
1060 1585 1093 1614 iu

87 1639 209 1679 judicio
227 1638 322 1668 senti
341 1637 424 1667 velle
441 1637 577 1674 dicebat,
594 1637 761 1676 dictusque
782 1640 934 1676 magister
953 1638 1094 1677 Raynal-

91 1693 148 1723 dns
163 1693 417 1722 instrumentum
435 1691 618 1730 hujusmodi
637 1691 752 1721 salsum
769 1697 934 1727 assereret,
955 1692 1093 1728 taudem,

90 1755 162 1777 cum
178 1746 268 1776 nohis
284 1745 535 1775 instrumentum
551 1745 726 1784 predictum
740 1749 956 1783 presentatum
973 1746 1093 1783 suisset⁷
1114 1769 1120 1772 .

90 1809 147 1831 nos
162 1800 255 1836 illud,
275 1803 337 1829 tam
357 1808 391 1828 ex
411 1799 613 1829 confossione
634 1799 746 1837 prelati
765 1800 908 1836 magistri
926 1799 1095 1829 Guillelmi

88 1863 184 1893 quam
203 1863 238 1883 ex
255 1853 402 1891 pluribus
417 1852 490 1881 aliis
509 1852 660 1890 legitimis
676 1853 869 1890 conjecturis
883 1853 1096 1891 comperimus

89 1911 119 1937 et
138 1907 355 1945 reputavimus
380 1905 528 1935 falsitatis
551 1905 702 1944 scrupulo
722 1914 784 1935 non
803 1915 922 1936 carere.
943 1906 1097 1936 Nolentes

91 1962 196 2000 itaque
214 1965 247 1990 ut
268 1965 352 1990 tante
371 1959 623 1999 presumptionis
640 1969 788 1990 excessus
806 1965 970 1990 remaneat
988 1960 1096 1999 impu-

91 2015 215 2045 nitus...
233 2018 446 2044 memoratum
464 2014 652 2052 magistrum
669 2013 892 2049 Guillelmum,
907 2015 1096 2044 canonicatu

89 2068 171 2098 dicte
190 2067 323 2097 ecclesie
344 2067 543 2097 Ebroicensis
565 2070 595 2096 et
613 2066 774 2104 prebenda
791 2067 968 2104 predicta...
991 2067 1097 2106 priva-

89 2131 161 2151 mus
183 2125 214 2151 et
233 2120 437 2150 deceruimus
457 2124 607 2159 perpetuo
626 2128 758 2149 manere
781 2120 951 2158 privatum.
977 2119 1098 2149 Omnes

90 2174 221 2212 iusuper
245 2173 606 2208 excommunicationis,
631 2173 851 2211 suspensionis
879 2178 908 2202 et
935 2173 1098 2202 interdicti

91 2227 266 2257 sententias
282 2233 312 2256 et
329 2235 494 2266 processus
509 2225 679 2264 quoslibet,
692 2231 801 2255 contra
818 2234 871 2256 vos
886 2230 941 2255 aut
957 2232 1097 2255 vestrum

91 2280 214 2320 aliquos
241 2279 290 2309 vel
319 2279 488 2317 magistros
515 2278 739 2315 Eustachium,
767 2278 988 2317 Radulphum,
1015 2279 1099 2318 Rey-

93 2334 224 2364 naldum
242 2339 272 2363 et
288 2333 460 2371 Rogerum,
475 2332 717 2362 universitatem
736 2337 765 2361 et
781 2332 937 2362 decanum
956 2332 1099 2362 Melden-

93 2396 158 2417 sem
177 2387 344 2426 predictos,
356 2390 411 2415 aut
426 2394 645 2424 quoscumque
656 2385 736 2414 alios
752 2385 943 2423 generaliter
959 2390 989 2415 et
1003 2385 1099 2424 spiri-

93 2439 220 2470 tualiter
235 2448 290 2478 per
305 2438 482 2477 predictum
502 2438 698 2477 episcopum,
717 2438 765 2467 vel
784 2438 1025 2476 subdelegatum
1045 2443 1100 2468 aut

90 2492 311 2531 subdelegatos
331 2492 371 2522 ab
389 2500 437 2528 eo,
455 2492 521 2521 sive
542 2501 595 2530 per
618 2491 697 2521 alios
717 2500 937 2530 quoscumque
956 2492 988 2521 iu
1010 2492 1097 2522 savo-

92 2555 159 2576 rem
177 2546 253 2575 dicti
270 2545 414 2582 magistri
432 2544 610 2581 Guillelmi‚
632 2554 685 2574 seu
704 2545 771 2583 ipso
792 2548 989 2583 procurante,
1008 2553 1099 2575 occa-

91 2599 181 2629 sione
196 2598 402 2629 canonicatus
421 2602 451 2627 et
468 2598 627 2636 prebende
648 2598 730 2627 dicte
752 2598 953 2628 libroicensis
969 2598 1099 2628 ecclesie

93 2652 172 2682 latos
201 2656 230 2681 et
257 2651 381 2681 habitos
412 2659 615 2687 revocamus,
647 2659 809 2681 cassamus
838 2655 867 2680 et
896 2651 1097 2680 irritamus...

94 2705 164 2735 Dat.
177 2705 260 2744 apud
276 2705 549 2740 Urbemveterem‚
565 2713 608 2732 xn
625 2703 778 2733 kalendas
797 2704 995 2742 septembris,
1013 2712 1099 2734 anno

92 2763 216 2797 quarto.
234 2769 246 2784 n

135 2812 172 2841 In
199 2820 227 2842 e.
253 2820 295 2840 m.
325 2833 344 2840 ..
368 2810 476 2840 Sancti
501 2809 654 2839 Germani
683 2810 721 2840 de
742 2811 845 2840 Pratis
869 2816 899 2840 et
920 2833 940 2840 ..
965 2811 1100 2841 Sanctae

93 2864 274 2895 Genovesae
290 2863 480 2893 Parisiensis
498 2863 761 2892 monasteriorum
779 2864 945 2893 abbatibus
960 2869 990 2893 et
1008 2887 1026 2893 ..
1045 2864 1099 2894 de-

94 2926 174 2948 cano
200 2917 466 2954 Rothomagensis
500 2916 651 2945 ecclesiae
680 2916 810 2946 mandat
843 2922 875 2946 ut
906 2917 1098 2955 praedictam

94 2970 306 3000 cassationem
322 2969 482 2999 observari
499 2969 625 2998 faciant.
647 2969 716 2998 Dat.
737 2973 770 2998 ut
785 2978 889 3008 supra.

1237 363 1355 392 58⁶0

1203 424 1366 459 Stephanus
1383 425 1417 452 de
1436 426 1531 453 Monte
1549 426 1658 461 Bari-is,
1676 427 1798 455 tabellio.
1818 436 1913 454 coram
1928 428 1996 454 sede
2012 431 2167 463 apostolica

1167 473 1280 500 citatur.
1299 473 1381 506 (Rau.
1400 474 1443 508 46,
1460 483 1485 501 e.
1501 475 1562 506 434,
1579 476 1598 502 s.
1615 475 1648 502 85
1665 477 1711 508 1‘0.)

1747 364 1873 395 Orvieto,
1890 365 1921 392 28
1936 368 2003 392 nont
2020 367 2096 394 129¹.

1216 575 1437 605 t'cnerabz‘lihns
1451 577 1602 612 fratribus
1617 599 1636 606 ..
1651 578 1784 606 Remenst
1797 583 1822 606 et
1838 601 1858 607 ..
1876 579 2041 608 Senonenst'
2057 582 2170 609 archie-

1167 628 1295 664 piscopis
1309 637 1343 656 ac
1358 650 1376 656 ..
1396 631 1528 666 episcopo
1542 630 1708 659 Parisienst
1724 631 1853 660 mandat
1871 637 1906 660 ut
1921 632 2117 670 Stephanum
2133 633 2170 662 de

1171 680 1279 709 Monte
1297 681 1421 717 Bari-is,
1441 681 1590 711 clericum
1603 705 1610 718 ‚
1629 683 1826 713 Senonensis
1842 684 2011 721 dioecesis,
2030 685 2170 715 tabellio-

1172 741 1263 767 nem,
1290 733 1345 770 qni
1369 733 1483 762 salsum
1505 734 1755 765 instrumentum
1779 736 1816 765 de
1841 746 1903 775 qno
1928 738 1959 766 iu
1981 739 2171 776 praeceden-

1173 785 1254 813 tibus
1278 785 1392 814 litteris
1423 786 1456 815 fit
1480 788 1600 817 mentio
1624 788 1775 825 confecit,
1798 790 1896 819 citent
1918 795 1950 819 ut
1969 800 2074 820 coram
2099 791 2171 821 sede

1171 839 1340 876 apostolica
1361 839 1444 868 iutra
1466 840 1601 869 duorum
1627 842 1783 870 meusium
1810 843 1945 880 spatium
1971 849 2169 882 compareat:

1171 891 1314 929 alioquin
1332 900 1404 920 eum
1423 892 1526 922 officio
1546 893 1768 923 tabellionatus
1786 896 1919 932 privent.

1214 956 1227 970 α
1248 944 1374 973 Dudum
1393 945 1543 982 magistro
1559 946 1768 976 Guillelnio...
1786 965 1823 968 —
1842 949 1910 977 Dat.
1933 950 2014 987 apud
2038 950 2171 979 Urbem-

1174 1001 1323 1032 veterem,
1343 1007 1362 1025 v
1378 996 1530 1027 kalendas
1545 1000 1747 1037 septembris,
1763 1009 1847 1030 anno
1863 1006 1985 1039 quarto.
2005 1014 2017 1026 π

1243 1163 1355 1192 5861

1210 1225 1340 1251 Dcclarat
1350 1226 1496 1252 scholares
1506 1226 1700 1252 univcrsitatis
1713 1226 1906 1253 Bononiensis
1918 1229 1966 1261 qni
1976 1237 1991 1253 a
2003 1227 2176 1255 Bononiensi

1755 1165 1880 1195 Ori-icto,
1899 1166 1930 1192 18
1945 1168 2011 1192 aout
2030 1167 2104 1194 1-291.

1173 1275 1374 1301 archidiacono
1389 1276 1530 1301 licentiam
1547 1276 1666 1302 docendi
1684 1277 1709 1302 in
1729 1277 1794 1309 jure
1815 1277 1953 1303 canonico
1971 1278 2013 1303 vel
2036 1278 2111 1303 civili
2133 1286 2177 1303 re-

1174 1325 1302 1357 cept-rint
1319 1324 1423 1358 ubique
1442 1333 1539 1358 regere
1558 1330 1642 1359 atque
1664 1325 1766 1351 doc-rc
1790 1333 1886 1359 posse.
1904 1325 1988 1358 (Rea.
2005 1326 2053 1359 45,
2070 1334 2095 1351 c.
2109 1326 2175 1359 435,

1174 1373 1193 1400 s.
1211 1373 1243 1399 85
1265 1379 1309 1404 v⁰·,
1329 1373 1447 1403 Poma,
1467 1374 1577 1406 ‘3:3785.)

1216 1477 1334 1505 Dilecti's
1349 1476 1422 1513 filiis
1440 1478 1637 1506 universitati
1653 1477 1819 1506 scolitri‘mn
1842 1478 1971 1506 Bononie
1988 1487 2179 1507 commoran-

1178 1530 1267 1558 tium.
1296 1541 1308 1555 u
1338 1529 1419 1557 Dum
1444 1533 1561 1558 attente
1590 1529 1892 1559 considerationis...
1921 1534 2028 1559 tenore
2051 1539 2179 1569 presen-

1179 1582 1259 1611 tium
1284 1582 1489 1617 decernimus
1514 1587 1547 1612 ut
1569 1583 1764 1621 quicumque
1789 1592 1825 1612 ex
1851 1583 2057 1613 universitate
2079 1589 2180 1613 vestra

1178 1636 1260 1675 apud
1277 1636 1438 1665 civitatem
1458 1636 1627 1674 predictam
1650 1646 1703 1675 per
1716 1636 1977 1666 archidiaconum
1997 1637 2180 1667 Bononien-

1179 1698 1246 1718 sem
1263 1688 1312 1719 vel
1327 1689 1395 1727 ejus
1414 1689 1578 1726 vicarium,
1600 1694 1692 1728 prout
1708 1694 1754 1718 est
1769 1689 1888 1719 ibidem
1906 1689 2058 1719 hactenus
2073 1690 2181 1719 obser—

1181 1748 1301 1778 vatum,
1319 1743 1519 1772 examinatus
1535 1747 1566 1772 et
1583 1743 1772 1781 approbatus
1788 1743 1885 1772 suerit
1901 1747 1931 1771 et
1943 1743 2076 1772 docendi
2094 1743 2133 1772 ab
2146 1751 2181 1772 eo

1180 1796 1344 1825 licentiam
1362 1796 1535 1826 obtinuerit
1554 1797 1586 1825 in
1604 1797 1675 1835 jure
1694 1796 1848 1826 canonico
1866 1796 1914 1825 vel
1934 1796 2033 1832 civili,
2055 1806 2089 1825 ex
2109 1801 2181 1826 tuuc

1179 1850 1297 1887 absque
1309 1849 1545 1879 examinatione
1559 1849 1606 1879 vel
1620 1850 1845 1888 approbatione
1860 1850 1984 1888 publica
1997 1849 2045 1878 vel
2062 1849 2181 1887 privata

1180 1903 1228 1932 vel
1247 1902 1354 1941 aliquo
1368 1903 1429 1932 alio
1444 1911 1525 1932 novo
1537 1903 1696 1941 principio
1711 1903 1839 1940 regendi
1855 1908 1949 1941 atque
1964 1902 2095 1932 docendi
2112 1902 2179 1932 ubi-

1180 1965 1240 1994 que
1258 1956 1397 1986 locorum
1418 1960 1505 1985 extra
1520 1956 1677 1985 civitatem
1698 1956 1931 1985 Bononiensem
1951 1955 2121 1994 predictam
2142 1955 2180 1985 li-

1179 2009 1288 2038 beram
1306 2009 1419 2038 habeat
1436 2009 1633 2044 facultatem,
1654 2017 1710 2037 nec
1731 2017 1749 2037 a
1771 2017 1930 2046 quoquam
1955 2007 2056 2037 valeat
2076 2007 2179 2046 prohi-

1180 2062 1260 2097 beri,
1274 2066 1304 2091 et
1317 2062 1384 2091 sive
1396 2061 1462 2090 vult
1479 2070 1586 2098 regere
1599 2061 1666 2090 sive
1680 2069 1744 2090 non
1760 2061 1791 2089 in
1808 2060 2007 2089 facultatibus
2019 2060 2181 2098 prelibatis

1182 2123 1236 2153 pro
1267 2115 1391 2144 doctore
1424 2113 1654 2143 nichilominus
1685 2113 1851 2142 habeatur.
1884 2112 1974 2142 Nulli
2002 2122 2092 2150 ergo,
2121 2118 2179 2142 etc.

1183 2173 1288 2198 nostre
1313 2167 1566 2201 constitutionis,
1591 2171 1675 2195 etc...
1707 2166 1776 2195 Dat.
1800 2166 1882 2204 apud
1907 2166 2180 2199 Urbemveterem.

1181 2231 1220 2251 xv
1236 2221 1388 2251 kalendas
1405 2220 1605 2259 septembris,
1622 2227 1707 2250 anuo
1723 2223 1845 2257 quarto.
1866 2230 1879 2244 ιι

1251 2385 1503 2414 5862-5863

1218 2448 1369 2474 Guillclmo
1389 2447 1665 2473 administrationem
1681 2445 1835 2472 Valvensis
1857 2446 1996 2472 ecclesiae
2019 2446 2180 2472 committit.

1183 2497 1264 2530 (Rae.
1280 2497 1324 2526 46,
1341 2504 1365 2522 c.
1385 2496 1445 2526 436,
1463 2496 1482 2521 f.
1499 2496 1533 2522 85
1552 2502 1596 2527 v⁰;
1615 2495 1732 2526 Porru..
1747 2495 1856 2525 ς23804.)

1760 2384 1885 2416 Orvieto,
1902 2383 1935 2410 ζ28
1952 2384 2019 2409 aout
2037 2384 2110 2410 1391.

1224 2599 1395 2633 Guillelmo,
1406 2598 1505 2626 abbati
1515 2598 1694 2626 monasterii
1704 2597 1920 2634 Manyacensis,
1931 2596 2047 2624 ordinis
2055 2596 2085 2625 S.
2098 2596 2182 2624 Bene-

1183 2653 1275 2688 dicti,
1301 2651 1522 2687 illontisreyalt‘s
1549 2650 1688 2685 diocesis,
1713 2649 1962 2678 admitit'stratort‘
1981 2648 2094 2677 ecclesie
2116 2649 2181 2677 Val-

1184 2707 1293 2741 vensis,
1311 2704 1367 2742 qui
1384 2713 1438 2742 per
1456 2703 1559 2742 plnres
1579 2711 1680 2732 annos
1702 2703 1741 2732 ab
1766 2702 1911 2731 hostibus
1933 2702 1965 2730 in
1989 2710 2112 2731 carcere
2129 2700 2181 2730 de-

1185 2762 1288 2786 tentus
1316 2761 1376 2791 est,
1401 2760 1430 2784 et
1453 2755 1531 2784 duos
1557 2759 1684 2793 nepotes
1704 2754 1811 2784 amisit
1832 2755 1872 2783 ab
1899 2754 2017 2783 eisdem
2039 2753 2182 2783 hostibus

1184 2814 1372 2847 peremptos,
1386 2808 1564 2843 committit,
1582 2816 1683 2846 usque
1697 2808 1737 2837 ab
1751 2807 1980 2845 beneplacitum
1999 2806 2082 2835 sedis
2096 2814 2180 2843 apos-

1184 2863 1306 2898 tolicae,
1328 2861 1495 2891 Valvensis
1514 2861 1665 2890 ecclesiae
1681 2869 1789 2890 curam
1810 2865 1839 2889 et
1859 2859 2179 2894 administrationem,

1183 2925 1260 2954 quas
1278 2916 1305 2944 ei
1319 2915 1384 2953 jam
1401 2915 1501 2944 bonae
1518 2914 1688 2943 memoriae
1706 2914 1755 2949 B„
1775 2912 1939 2950 episcopus
1961 2911 2179 2946 Penesiriuus,

1185 2969 1302 2998 tuncin
1320 2975 1418 3005 regno
1434 2966 1561 2996 Siciliae
1575 2965 1764 3004 apostolicae
1780 2966 1862 2995 sedis
1876 2964 2010 3002 legatus,
2028 2972 2127 3002 usque
2143 2964 2181 2992 ad
