2393 3496
903 303 1156 349 QUATRIEME
1179 304 1334 343 ANNEE.
2106 321 2162 350 795

74 382 237 424 percipere
257 381 376 417 valeat,
400 380 433 409 in
453 380 713 410 exonerationem
734 379 915 409 debitorum
938 379 1081 418 ejusdem

76 435 259 467 monasterii
276 433 517 464 convertendos.

118 501 132 516 ι
155 487 246 517 Circa
264 485 480 525 quarumlibet
496 485 741 515 ecclesiarum...
767 502 801 506 -
825 485 896 514 Dat.
918 484 1001 523 apud
1018 485 1082 514 Ur-

77 542 302 573 bemveterem,
323 549 342 568 v
358 538 512 568 kalendas
527 539 726 576 septembris,
743 547 829 568 enno
845 542 965 576 quarto.
988 549 1003 563 »

115 594 152 623 In
172 602 200 622 e.
219 601 261 621 m.
279 592 432 629 magistro
447 591 541 621 Petro
561 591 714 628 Begonis,
731 591 900 626 canonico,
921 594 951 619 et
973 614 993 621 ..
1010 590 1080 620 offi-

72 646 148 678 ciali
167 645 431 676 llutlleneusilius
447 644 576 673 mandat
595 649 629 673 ut
645 644 820 682 praedictos
840 644 960 673 fructus
976 643 1080 672 eidem

75 699 178 731 abbati
197 707 252 738 per
270 698 438 727 biennium
457 697 582 735 integre
597 697 778 726 ministrari
795 697 925 727 saciant.

655 921 782 953 Orvieto‚
799 922 831 948 ‘27
847 922 915 947 amit
932 921 1008 948 1291.

144 922 399 953 5898-3899

68 984 69 987 Ἴ
109 998 152 1026 De
168 998 307 1024 ccclesiae
329 996 520 1023 Dei-tusensis
535 996 641 1022 debitis
657 996 804 1022 solvendis
819 1000 847 1022 et
859 995 993 1022 domibus
1009 996 1082 1030 cpis-

74 1047 222 1083 comtibus
238 1045 409 1073 reficiendis.
427 1045 508 1078 (lieo.
526 1045 568 1076 46.
587 1053 612 1071 c.
630 1045 692 1077 440,
709 1045 728 1070 f.
746 1045 779 1072 88
797 1046 843 1076 ro.)

111 1176 257 1212 Arnalda,
275 1176 408 1214 episcopo
424 1175 605 1211 Deriusensi,
618 1173 764 1212 indulget
779 1178 813 1203 ut
829 1174 960 1210 fructus,
976 1173 1080 1203 reddi-

75 1233 125 1261 tus
145 1233 177 1258 et
196 1233 367 1268 proventus
390 1229 483 1266 primi
507 1228 585 1257 anui
606 1228 752 1258 omnium
778 1227 1029 1265 praebendarum
1051 1231 1082 1256 et

73 1282 300 1314 beneficiorum
313 1281 598 1312 ecclesiasticorum
612 1281 736 1320 quaein
751 1281 879 1310 civitate
899 1285 928 1310 et
943 1280 1081 1310 dioecesi

74 1335 260 1366 Dertusensi
279 1344 378 1373 usqne
394 1335 431 1364 ad
453 1334 621 1364 biennium
642 1343 754 1364 vacare
776 1334 964 1372 contigerit,
987 1334 1080 1363 dum-

74 1388 166 1419 modo
188 1387 227 1417 ad
253 1389 540 1426 praesentationem
562 1387 610 1417 vel
633 1387 838 1417 collationem
860 1391 1079 1425 exemptor-um

25 1454 30 1457 >
75 1450 138 1472 non
159 1441 350 1481 pertineant,
368 1442 508 1479 recipere
525 1441 639 1476 valeat,
657 1441 886 1471 convertendos
905 1441 937 1470 iu
953 1440 1080 1470 solutio-

75 1503 149 1525 nem
177 1495 355 1524 debitorum
384 1495 423 1524 ab
453 1494 522 1533 ipso
552 1495 584 1523 iu
610 1494 809 1532 processibus
832 1498 942 1523 contra
966 1493 1079 1523 Fortu-

35 1552 39 1558 ’
74 1547 164 1578 nium
178 1547 218 1577 de
236 1548 377 1585 Vergna,
401 1547 565 1583 clericum,
585 1547 899 1585 Cacsar-augustanae
914 1547 1078 1582 dioecesis,

73 1601 126 1640 qui
138 1610 171 1630 se
184 1600 295 1631 illicite
307 1601 338 1630 in
356 1601 539 1639 episcopum
551 1600 883 1638 Caesaraugustanum
900 1600 1080 1630 consecrari

75 1653 204 1690 fecerat,
221 1658 252 1683 e:
268 1653 301 1682 in
317 1654 469 1683 tata-icam
489 1653 655 1683 domorum
675 1653 918 1693 episcopalium,
939 1662 1021 1692 quae
1041 1662 1079 1682 ex

74 1710 227 1737 vetustate
245 1706 411 1736 minantur
428 1706 567 1741 ruinam,
587 1711 833 1739 contractorum.

114 1771 129 1787 κ
145 1759 228 1796 Quia
245 1765 423 1799 promptum
449 1764 514 1790 te...
538 1776 577 1781 —
599 1760 668 1789 Dat.
693 1759 776 1798 apud
798 1759 1077 1796 Urbemveterem,

73 1821 104 1843 vx
121 1811 275 1842 kalendas
290 1813 490 1851 septembris,
506 1821 592 1843 anuo
607 1819 733 1852 quarto.
752 1825 765 1840 ι
802 1815 805 1817 “

111 1866 150 1896 Iu
167 1875 195 1896 e.
211 1875 253 1896 m.
269 1889 290 1896 ..
308 1866 428 1896 decano
444 1871 474 1896 et
491 1867 603 1896 Pontio
619 1867 658 1897 de
673 1866 824 1903 Gaui-dia,
841 1867 995 1896 canonico
1006 1866 1079 1897 Ter-

73 1919 301 1949 raconensibus
314 1943 321 1956 ‚
338 1920 469 1949 mandat.
489 1926 518 1949 ut
539 1921 712 1959 praedictos
736 1920 856 1950 fructus
878 1921 983 1950 eidem
999 1920 1079 1959 epis-

72 1980 148 2011 copo
162 1982 216 2012 per
232 1973 400 2003 biennium
423 1975 545 2011 integre
562 1974 738 2003 ministrari
758 1974 885 2003 saciant.

114 2037 128 2053 ι
147 2026 230 2063 Quia
246 2026 439 2056 venerabilis
455 2026 588 2056 frater...
608 2042 648 2048 -
665 2027 736 2056 Dat.
751 2032 902 2066 utsupra.
923 2039 935 2053 ι’

140 2243 197 2272 59
201 2243 260 2272 00

645 2245 777 2277 Gru-icto,
794 2246 827 2273 23
843 2247 911 2273 aout
930 2246 1005 2273 1291.

105 2316 148 2343 De
159 2317 355 2344 aedificatione
367 2319 540 2346 cathedralis
551 2320 690 2347 ccclesiae
703 2319 914 2347 Urbevctanae.
931 2321 1014 2353 (Rea.
1032 2322 1076 2351 46,

71 2372 98 2392 c.
114 2365 175 2399 450,
193 2366 212 2394 s.
229 2366 262 2394 88
279 2371 325 2399 νῦ.)

114 2494 265 2524 Πηίυανείς
282 2495 396 2525 Christi
413 2497 550 2533 fidelihus
573 2503 724 2534 presentes
744 2499 863 2528 litteras
888 2501 1076 2537 inspecturis.

73 2545 312 2585 Indulgentisnn
330 2548 428 2577 unius
444 2550 521 2578 anni
536 2554 564 2579 ct
576 2559 614 2579 xc
625 2551 751 2580 dicrum
769 2552 913 2581 concedit
927 2552 1079 2582 omnibus

73 2607 146 2629 vere
167 2600 403 2638 poenitentibus
424 2606 454 2631 ct
476 2602 630 2632 confessis
655 2604 711 2642 qui
735 2613 866 2634 manum
890 2606 1078 2644 adjuuicem

72 2653 270 2690 porrexerint
279 2654 317 2682 ad
327 2655 643 2685 consummationem
654 2657 846 2687 cathedralis
855 2659 1005 2688 ecclesiae
1018 2660 1079 2689 Ur-

72 2703 266 2741 bevetanae,
287 2708 319 2736 in
341 2708 494 2737 honorem
513 2709 621 2738 heatae
643 2710 763 2740 Mariae
786 2712 921 2749 virginis
940 2712 978 2742 de
1000 2721 1080 2742 novo

70 2757 225 2797 inceptae,
244 2761 335 2798 cnjus
352 2760 417 2799 ipse
436 2771 513 2800 papa
531 2763 720 2800 primarium
739 2763 888 2803 lapidem,
906 2775 923 2795 a
937 2776 969 2795 se
981 2766 1078 2796 bene-

71 2810 202 2848 dietum,
219 2822 368 2843 romanae
381 2814 530 2844 ecclcsiae
545 2805 760 2846 cardinalibus
770 2818 1081 2857 assistentibus,p1'o-

70 2864 150 2903 priis
165 2867 315 2895 manibus
331 2866 510 2896 collocavit..

112 2929 125 2944 ι
144 2918 234 2948 Inter
252 2920 400 2949 universa
419 2929 551 2958 opera...
568 2938 607 2942 -
624 2922 693 2951 Dat.
706 2923 789 2960 apud
804 2923 1078 2960 Urbemvetcrem,

69 2979 90 3000 x
107 2970 262 3002 kalendas
280 2973 487 3011 septembris,
505 2983 592 3004 anno
609 2980 730 3013 quarto.
752 2988 764 3001 υ

1233 379 1347 408 590¹

1196 440 1240 467 De
1261 442 1489 476 incorporatione
1510 443 1673 470 monasterii
1698 443 1795 470 Sancti
1817 444 1927 471 Antimi
1944 445 1978 471 de
1994 445 2165 474 Montelcino

1161 490 1252 517 ordini
1268 490 1298 517 S.
1315 491 1467 518 Guillelmi.
1485 492 1568 525 (RcG.
1586 493 1628 524 46,
1647 501 1672 519 c.
1689 493 1752 527 4:11,
1769 493 1788 520 f.
1805 493 1838 520 88
1854 494 1905 527 ro.)

1737 381 1866 413 Orvieto,
1884 382 1913 410 3¹
1933 385 2000 410 aaut
2018 385 2092 412 1291.

1203 614 1222 620 ..
1242 594 1341 629 priori
1356 596 1491 631 qenerali
1507 595 1625 624 ordinis
1641 596 1745 625 Sancti
1764 596 1928 625 Guillelmi.
1949 608 1961 623 α
1978 597 2087 635 Nuper
2099 606 2164 628 mo-

1162 646 1335 674 nasterium
1353 646 1462 676 Sancti
1481 648 1608 676 Autimi
1626 648 1663 677 de
1681 648 1896 685 Moutelcino,
1913 649 2033 679 ordinis
2056 649 2164 680 Sancti

1164 697 1345 733 Benedicti,
1363 699 1495 729 Clusiue
1518 700 1672 737 diocesis,
1696 702 1799 731 ordini
1821 707 1873 732 tuo
1892 702 2166 741 incorporavimus

1161 754 1191 780 et
1204 751 1418 780 concessimus
1435 752 1473 781 de
1487 753 1587 790 gratia
1604 753 1744 791 speciali.
1761 755 1880 784 Verum
1896 756 1971 794 quia
1986 755 2086 794 aliqui
2099 765 2165 786 mo-

1162 802 1256 832 nachi
1275 804 1418 841 ejusdem
1436 805 1561 834 ordiuis
1577 805 1686 835 Sancti
1712 807 1872 837 Benedicti
1891 808 2042 837 dicuntur
2060 809 2165 839 adhuc

1161 855 1194 884 in
1212 856 1322 885 eodem
1337 858 1530 887 monasterio
1545 859 1749 895 commorari,
1762 859 1943 890 discretioni
1960 866 2009 890 tue
2024 861 2165 892 districte

1162 909 1365 947 precipiendo
1384 910 1575 940 mandamns
1589 916 1745 949 quatenus
1762 912 1847 950 ipsos
1860 913 1942 951 qnod
1957 914 2099 943 habitum
2119 915 2163 944 tui

1162 961 1283 990 ordinis
1300 967 1466 992 assumant
1481 963 1608 993 studeas
1622 964 1774 994 inducere
1790 965 1970 1003 diligenter.
1985 967 2016 996 Si
2031 975 2101 996 vero
2115 967 2165 996 iu—

1162 1014 1303 1044 ductioni
1323 1020 1372 1044 tue
1388 1016 1591 1054 acquiescere
1606 1016 1770 1046 noluerint
1785 1018 1817 1047 iu
1836 1018 1894 1047 hac
1911 1026 2007 1056 parte,
2023 1025 2052 1047 tu
2070 1020 2164 1049 eisin

1162 1067 1246 1097 dicto
1264 1069 1456 1098 monasterio
1474 1069 1523 1098 vel
1542 1071 1610 1108 ejus
1627 1070 1781 1100 membris
1804 1079 1952 1109 procures
1973 1072 2034 1101 vite
2057 1080 2165 1101 neces-

1162 1121 1244 1149 saria
1257 1129 1396 1157 congrue
1408 1122 1601 1157 ministrare,
1617 1131 1669 1152 eos
1683 1124 1902 1162 prosequendo
1914 1124 2093 1154 frateruaiu
2107 1125 2168 1155 Do-

1162 1174 1252 1203 mino
1264 1175 1405 1204 caritate.
1421 1175 1490 1205 Dat.
1508 1176 1591 1214 apud
1609 1176 1882 1214 Urbemvcterem‚
1900 1187 1921 1207 11
1938 1177 2090 1208 kalendas
2102 1187 2168 1217 sep-

1165 1228 1295 1257 tembris
1307 1252 1314 1262 ,
1334 1237 1419 1258 anuo
1437 1234 1561 1267 quarto.
1579 1241 1593 1255 »

1232 1426 1491 1455 5902-5905

1199 1490 1240 1516 De
1257 1490 1357 1516 codem
1374 1490 1498 1524 negotio.
1518 1490 1601 1523 (Rea.
1618 1491 1662 1524 ¹16,
1679 1498 1704 1517 c.
1723 1490 1783 1522 452,
1801 1490 1821 1517 s.
1838 1490 1870 1518 SS
1886 1492 1936 1522 νο.)

1737 1427 1868 1463 Orvieto,
1884 1429 1918 1455 ‘23-
1934 1430 2001 1455 nont
2018 1429 2095 1456 1291.

1204 1615 1224 1621 ..
1259 1593 1396 1632 yenerai'i
1433 1593 1593 1630 creerisqne
1623 1593 1780 1630 prioribus
1810 1598 1836 1621 ct
1869 1594 2021 1629 fratribus
2050 1593 2168 1622 ordinis

1161 1647 1192 1676 S.
1211 1647 1377 1675 Guillelmi.
1395 1645 1476 1675 Cum
1491 1646 1524 1674 iu
1541 1646 1769 1675 monasterium
1787 1645 1895 1675 Sancti
1913 1645 2097 1681 Guillehni,
2116 1655 2165 1675 or-

1161 1699 1247 1729 dinis
1264 1701 1296 1729 S.
1314 1698 1480 1728 Guillelmi
1493 1704 1597 1737 caput,
1617 1702 1701 1728 tauto
1716 1698 1836 1737 impetu
1852 1698 2031 1736 irruperint
2050 1703 2167 1728 torren-

1163 1757 1206 1781 tes
1230 1752 1313 1791 qnod
1335 1760 1447 1782 omues
1474 1761 1553 1790 pene
1575 1752 1705 1787 fratres,
1724 1756 1799 1781 tunc
1819 1752 1939 1781 divinis
1958 1756 2103 1781 vacantes
2121 1751 2166 1782 οἰ-

1160 1807 1242 1836 ficiis
1256 1830 1263 1844 ‚
1281 1805 1492 1835 demerserint
1510 1805 1544 1834 iu
1569 1805 1778 1844 protundum,
1801 1805 1937 1834 fulmine
1961 1805 2122 1834 concussis
2139 1808 2168 1834 et

1160 1870 1216 1900 pro
1233 1861 1342 1898 majori
1361 1864 1447 1898 parte
1463 1859 1630 1888 destructis
1646 1859 1788 1897 ejusdem
1810 1858 1992 1888 monasterii
2010 1858 2165 1894 officinis3

1158 1922 1295 1951 cumque
1312 1912 1545 1942 monasterium
1564 1912 1672 1941 Sancti
1690 1911 1817 1940 Antimi
1836 1911 1875 1940 de
1894 1911 2098 1946 Montelciuo‚
2115 1919 2164 1940 or-

1159 1966 1248 1995 dinis
1265 1966 1296 1995 S.
1317 1965 1492 2000 Benedicti,
1509 1964 1658 1994 Clusiuae
1670 1964 1833 1999 dioecesis,
1850 1964 1926 1993 adeo
1941 1965 1980 1992 sit
1993 1963 2166 2001 collapsum

1159 2019 1242 2057 quod
1261 2019 1290 2048 ei
1303 2027 1381 2057 opus
1393 2023 1439 2046 est
1451 2018 1692 2052 reformati0ue3
1710 2017 1838 2046 obtentu
1855 2017 1902 2051 [3.⁷
1919 2016 2024 2046 Sancti
2043 2015 2164 2045 Ni‹·olai

1159 2073 1193 2102 in
1219 2072 1351 2102 Carcere
1375 2070 1524 2100 Tulliano
1545 2069 1671 2099 diaconi
1695 2069 1882 2105 cardinalis,
1908 2078 2015 2098 curam
2039 2068 2164 2098 ordinis

1160 2127 1191 2156 S.
1210 2124 1374 2155 Guillelmi
1394 2123 1544 2161 gerentis,
1562 2123 1790 2152 monasterium
1809 2122 1917 2152 Sancti
1939 2122 2072 2157 imiimi,
2090 2130 2162 2150 cnm

1160 2178 1292 2209 ecclesia
1315 2176 1424 2207 Sancti
1439 2175 1600 2206 <Iohannis
1618 2175 1656 2204 de
1672 2174 1864 2204 Castellioue
1881 2174 2049 2209 l'iscariae,
2072 2174 2168 2204 Gros—

1109 2255 1112 2257 -
1160 2238 1287 2262 setaniae
1303 2231 1471 2265 dioecesis,
1488 2234 1518 2259 et
1532 2229 1605 2258 aliis
1621 2229 1790 2264 membris,
1815 2227 2018 2266 pertinentiis
2042 2228 2164 2265 ειμι-ἰ-

1159 2286 1218 2315 bus
1234 2287 1316 2324 ejus,
1335 2284 1442 2314 ordini
1460 2283 1492 2312 S.
1513 2281 1680 2312 Guillelmi
1705 2282 1973 2320 incorporandum
1997 2281 2158 2318 concedit,

1159 2348 1231 2369 cum
1246 2335 1613 2367 facultatetransferendi
1627 2335 1853 2364 monasterinm
1871 2333 1979 2363 Sancti
1997 2333 2163 2363 Guillelmi

1159 2392 1198 2421 ad
1214 2391 1378 2421 ecclesiam
1391 2390 1496 2420 Sancti
1513 2389 1684 2419 ¹Iohannis,
1703 2388 1749 2417 Ita
1767 2392 1870 2416 tamen
1888 2387 1970 2425 quod
1987 2387 2020 2415 in
2039 2395 2165 2415 monas·-

1162 2446 1238 2475 terio
1274 2444 1381 2475 Sancti
1421 2442 1546 2473 Autimi
1582 2441 1623 2470 sit
1660 2444 1835 2471 conventus
1866 2440 2000 2469 fratrum
2037 2438 2162 2469 ordinis

1160 2499 1193 2529 S.
1213 2497 1391 2528 Guillelmi.

1205 2564 1217 2578 ι
1232 2551 1396 2580 Meditatio
1411 2548 1515 2578 cordis
1536 2548 1672 2576 nostri...
1693 2564 1731 2568 —
1755 2546 1824 2575 Dat.
1849 2545 1931 2584 apud
1953 2545 2161 2575 Urbemvete—

1161 2614 1240 2639 rem,
1257 2613 1273 2633 x
1291 2603 1442 2632 kalendas
1461 2600 1648 2639 septembris
1661 2623 1667 2635 ,
1685 2608 1770 2628 anno
1787 2608 1860 2637 quai
1872 2604 1913 2628 to.
1933 2610 1945 2624 n

1201 2658 1238 2686 In
1257 2666 1284 2685 e.
1305 2665 1347 2684 m.
1367 2678 1386 2684 ..
1405 2654 1549 2692 episcopo
1567 2652 1698 2682 Clusino
1714 2657 1743 2681 et
1760 2650 1919 2688 magistris
1937 2649 2108 2679 Guillelmo
2126 2648 2163 2678 de

1159 2709 1303 2745 Trai-ali,
1320 2708 1545 2742 Grossetanae,
1571 2714 1606 2735 ac
1628 2705 1779 2741 Gregorio
1802 2703 1944 2738 Judicis,
1968 2703 2072 2732 Sancti
2095 2702 2161 2731 Ste-

1161 2763 1256 2802 phani
1278 2762 1440 2791 Aluti-inae
1457 2758 1663 2789 ecclesiarum
1680 2757 1851 2787 canonicis.
1871 2756 2000 2784 mandat
2023 2760 2055 2784 ut
2078 2763 2163 2792 prae-

1160 2816 1280 2845 dictum
1299 2815 1433 2852 priorem
1453 2811 1632 2850 generalem
1652 2810 1698 2839 vel
1716 2811 1741 2848 ej
1750 2819 1784 2838 ns
1803 2814 2017 2848 procuratores
2042 2808 2074 2836 iu
2092 2815 2160 2835 cor-

1161 2867 1300 2907 poralem
1340 2865 1572 2904 possessiouem
1610 2861 1795 2893 monasterii
1827 2861 1935 2890 Sancti
1967 2859 2092 2889 Autimi
2132 2863 2161 2887 et

1161 2919 1390 2960 pertinentium
1409 2919 1477 2956 ejus
1491 2917 1656 2946 inducant.

1204 2976 1238 3003 ln
1255 2983 1281 3002 e.
1302 2982 1343 3001 m.
1358 2971 1516 3001 universis
1531 2969 1695 2999 abbatibus
1716 2971 1747 2996 et
1771 2966 1928 3005 prioribus
1955 2963 2160 2994 monasterio-
