2393 3496
173 310 230 339 760
916 304 1152 336 REGtSTREs
1175 304 1229 334 DE
1251 302 1435 333 NICOLAS
1458 303 1514 333 IV.

173 380 216 406 tat
238 375 388 405 correctio
407 374 592 404 clericorum
616 373 655 403 ad
676 372 909 411 procedendum
938 381 992 410 per
1018 371 1174 400 constitu-

174 429 292 459 tionem
307 427 492 466 hnjusmodi
508 431 615 457 contra
633 426 708 455 tales
724 425 856 454 clericos
871 425 1104 454 observandam
1121 432 1175 453 ne-

171 480 329 519 gligentes
338 481 522 516 existerent,
537 479 644 508 tandiu
655 478 694 507 al)
705 479 851 515 ingressu
864 477 994 507 ecclesie
1007 481 1175 507 noscerent

172 542 204 563 se
221 541 385 572 suspensos
405 533 504 561 donec
521 530 779 560 constitutionem
800 530 901 568 ipsam
918 534 1027 560 contra
1043 529 1174 559 clericos

171 587 256 625 ipsos
269 586 371 615 debite
384 584 561 614 executioni
574 583 774 612 mandarent.
790 583 837 620 Et,
852 592 892 612 ne
907 583 1044 622 prelatus
1055 582 1174 621 aliquis

171 639 246 668 dicti
268 638 357 675 regni
379 637 416 666 ad
440 635 662 674 pecuniarium
682 639 829 674 questum
850 635 900 665 vel
921 635 1046 665 lucrum
1066 644 1173 675 presu-

170 695 269 721 meret
287 688 470 727 hujusmodi
487 687 744 717 constitutionem
761 693 956 725 convertere,
975 689 1113 727 prefatus
1127 689 1174 718 le-

169 748 260 781 gatus
275 742 366 771 duxit
380 741 554 770 districtius
567 740 782 771 inhibendum
796 750 836 771 ne
850 742 923 780 quis
938 742 1108 780 pecuniam
1124 741 1173 772 vel

169 795 421 826 emolumentum
439 793 568 832 aliquod
586 794 621 823 iu
640 794 810 824 utilitatem
826 796 985 834 propriam
1003 804 1039 824 ex
1058 794 1172 833 hujus-

167 847 251 877 modi
270 856 365 876 causa
381 847 534 885 reciperet
549 847 814 878 convertendum.
832 848 922 884 Quod
939 849 965 878 si
981 853 1091 878 contra
1107 857 1174 886 pre-

168 900 250 930 sumi
279 900 493 937 contingeret,
522 900 547 929 si
573 900 830 939 archiepiscopus
855 901 905 931 vel
930 902 1094 940 episcopus
1120 905 1175 931 aut

168 954 263 984 abbas
287 953 336 983 vel
359 953 438 983 alter
465 953 603 992 prelatus
627 959 790 993 exemptus
815 955 962 984 existeret
987 956 1042 994 qni
1068 955 1174 985 delin-

166 1011 278 1046 queret
293 1007 326 1036 in
344 1007 522 1045 receptione
534 1007 732 1046 hujusmodi,
743 1007 843 1038 donec
857 1008 989 1046 duplum
1007 1009 1075 1047 ejus
1090 1009 1174 1047 quod

167 1061 319 1098 reciperet.
342 1060 375 1089 in
401 1060 468 1099 pios
494 1070 570 1090 usus
598 1066 814 1097 converteret,
839 1062 1100 1100 archiepiscopus
1125 1063 1174 1092 vel

167 1113 330 1152 episcopus
347 1122 364 1142 a
382 1113 558 1152 pontificali
573 1114 691 1150 officio,
709 1114 805 1144 abbas
821 1123 896 1144 vero
913 1115 962 1144 vel
977 1115 1058 1145 alter
1072 1115 1174 1155 prela-

168 1171 216 1196 tus
239 1166 278 1195 ab
296 1166 399 1196 officio
420 1168 567 1205 suspensi
586 1171 706 1202 essent,
725 1168 779 1197 alii
799 1177 872 1198 vero
889 1169 1017 1198 abbates
1033 1170 1174 1199 minores

167 1224 197 1250 et
216 1220 378 1250 inferioris
398 1220 515 1257 gradus
536 1228 668 1258 persone
691 1221 892 1259 subjacerent
914 1225 1173 1252 excommunica-

167 1274 262 1303 tionis
275 1273 434 1303 sententie
447 1274 514 1312 ipso
528 1274 618 1309 facto,
634 1283 651 1303 a
666 1284 728 1312 qua
741 1274 863 1304 absolvi
877 1284 940 1305 non
955 1280 1095 1314 possent,
1111 1276 1173 1306 nisi

166 1326 299 1365 duplum
322 1327 389 1365 ejus
409 1327 494 1365 quod
514 1327 692 1365 receperint
712 1327 746 1356 in
764 1336 843 1366 opus
863 1333 1086 1358 converterent
1103 1330 1173 1368 pie-

167 1380 250 1409 tatis.
268 1380 373 1415 Quare
389 1380 480 1409 nobis
496 1380 661 1410 humiliter
678 1380 877 1419 supplicastis
893 1386 937 1418 ut,
954 1390 1026 1412 cum
1043 1383 1173 1422 pontifi-

166 1432 226 1462 cali
245 1433 399 1469 dignitate
417 1432 567 1471 preditis,
587 1433 626 1463 ob
647 1435 859 1464 reverentiam
879 1435 960 1464 sacri
976 1435 1071 1465 officii
1088 1437 1173 1474 quod

167 1491 331 1523 exercent,
350 1486 419 1524 plus
437 1486 508 1516 aliis
525 1487 641 1516 deferri
659 1487 768 1518 deceat
783 1488 861 1517 etin
877 1489 1078 1526 processibus
1094 1498 1170 1520 con-

167 1544 213 1569 tra
234 1548 285 1569 eos
305 1539 460 1569 habendis
480 1540 598 1577 gradus
616 1545 646 1570 et
666 1540 821 1570 modestia
838 1541 974 1571 debeant
990 1542 1171 1579 observari,

166 1593 330 1631 providere
347 1593 380 1622 in
402 1593 459 1622 hac
479 1598 565 1632 parte
585 1598 717 1632 paterna
737 1594 954 1624 sollicitudine
973 1604 1170 1626 curaremus.

166 1646 246 1682 Quia
263 1655 335 1676 vero
352 1646 506 1685 episcopis
523 1647 653 1686 suisque
669 1647 898 1686 superioribus,
916 1653 1043 1687 propter
1059 1658 1171 1679 execu-

166 1700 286 1729 tionem
310 1700 497 1738 pontificalis
519 1701 630 1738 officii,
649 1701 732 1739 qnod
750 1701 934 1740 frequenter
949 1702 1121 1740 incumbit,
1139 1707 1173 1733 ut

164 1752 273 1790 aliquo
289 1761 362 1782 casu
380 1753 542 1783 interdicti
560 1753 610 1783 vel
626 1754 844 1792 suspensionis
861 1754 1028 1784 incurrant
1043 1759 1171 1785 senten-

165 1806 240 1835 tiam
266 1805 332 1843 ipso
354 1805 436 1835 sacto
458 1806 558 1836 nimis
580 1807 794 1845 periculosum
817 1808 938 1845 existit,
961 1816 1037 1845 nos,
1059 1810 1172 1839 vestris

164 1858 449 1897 supplicationibus
469 1859 634 1897 inclinati,
655 1860 797 1890 volentes
815 1861 847 1890 in
868 1861 928 1890 hac
949 1866 1036 1900 parte
1058 1862 1172 1901 benig-

163 1911 237 1941 nius
249 1920 391 1941 annuere
404 1912 484 1941 votis
498 1912 623 1948 vestris,
639 1921 755 1951 penam
769 1922 831 1952 qua
846 1922 900 1952 per
910 1914 1173 1945 constitutionem

163 1965 350 2003 premissam
374 1965 543 2005 episcopali
566 1966 720 2004 dignitate
743 1967 859 2005 prediti
884 1971 1034 1998 tenentur
1053 1969 1173 1999 astricti

165 2022 270 2048 tenore
284 2019 480 2057 presentium
496 2020 693 2056 relaxamus;
710 2021 798 2051 vobis
814 2022 958 2059 apertius
973 2022 1173 2060 predicentes

162 2071 254 2110 quod,
271 2072 296 2101 si
312 2081 406 2110 super
422 2073 585 2111 premissis
603 2073 800 2111 negligentes
817 2074 945 2104 fueritis
964 2075 1013 2105 vel
1030 2076 1170 2112 remissi,
1200 2106 1202 2108 ,

162 2134 276 2163 penam
306 2127 492 2155 canonicam
523 2127 661 2165 poteritis
692 2136 756 2158 non
790 2128 955 2159 immerito
987 2129 1170 2160 formidare.

163 2178 251 2207 Nulli
268 2187 353 2217 ergo,
371 2183 448 2215 etc.,
468 2185 575 2209 nostre
592 2180 817 2217 relaxationis,
835 2186 893 2212 etc.
916 2182 987 2212 Dat.
1004 2183 1087 2222 apud
1109 2183 1172 2214 Ur-

163 2231 387 2268 bemveterem,
404 2242 426 2261 11
448 2242 547 2263 nonas
560 2233 646 2271 julii,
665 2242 751 2264 anno
767 2239 890 2273 quarto.
913 2248 924 2260 υ

232 2428 348 2457 5609

199 2493 330 2520 Facultas
350 2494 537 2529 dispensandi
556 2504 622 2522 cum
642 2496 756 2523 clericis
777 2498 1001 2527 concubinariis.
1018 2499 1100 2533 (Res.
1119 2501 1168 2532 46,

161 2550 186 2569 c.
207 2543 272 2577 345,
290 2543 308 2569 f.
326 2543 359 2571 69
377 2544 424 2576 ro.)

734 2432 860 2463 Orvieto,
879 2433 893 2460 6
907 2433 1002 2467 juillet
1020 2435 1097 2462 1‘291.

207 2653 376 2682 Venerabili
391 2654 487 2689 fratri
502 2654 689 2690 Satimbene,
707 2656 926 2694 archiepiscopo
945 2658 1105 2697 Capuam,
1122 2660 1167 2690 fa-

160 2706 310 2736 cultatem
330 2706 474 2736 conccdit
488 2706 696 2745 dispensandi
713 2716 787 2738 cum
805 2709 930 2740 clericis
946 2712 1002 2750 qui
1017 2713 1168 2743 concubi-

161 2769 275 2789 narum
289 2759 453 2790 occasione
469 2760 614 2799 suspensi
628 2760 769 2798 suerunt,
782 2762 836 2792 sed
850 2763 888 2792 ad
902 2764 988 2794 viam
1002 2765 1167 2796 meliorem

160 2813 348 2850 redeuntes,
372 2813 636 2843 constitutionem
659 2815 874 2853 supradictam
897 2816 935 2847 G.
949 2841 956 2854 ,
979 2818 1169 2850 Sabinensis

159 2867 315 2906 episcopi,
338 2866 527 2903 observant,
551 2871 585 2897 ut
606 2867 762 2898 beneficia
778 2878 835 2899 sua
850 2869 936 2900 licite
954 2871 1093 2903 retinere
1111 2881 1167 2903 va-

159 2922 253 2952 leant.

200 2987 212 3001 «
233 2975 275 3004 Ex
295 2978 347 3004 tua
363 2973 620 3004 insinuatione...
636 2990 677 2997 -
692 2975 762 3005 Dat.
782 2980 815 3006 ut
831 2986 937 3016 supra.
957 2990 971 3004 »

1327 369 1449 397 5610
1832 367 1960 398 Orvieto.
1977 367 1992 394 6
2004 367 2100 402 juillet
2116 368 2194 396 1291.

1293 431 1335 457 De
1349 431 1449 457 eodem
1466 430 1590 465 negotio.
1607 430 1690 464 (Rae.
1707 430 1751 464 46,
1767 438 1794 457 c.
1812 430 1885 463 3452,
1902 431 1922 458 f.
1938 430 1972 457 69
1988 431 2034 463 rv.)

1297 533 1398 562 Eidem
1428 531 1609 562 facultatem
1637 532 1782 563 concedit
1805 532 2018 571 dispensandi
2042 541 2116 563 cum
2140 532 2266 564 clericis

1256 584 1426 624 Capuanae
1446 585 1601 615 dioecesis
1623 593 1718 624 super
1739 584 1974 623 irregularitate
1999 593 2096 624 quam
2118 585 2266 616 incurre-

1256 644 1349 674 runt,
1369 639 1481 668 divina
1501 638 1603 668 officia
1623 638 1820 669 celebrantes
1841 637 1890 669 vel
1910 647 2014 669 sacros
2036 638 2164 669 ordines
2186 639 2265 669 reci-

1257 692 1396 731 pientes,
1415 700 1600 731 quanquam
1619 692 1871 723 concubinarum
1890 693 2070 730 occasione,
2089 691 2265 722 secundum

1257 746 1428 784 praefatam
1447 745 1499 782 G.‚
1516 745 1703 776 Sabinensis
1725 745 1878 785 episcopi,
1897 746 2174 783 constitutionem,
2191 754 2265 776 sus-

1256 802 1347 840 pensi
1367 805 1467 831 erant.

1299 868 1312 881 «1
1335 854 1514 894 Exposuisti
1531 855 1621 885 nobis
1637 854 1760 893 quod...
1779 872 1818 876 —
1833 854 1905 884 Dat.
1925 858 2078 893 utsupra.
2101 866 2114 882 n

1327 1027 1408 1056 581
1420 1028 1438 1055 1
1835 1026 1962 1058 Orvieto,
1977 1027 1992 1054 5
2005 1027 2100 1061 juillet
2116 1025 2195 1054 1291.

1293 1089 1426 1116 Facultas
1440 1089 1604 1116 conserendi
1620 1089 1733 1116 duabus
1745 1090 1877 1124 personis
1887 1089 2113 1117 tabellionatum.
2125 1088 2209 1123 (Rite.
2221 1089 2265 1121 46,

1257 1147 1282 1165 c.
1300 1139 1361 1170 316,
1378 1139 1395 1165 f.
1413 1139 1447 1165 09
1464 1141 1511 1171 1⁸⁰.)

1297 1241 1412 1270 Eidem.

1298 1306 1312 1320 «
1331 1293 1483 1323 Volentes
1500 1296 1585 1323 tuam
1603 1293 1799 1323 honorare...
1817 1310 1856 1315 —-
1869 1294 1941 1324 Dat.
1960 1293 2044 1332 apud
2061 1293 2267 1324 Urbemvete-

1256 1355 1335 1383 rem,
1357 1355 1390 1375 111
1409 1355 1509 1376 nonas
1522 1345 1610 1385 julii,
1627 1354 1713 1376 anno
1728 1350 1851 1385 quarto.
1872 1358 1885 1374 ι)

1327 1519 1446 1548 5812
1840 1519 1972 1552 Orvieto,
1990 1519 2023 1547 ¹9
2035 1520 2101 1554 juin
2116 1519 2195 1547 1‘291.

1291 1581 1477 1616 Dispensatio
1492 1589 1579 1617 super
1594 1583 1755 1617 pluralitate
1771 1582 1987 1609 beneficiorum.
2005 1581 2089 1615 (Res.
2105 1581 2149 1614 46,
2164 1590 2190 1609 c.
2204 1581 2265 1613 347,

1255 1631 1274 1657 f.
1292 1631 1326 1658 69
1343 1632 1391 1663 r0.)

1300 1732 1414 1768 Ulrico,
1435 1734 1546 1762 rectori
1563 1735 1678 1764 ecclesie
1698 1736 1732 1764 in
1747 1735 1920 1771 Ilichetttat,
1939 1734 2178 1764 constantiensis
2201 1734 2267 1763 dio-

1257 1787 1339 1815 cesis.
1357 1786 1438 1816 Cum
1461 1795 1497 1816 eo
1518 1787 1680 1825 dispensat
1701 1791 1734 1817 ut
1756 1787 1898 1817 retinere
1917 1787 2020 1817 valeat
2040 1786 2209 1821 ecclesiam
2228 1787 2268 1817 de

1256 1839 1443 1876 Richeutal‚
1460 1848 1571 1870 curam
1589 1840 1776 1870 animarum
1793 1840 1984 1877 habentem,
2007 1844 2037 1871 et
2053 1840 2089 1870 in
2107 1839 2265 1871 Constan-

1256 1893 1366 1930 tiensi,
1386 1893 1563 1924 Beronensi
1579 1897 1610 1923 et
1623 1894 1818 1932 Zovingensi
1831 1918 1838 1931 ,
1855 1894 1890 1924 in
1905 1894 2025 1925 Urderf
2038 1897 2069 1924 et
2083 1894 2118 1924 in
2135 1893 2266 1925 Wiclis-

1256 1946 1335 1984 pach
1358 1946 1512 1983 ecclesiis
1533 1946 1790 1977 Constantiensis
1813 1947 1984 1983 dioecesis,
2009 1947 2214 1978 canonicatus
2237 1951 2268 1977 et

1255 1999 1469 2038 praebendas,
1493 2009 1576 2038 quae
1600 2000 1669 2030 sine
1691 2000 1930 2040 dispensatione
1950 2000 2086 2031 insimul
2109 2000 2265 2039 detinuit,

1255 2061 1440 2092 quanquam
1454 2054 1487 2082 in
1501 2053 1663 2092 aliquibus
1679 2053 1866 2084 earumdem
1883 2053 2092 2084 ecclesiarum
2105 2057 2154 2084 est
2167 2057 2266 2084 statu-

1257 2110 1335 2141 tum,
1351 2106 1385 2135 in
1399 2106 1470 2136 aliis
1488 2115 1562 2146 vero
1578 2107 1812 2137 consuetudine
1827 2106 1994 2137 obtentum
2011 2110 2044 2137 ut
2056 2106 2266 2137 beneficiatus

1254 2160 1288 2188 in
1306 2169 1369 2189 una
1386 2169 1496 2190 earum
1513 2161 1547 2190 in
1565 2160 1628 2190 alia
1643 2169 1708 2191 non
1723 2160 1918 2191 beneficium
1933 2160 2080 2190 obtinere
2094 2159 2203 2199 possit.

1297 2225 1310 2239 α
1329 2213 1502 2243 probitatis
1519 2216 1570 2243 tue
1583 2214 1736 2244 merita...
1751 2230 1788 2235 —
1801 2213 1873 2243 Dat.
1890 2213 1974 2252 apud
1987 2213 2264 2250 Urbemveterem,

1254 2276 1308 2296 xm
1325 2266 1479 2297 kalendas
1492 2267 1578 2306 julii,
1596 2276 1682 2297 anuo
1697 2271 1825 2306 quarto.
1845 2279 1857 2294 n
2190 2258 2194 2262 ’

1323 2447 1577 2476 5613-5820
1825 2445 1958 2480 Orvieto‚
1974 2446 1989 2472 7
2001 2445 2097 2481 juillet
2112 2445 2192 2473 1291.

1288 2507 1497 2544 Indulgentiae.
1514 2508 1597 2540 (Res.
1615 2508 1658 2540 46,
1675 2516 1701 2535 c.
1718 2508 1779 2539 348,
1797 2508 1816 2534 f.
1836 2508 1871 2536 69
1887 2509 1933 2541 r0.)

1295 2611 1448 2640 Universo-
1467 2612 1581 2641 Christi
1602 2612 1741 2649 fidelibus
1761 2616 1910 2650 presentes
1933 2612 2050 2641 litteras
2070 2611 2262 2649 inspecturis.

1251 2663 1492 2701 Indulgentiam
1513 2664 1610 2694 unius
1630 2665 1708 2694 anni
1726 2669 1757 2695 et
1772 2674 1811 2695 xi.
1829 2664 1954 2695 dierum
1971 2658 2118 2695 'concedit
2132 2663 2264 2694 visitan-

1251 2716 1337 2746 tibus
1357 2717 1523 2747 ecclesiam
1547 2718 1657 2747 Sancti
1675 2717 1841 2749 Saturnini
1859 2718 1898 2748 de
1914 2716 2038 2756 Regula
2051 2740 2058 2754 ,
2075 2717 2263 2748 vasatensis

1251 2768 1421 2805 dioecesis,
1443 2771 1476 2800 in
1497 2771 1641 2809 eiusdem
1665 2772 1785 2809 sancti,
1808 2772 1840 2803 S.
1864 2770 2032 2802 Michaelis
2055 2776 2086 2801 et
2106 2770 2139 2801 S.
2164 2769 2263 2809 Eligii

1249 2823 1478 2854 festivitatibus
1493 2830 1523 2855 et
1537 2834 1592 2865 per
1604 2829 1673 2856 octo
1688 2826 1756 2856 dies
1772 2829 1953 2865 sequentes

1293 2888 1307 2903 α
1335 2877 1424 2907 Licet
1447 2878 1474 2907 is
1497 2879 1573 2908 de...
1596 2895 1637 2902 —
1660 2880 1730 2909 Dat.
1755 2878 1840 2919 apud
1865 2878 2140 2915 Urbemveterem,
2165 2876 2262 2908 nonis

1248 2929 1335 2969 julii,
1352 2934 1438 2962 anno
1455 2937 1578 2970 quarto.
1598 2944 1612 2960 »

1292 2984 1330 3013 In
1344 2992 1372 3014 e.
1388 2993 1444 3022 m.‚
1461 2994 1517 3024 pro
1532 2986 1666 3017 ecclesia
1679 2986 1815 3017 fratrum
1829 2985 2082 3026 praedicatorum
2098 2983 2261 3022 But-dega-
