2393 3496
658 294 910 338 QUATRIEME
932 293 1088 332 ANNEE.
1112 317 1152 323 —
1173 301 1359 331 LETTRES
1381 301 1606 332 CURIALEs.
2122 307 2180 336 909

94 375 221 411 gnatum
235 369 352 398 eisdem
372 368 410 397 de
429 368 556 397 civitate
575 369 703 405 Pisana,
724 369 881 399 territorio
900 374 929 398 et
945 369 1089 397 districtu

94 425 188 463 ipsius
203 421 358 460 expellere
377 429 440 450 non
457 425 620 456 curarunt,
639 423 717 460 quin
735 422 835 451 immo
848 423 955 461 ipsum
974 431 1028 460 pro
1044 430 1091 451 ca-

94 477 216 517 pitaneo
233 474 281 504 vel
301 477 450 512 potestate
470 478 523 503 aut
547 474 580 503 in
603 475 706 505 officio
723 475 784 504 alio
803 480 908 505 tenere
929 480 959 505 et
974 475 1091 504 habere

95 531 300 570 presumunt,
330 526 406 564 qnia
434 528 528 556 etiam
558 527 642 556 infra
669 528 806 556 einidem
835 529 1007 557 terminum
1038 537 1092 566 per

97 581 302 614 sufficientem
322 579 493 618 syndicum
508 588 613 609 coram
631 580 734 616 nobis,
751 580 824 610 licet
839 581 956 619 aliquis
976 589 1030 619 pro
1047 582 1092 610 eis

95 632 319 672 comparuerit,
339 640 400 661 non
422 636 528 661 tamen
546 633 758 668 sufficienter,
778 638 869 671 prout
889 633 1092 669 tenebantur,

96 695 271 727 comparere
288 685 459 715 voluerunt
477 686 526 714 vel
544 687 637 715 etiam
655 691 866 722 curaverunt,
884 696 941 716 nos
958 691 1093 725 potesta-

97 746 168 778 tem,
184 740 347 773 anxianos.
364 739 566 768 consiliarios
581 744 609 769 et
626 740 761 777 majores
779 740 917 768 civitatis
930 740 1044 769 Pisane
1060 748 1095 769 ac

97 795 262 826 universos
286 791 364 821 alios
387 792 525 821 civitatis
548 792 648 830 ipsius
668 793 700 821 in
726 793 783 821 hoc
807 793 938 822 ecclesie
963 802 1095 822 romane

97 846 227 878 rebelles
257 850 329 874 tunc
355 845 393 873 de
422 853 503 874 novo
530 845 835 875 excomunicationis
861 847 1017 875 sententia
1040 847 1094 875 du-

73 885 81 891 .
98 886 198 931 ὶὶωυε
228 898 431 928 innodandos
465 903 494 927 et
526 898 687 927 civitatem
721 899 854 927 eandem
884 899 1095 928 ecclesiastico

98 951 316 993 supposuimus
342 951 524 981 interdicto.
550 952 586 980 Et
613 951 842 981 nichilominus
863 953 989 982 eosdem
1011 953 1096 981 cives

97 1011 127 1037 et
141 1005 299 1036 civitatem
323 1005 473 1034 Pisanam
495 1005 646 1034 omnibus
668 1005 886 1041 libertatibus,
908 1005 1094 1044 privilegiis,

93 1059 364 1102 jurisdictionibus
382 1063 411 1087 et
430 1059 556 1096 juribus
575 1068 635 1097 que
658 1068 675 1087 3
698 1068 829 1088 romana
854 1064 883 1088 et
903 1059 1096 1098 quibuslibet

95 1113 164 1145 aliis
193 1116 300 1142 tenent
329 1111 471 1141 ecclesiis
495 1112 665 1150 apostolica
687 1113 872 1142 auctoritate
897 1113 1096 1151 privavimus

96 1169 125 1198 et
146 1165 342 1196 decrevimus
367 1174 402 1194 ex
423 1170 498 1194 tunc
520 1167 654 1195 omnino
675 1167 826 1204 privatos,
851 1167 896 1195 eis
922 1166 1096 1196 districtius

95 1217 290 1259 injungendo
308 1223 341 1247 ut
358 1218 513 1256 prefatum
534 1218 715 1248 Guidonem
740 1219 824 1248 infra
840 1219 1017 1258 predictum
1035 1220 1094 1248 ses-

96 1275 171 1309 tum,
199 1271 282 1310 quod
307 1280 401 1309 super
429 1271 487 1301 1100
513 1272 557 1300 015
588 1280 642 1310 pro
672 1273 883 1311 peremptorio
910 1273 1096 1311 prefiximus

95 1324 238 1360 termino,
258 1323 296 1353 de
318 1323 400 1353 dicta
424 1324 549 1353 civitate
574 1324 710 1362 Pisana,
730 1325 888 1354 territorio
903 1330 932 1355 et
950 1325 1095 1355 districtu

97 1377 160 1416 ejus
185 1385 311 1415 prorsus
335 1376 545 1415 expellerent,
576 1386 634 1406 1100
661 1377 753 1407 11111111
779 1388 833 1416 pro
859 1379 1024 1417 capitaneo
1048 1378 1096 1408 vel

95 1439 149 1471 pro
163 1435 312 1470 potestate
330 1434 385 1459 aut
404 1430 435 1459 in
456 1429 518 1460 alio
539 1430 652 1468 quovis
668 1431 770 1460 officio
794 1433 826 1461 in
849 1433 995 1470 pretactis
1018 1433 1096 1461 civi—

98 1487 166 1520 tate,
189 1483 346 1513 territorio
372 1488 402 1512 et
426 1483 572 1513 districtu
596 1488 714 1520 tenere,
738 1484 864 1522 habere,
891 1486 1029 1523 recipere
1049 1486 1097 1515 vel

97 1536 259 1567 admittere
274 1545 401 1575 quoquo
418 1536 511 1566 modo
528 1534 768 1575 presumerent,
788 1537 836 1567 vel
853 1538 981 1576 aliquod
1001 1539 1032 1567 in
1054 1540 1098 1568 eis

99 1598 152 1630 per
166 1599 198 1620 se
211 1589 259 1619 vel
275 1589 372 1619 alium
385 1594 438 1619 aut
454 1590 533 1619 alios
547 1590 689 1619 officium
702 1591 922 1629 permitterent
935 1601 1096 1628 exercere3

100 1643 364 1681 etinsuperinfra
379 1643 554 1681 predictum
572 1643 686 1673 festum
701 1654 755 1682 per
768 1644 939 1683 syndicum
956 1645 1097 1683 ipsorum

94 1705 169 1728 «cum
188 1696 362 1726 sufficienti
387 1697 539 1726 mandato
562 1706 667 1726 coram
694 1697 786 1726 nobis
804 1706 987 1737 comparere
1007 1708 1099 1728 cura-

91 1752 184 1785 rent,
202 1749 409 1788 beneplacitis
430 1754 459 1780 et
476 1751 638 1780 mandatis
654 1751 834 1789 apostolicis
853 1761 950 1790 super
964 1753 1100 1790 premis-

99 1803 142 1834 sis
156 1803 320 1834 humiliter
339 1807 367 1832 et
383 1804 552 1833 efficaciter
569 1804 713 1842 parituri.
735 1804 887 1843 Alioquin
907 1805 945 1834 ad
963 1805 1100 1835 interdi-

99 1857 232 1888 cendum
249 1857 397 1896 predictis
418 1857 543 1887 civibus
566 1857 711 1887 fidelium
731 1867 825 1887 omne
848 1859 1053 1896 comertium,
1072 1865 1101 1889 et

44 1900 67 1934 v·
97 1911 138 1942 ad
157 1910 379 1949 exponendum
404 1919 455 1940 eos
484 1916 514 1940 et
536 1911 619 1940 bona
644 1911 783 1949 ipsorum
810 1916 871 1940 tam
897 1911 979 1941 ultra
1004 1922 1101 1951 quam

99 1963 173 1994 citra
185 1973 273 1993 mare
290 1963 330 1993 ab
347 1964 465 1993 eisdem
484 1963 632 1993 fidelibus
648 1964 747 1994 libere
762 1965 956 2002 occupanda,
973 1969 1003 1994 et
1021 1965 1101 1994 alias

98 2017 190 2047 etiam
207 2022 267 2046 tam
282 2021 392 2046 contra
408 2017 492 2055 ipsos
509 2026 604 2055 quam
623 2022 732 2046 contra
750 2017 902 2055 prefatum
918 2017 1100 2048 GuidOnem

63 2082 69 2090 *
92 2073 128 2100 ·et
151 2070 245 2100 etiam
271 2070 388 2100 liberos
415 2075 444 2100 et
471 2071 685 2109 posteritatem
713 2071 814 2109 ipsius
839 2071 1051 2110 spiritualiter
1073 2075 1102 2101 et

98 2123 309 2163 temporaliter
335 2128 427 2162 prout
454 2123 636 2153 videremus
656 2123 826 2162 expediens
851 2125 1019 2162 procedere
1046 2133 1101 2154 011-

97 2185 253 2213 raremus3
271 2182 376 2215 aperte
396 2177 594 2215 predicentes
612 2177 730 2206 eisdem
753 2177 835 2216 quod
860 2181 1001 2216 pretextu
1019 2177 1101 2207 dila-

95 2229 190 2260 'tionis
209 2235 238 2260 et
257 2230 387 2260 termini
404 2230 632 2268 assignationis
652 2230 850 2269 hujusmodi,
868 2240 929 2269 que
946 2231 1048 2269 potius
1065 2240 1111 2260 eiir

83 2278 194 2322 ‘gratia
209 2292 262 2313 seu
280 2283 499 2314 misericordia
516 2293 611 2323 quam
628 2294 663 2313 ex
680 2284 763 2323 juris
783 2285 969 2314 necessitate
993 2294 1102 2323 proce-

99 2335 170 2366 dere
185 2337 408 2374 noscebantur,
421 2346 624 2376 nequaquam
642 2338 768 2366 differre
783 2338 1039 2376 proponebanius
1054 2337 1102 2367 vel

99 2391 190 2420 etiam
218 2390 378 2420 abstinere
401 2391 497 2430 quin,
525 2391 620 2421 etiam
643 2391 710 2429 ipsa
735 2390 887 2420 dilatione
912 2400 947 2419 ac
975 2391 1103 2420 termini

99 2443 311 2481 assignatione
343 2444 574 2483 pendentibus,
609 2448 670 2473 tam
703 2453 737 2472 ex
771 2443 929 2482 preteritis
958 2443 1102 2482 ipsorum

97 2497 320 2533 contumatiis,
339 2498 519 2527 excessibus
545 2501 575 2527 et
597 2498 728 2527 offensis
749 2506 843 2536 quam
864 2506 899 2526 ex
925 2497 1057 2533 suturis,
1075 2497 1103 2526 si

99 2557 175 2588 quos
196 2550 279 2589 ipsos
302 2551 501 2580 committere
526 2551 604 2580 forte
628 2551 838 2589 contingeret,
860 2550 1104 2589 procederemus

99 2602 304 2642 spiritualiter
319 2608 349 2634 et
369 2603 596 2642 temporaliter,
615 2608 706 2643 prout
722 2609 752 2633 et
765 2604 893 2642 quando
910 2603 1001 2633 nobis
1018 2603 1104 2633 vide-

99 2659 184 2685 retur
199 2657 379 2695 expediens,
395 2661 503 2687 contra
518 2665 581 2686 eos.
602 2657 732 2693 Verum,
751 2657 827 2696 quia
845 2657 983 2695 prefatus
1000 2656 1104 2686 Guido

99 2715 156 2738 nec
179 2709 316 2748 predicte
338 2710 476 2740 civitatis
499 2710 662 2740 dimittere
684 2710 828 2748 regimen
853 2718 911 2739 nec
936 2709 1040 2739 redire
1064 2709 1104 2739 ad

99 2762 237 2792 confinia
253 2764 430 2802 supradicta
451 2773 556 2802 neque
574 2764 606 2793 in
629 2764 766 2793 termino
781 2763 942 2801 assignato
959 2762 1020 2792 sibi
1037 2762 1103 2792 suf-

100 2813 259 2853 ficienler,
276 2821 368 2856 prout
385 2818 567 2853 tenebatur,
587 2826 695 2856 parere
711 2826 764 2846 seu
783 2824 966 2855 comparere
981 2815 1106 2845 curavit

101 2867 150 2898 vel
167 2862 268 2899 voluit
285 2878 388 2899 coram
406 2870 509 2905 nobis,
534 2870 638 2908 ipsum
657 2874 782 2908 propter
804 2872 927 2898 auctam
946 2869 1014 2907 ejus
1030 2876 1104 2897 con-

100 2921 263 2951 tumatiam
300 2922 339 2952 de
370 2931 451 2953 novo
482 2922 786 2952 excomunicationis
818 2922 976 2951 sententia
1010 2921 1105 2950 inno-

102 2971 223 3011 damus,
252 2975 421 3015 ipsumque
450 2981 612 3015 tamquam
640 2974 790 3005 rebellem
823 2978 853 3004 et
882 2978 1103 3004 contumacem

1173 367 1337 396 reddimus
1360 368 1494 397 0111111110
1519 368 1698 398 inhabilem
1723 373 1752 397 et
1775 368 1949 406 indignum
1975 370 2013 399 ad
2040 372 2182 409 quelibet

1172 420 1276 449 officia
1304 420 1431 458 publica
1454 422 1640 457 exercenda,
1671 422 1830 450 universis
1856 423 2104 452 comunitatibus
2125 434 2182 454 sen

1173 473 1363 502 comunibus
1389 477 1453 503 tam
1476 475 1641 504 civitatum
1667 484 1763 513 quam
1793 479 1969 504 castrorum
1993 480 2023 505 et
2046 477 2183 506 3110111111

1173 526 1317 556 1000111111
1342 527 1514 557 districtius
1540 528 1718 557 inhibendo
1743 537 1783 557 ne
1813 528 1851 557 ad
1880 528 2066 567 hujusmodi
2093 539 2182 559 exer-

1174 580 1273 608 cenda
1289 579 1392 609 officia
1410 589 1483 609 eum
1500 589 1628 619 quoquo
1647 581 1739 610 modo
1757 581 1912 620 recipiant
1928 582 1978 611 vel
1994 583 2180 616 admittant:

1175 632 1315 671 alioquin
1335 633 1455 665 01111135,
1474 638 1612 663 castrum
1630 634 1679 663 vel
1696 634 1782 663 locus
1802 635 1855 664 ubi
1874 634 1970 664 1110111
1987 636 2026 665 ad
2044 637 2184 675 predicta

1176 689 1320 724 receptus
1345 686 1556 716 ecclesiastico
1582 687 1742 725 subjaceat
1766 687 1948 718 interdicto.
1975 689 2183 728 Injuugimus

1177 746 1301 776 quoque
1324 738 1500 768 districtius
1524 744 1699 768 memorato
1725 739 1865 769 Guidoni
1888 744 1921 770 ut
1943 742 2084 779 ejusdem
2104 743 2183 772 civi-

1178 794 1247 819 tatis
1265 791 1381 820 Pisane
1398 792 1542 829 regimen
1560 792 1701 820 dimittat
1723 793 1855 821 omnino
1873 794 1956 822 etad
1975 794 2115 824 confinia
2135 805 2182 824 re-

1177 844 1247 873 deat
1268 844 1444 879 antedicta,
1475 849 1504 873 ct
1528 844 1758 874 nichilominus
1782 846 1865 874 111113
1891 846 2005 876 festum
2030 848 2183 878 Purifica-

1179 897 1274 926 tionis
1295 897 1397 935 primo
1423 901 1606 933 venturum,
1632 898 1714 936 quod
1735 907 1790 936 pro
1814 901 2025 937 peremptorio
2048 902 2184 931 termino

1178 960 1272 989 super
1284 950 1342 979 hoc
1356 950 1556 988 assignamus
1572 951 1688 987 eidem,
1704 960 1758 989 per
1773 957 2009 989 procuratorem
2023 954 2185 992 ydoneum

1178 1012 1249 1032 cum
1272 1003 1443 1032 sufficienti
1465 1004 1615 1032 mandato
1638 1008 1818 1042 compareat
1834 1013 1939 1033 coram
1964 1006 2073 1042 nobis,
2092 1016 2186 1045 super

1179 1057 1238 1085 1100
1256 1056 1435 1094 apostolicis
1453 1056 1659 1094 beneplacitis
1676 1061 1705 1086 et
1721 1057 1880 1086 mandatis
1896 1057 2063 1088 humiliter
2079 1065 2108 1088 et
2124 1061 2184 1089 effi-

1178 1111 1294 1139 caciter
1320 1110 1490 1148 pariturus.
1524 1110 1713 1140 Nominatos
1734 1119 1808 1140 vero
1833 1111 1918 1140 cives
1943 1111 2086 1149 Pisanos,
2113 1114 2187 1152 (11113

1178 1163 1333 1201 prefatum
1359 1162 1539 1192 Guidonem
1565 1163 1649 1192 111113
1676 1164 1851 1192 10111111111111
1878 1163 1991 1193 1111130
2009 1170 2092 1202 parte
2109 1166 2185 1195 assi-

1179 1220 1313 1253 gnatum
1336 1216 1455 1245 eisdem
1479 1216 1517 1245 de
1539 1216 1678 1255 predicta
1698 1217 1825 1245 cix-itate
1842 1217 1958 1246 Pisana
1979 1218 2109 1257 ejusque
2128 1224 2187 1249 ter-

1180 1269 1289 1298 ritorio
1318 1273 1347 1297 et
1372 1269 1515 1298 districtu
1543 1269 1700 1307 expellere
1725 1278 1786 1299 non
1813 1275 1981 1307 curarunt,
2010 1276 2055 1300 set
2082 1272 2188 1311 ipsum

1182 1322 1285 1359 potius
1314 1330 1368 1360 pro
1398 1322 1565 1360 capitaneo
1591 1321 1640 1351 vel
1675 1326 1823 1360 potestate
1853 1327 1907 1352 aut
1938 1323 1972 1352 in
1999 1323 2102 1353 officio
2127 1325 2190 1355 alio

1183 1379 1288 1404 tenere
1306 1379 1335 1404 et
1349 1375 1466 1404 habere
1485 1379 1675 1413 presumunt
1688 1386 1694 1411 ς
1708 1376 1782 1414 quia
1800 1377 1894 1405 etiam
1912 1376 1995 1406 infra
2012 1378 2188 1415 predictum

1182 1429 1357 1457 terminum
1375 1438 1430 1466 per
1446 1428 1657 1457 sufficientem
1677 1428 1848 1466 syndicum
1870 1438 1976 1459 coram
1994 1431 2084 1460 nobis
2103 1440 2190 1461 com-

1181 1490 1291 1519 parere
1305 1481 1477 1510 noluerunt
1491 1481 1538 1509 vel
1555 1482 1649 1510 etiam
1666 1489 1728 1510 non
1744 1487 1909 1518 curarunt,
1923 1491 1979 1512 nos
1991 1487 2187 1521 potestatem,

1181 1534 1348 1570 anxianos,
1361 1533 1560 1563 consiliarios
1573 1538 1602 1563 et
1619 1535 1754 1572 majores
1770 1535 1907 1572 predicte
1921 1535 2057 1565 civitatis
2073 1537 2189 1566 Pisane

1181 1596 1357 1625 omnesque
1373 1586 1451 1616 alios
1468 1587 1605 1616 civitatis
1623 1587 1764 1625 ejusdem
1787 1588 1819 1616 in
1838 1588 1895 1618 hoc
1912 1588 2042 1619 ecclesie
2058 1599 2188 1619 romane

1184 1640 1317 1670 rebelles
1338 1641 1450 1670 iterato
1472 1641 1763 1670 excomunicationi
1782 1641 1959 1671 subicimus
1980 1647 2009 1672 et
2029 1643 2188 1673 civitatem

1183 1694 1284 1733 ipsam
1312 1694 1525 1724 ecclesiastico
1555 1695 1766 1732 supponimus
1794 1695 1974 1733 interdicto,
2006 1701 2036 1726 et
2061 1698 2189 1728 eosdem

1183 1749 1266 1777 cives
1282 1756 1318 1777 ac
1333 1748 1492 1777 civitatem
1513 1748 1665 1777 Pisanam
1686 1748 1836 1778 omnibus
1855 1749 2069 1787 libertatibus,
2088 1751 2187 1789 privi-

1183 1800 1291 1838 legiis,
1309 1800 1592 1839 jurisdictionibus
1609 1805 1638 1830 et
1655 1801 1782 1839 juribus
1798 1811 1859 1839 que
1875 1802 1914 1831 ab
1933 1803 2042 1833 eadem
2059 1807 2191 1834 romana

1183 1859 1213 1884 et
1233 1854 1429 1892 quibuslibet
1446 1854 1518 1883 aliis
1537 1854 1678 1884 ecclesiis
1698 1859 1804 1884 tenere
1826 1861 2001 1886 noscuntur
2021 1857 2190 1895 apostolica

1183 1907 1367 1945 auctoritate
1385 1908 1548 1946 privamus
1563 1912 1592 1936 et
1607 1907 1811 1937 decernimus
1828 1917 1863 1937 ex
1880 1917 1966 1939 nunc
1982 1911 2114 1940 omnino
2131 1912 2191 1949 pri-

1184 1964 1288 1996 vatos,
1308 1960 1484 1989 districtius
1510 1960 1694 1990 inhibentes
1711 1961 1831 1990 eisdem
1849 1965 1883 1991 ut
1905 1963 2041 1993 eundem
2067 1963 2189 1994 Gnido-

1185 2022 1258 2043 nem
1275 2013 1359 2042 111113
1379 2013 1557 2052 predictum
1580 2014 1820 2043 Purificationis
1844 2015 1971 2050 festum,
1997 2017 2080 2054 quod
2098 2026 2191 2055 super

1183 2067 1242 2096 hoc
1257 2067 1301 2096 eis
1316 2076 1371 2105 pro
1388 2067 1599 2105 peremptorio
1614 2067 1750 2096 termino
1762 2068 1974 2105 assignamus,
1988 2069 2026 2099 de
2038 2070 2192 2108 jamdicta

1184 2121 1311 2150 civitate
1332 2120 1450 2149 Pisana
1462 2144 1468 2156 ,
1488 2120 1645 2149 territorio
1662 2124 1691 2149 et
1711 2120 1853 2150 districtu
1871 2121 1971 2160 ipsius
1989 2132 2116 2161 prorsus
2137 2133 2190 2153 ex—

1184 2173 1320 2212 pellant,
1339 2182 1397 2202 nec
1416 2182 1489 2202 eum
1509 2181 1564 2211 pro
1583 2173 1747 2211 capitaneo
1769 2173 1819 2202 vel
1842 2178 1990 2212 potestate
2009 2180 2062 2205 aut
2078 2177 2110 2205 in
2129 2177 2191 2207 alio

1184 2235 1374 2266 quocunque
1396 2226 1500 2256 officio
1518 2226 1552 2255 in
1571 2227 1713 2263 civitate,
1732 2227 1891 2257 territorio
1909 2233 1939 2257 et
1956 2228 2101 2259 districtu
2120 2239 2189 2269 pre-

1185 2280 1276 2309 dictis
1308 2284 1432 2315 tenere,
1461 2279 1594 2316 habere,
1623 2280 1764 2318 recipere
1792 2281 1840 2310 vel
1866 2282 2035 2312 admittere
2064 2292 2191 2323 quoquo

1186 2332 1278 2362 modo
1301 2337 1486 2371 presumant
1512 2332 1560 2362 vel
1579 2332 1709 2371 aliquod
1733 2334 1767 2362 111
1786 2333 1850 2363 11115
1864 2334 2007 2365 officium
2024 2345 2079 2374 per
2094 2346 2126 2366 se
2142 2337 2192 2367 vel

1185 2385 1284 2415 alium
1309 2395 1363 2414 seu
1394 2385 1471 2415 31105
1499 2395 1645 2415 exercere
1671 2387 1876 2425 permittant3
1903 2397 1939 2417 ac
1959 2389 2192 2420 nichilominus

1185 2439 1269 2469 infra
1295 2439 1472 2477 predictum
1502 2439 1634 2476 festum,
1662 2449 1718 2478 per
1743 2440 1885 2479 ipsorum
1915 2443 2088 2481 syndicum
2119 2453 2191 2473 cum

1186 2492 1358 2522 sufficienti
1387 2492 1536 2522 mandato
1560 2495 1766 2531 compareant
1791 2502 1897 2524 coram
1926 2496 2032 2533 nobis,
2058 2497 2193 2535 parituri

1187 2545 1353 2575 humiliter
1372 2550 1402 2574 et
1416 2545 1587 2576 efficaciter
1607 2547 1640 2575 in
1663 2546 1722 2576 hac
1740 2552 1829 2585 parte
1846 2548 2027 2585 apostolicis
2043 2549 2190 2588 benepla-

1186 2599 1257 2629 citis
1283 2604 1312 2628 et
1339 2599 1510 2628 mandatis,
1539 2599 1696 2638 Alioquin
1725 2600 1764 2630 ad
1788 2600 2043 2631 interdicendum
2072 2603 2191 2633 eisdem

1186 2652 1309 2681 civibus
1326 2651 1471 2680 fidelium
1488 2660 1583 2681 omne
1599 2653 1842 2689 commertium,
1864 2658 1894 2683 et
1914 2654 1953 2683 ad
1969 2655 2193 2693 exponendum

1187 2714 1239 2735 eos
1251 2709 1281 2734 et
1296 2705 1378 2734 bona
1390 2705 1543 2743 ipsorum,
1562 2705 1645 2735 sicut
1660 2706 1865 2744 premittitur,
1881 2708 1989 2737 tamin
2004 2710 2192 2738 transmari-

1189 2759 1238 2787 nis
1254 2766 1351 2796 quam
1372 2758 1403 2786 in
1421 2758 1606 2788 cismarinis
1625 2759 1770 2797 partibus
1791 2768 1807 2788 a
1829 2759 1976 2790 fidelibus
1995 2760 2071 2799 ipsis
2094 2761 2193 2791 libere

1187 2811 1387 2849 occupanda,
1407 2819 1532 2841 necnon
1556 2815 1585 2840 et
1608 2811 1646 2841 ad
1667 2812 1884 2842 invocandum
1909 2814 2003 2843 etiam
2021 2814 2148 2844 devotos
2164 2818 2195 2844 et

1188 2863 1297 2894 fideles
1319 2864 1461 2902 ejusdem
1480 2864 1613 2895 ecclesie
1629 2870 1738 2895 contra
1759 2866 1831 2896 illos
1850 2871 1879 2896 et
1894 2867 1977 2896 bona
1998 2867 2127 2897 illorum
2154 2868 2194 2897 ad

1189 2917 1416 2947 emolliendam
1429 2917 1495 2955 jam
1512 2917 1680 2957 antiquam
1695 2919 1847 2949 duritiam
1865 2920 2050 2956 eorundem,
2071 2925 2101 2950 et
2113 2920 2194 2950 alias

1189 2970 1284 3000 etiam
1303 2974 1366 2999 tam
1391 2974 1500 3000 contra
1522 2971 1605 3010 ipsos
1625 2980 1721 3010 quam
1738 2977 1847 3002 contra
1863 2972 2053 3011 prelibatum
2069 2973 2194 3003 Guido-
