2393 3496
909 310 1161 353 QUATRIEME
1182 312 1339 347 ANNEE.
2113 327 2168 357 387

153 381 268 410 6656

103 444 250 471 ·Facultas
278 443 463 477 dispensandi
493 452 580 478 super
609 444 721 472 defectu
751 445 894 472 ordinum.
920 446 1003 479 (Rau.
1034 445 1083 479 46,

85 502 111 521 c.
127 493 186 523 767.
202 492 221 518 f.
240 491 288 518 152
303 493 351 524 νο.)

393 380 749 416 sainte-Marie-Majeure,
768 383 799 410 v10
816 383 918 409 fevi-ier
935 384 1012 410 iau-2.

131 595 293 624 Venerabili
309 596 406 631 fratri
424 595 576 631 Jolzanni,
600 595 731 633 episcopo
752 597 922 632 Arusiensi,
941 595 1085 633 indulget

87 653 205 679 utcum
229 647 351 677 clericis
376 657 450 677 suae
475 648 630 678 dioecesis
652 650 706 686 qui
730 649 885 678 beneficia
906 657 1015 678 curam
1031 648 1084 677 ha-

85 702 190 733 bentia
212 705 398 739 receperunt
419 710 477 731 nec
501 711 533 730 se
558 701 643 731 infra
666 711 788 730 annum
811 702 850 730 ad
873 702 1085 732 sacerdotium

86 755 261 796 promoveri
280 755 424 784 fecerunt
438 755 623 793 dispensare
641 755 750 793 possit.

127 820 140 836 u
159 807 305 838 Exhibita
326 807 418 837 nobis
436 812 525 837 tua...
542 824 581 829 -
600 808 670 837 Dat.
691 808 809 844 Rome⁷
832 808 914 846 apud
935 808 1085 837 Sanctam

87 861 218 892 Mariam
237 861 406 899 Majorem,
427 870 472 890 1111
488 860 560 890 idus
576 861 741 897 februarii,
758 870 844 891 anno
863 866 985 899 quarto.
1005 874 1018 887 υ

153 1020 268 1048 365⁸?

119 1081 249 1108 Facultas
261 1080 445 1115 dispensandi
459 1088 546 1114 super
556 1080 668 1106 defectu
681 1080 822 1107 ordinum.
835 1080 917 1115 (Rea.
930 1081 973 1112 46,
987 1089 1011 1107 c.
1024 1081 1084 1114 768,

83 1131 102 1158 f.
121 1129 170 1158 15‘2
186 1130 232 1164 νο.)

391 1018 749 1053 sainte-Marie-MaJem-e,
768 1019 801 1045 ‘20
816 1019 920 1045 sevi-ier
940 1020 1014 1046 1992.

128 1233 293 1262 Venerabili
314 1233 409 1270 fratri
433 1233 589 1270 Philippo,
614 1233 745 1270 episcopo
763 1234 921 1268 Firmano,
937 1233 1085 1270 indulget

84 1290 116 1316 ut
137 1294 209 1316 cum
227 1284 349 1315 clericis
372 1294 447 1314 suae
468 1285 619 1315 dioecesis
641 1285 698 1324 qui
718 1286 873 1315 beneficia
893 1296 1000 1315 euram
1027 1286 1084 1316 ha-

83 1339 188 1378 bentia
210 1343 395 1377 receperunt
419 1348 477 1368 nec
500 1348 532 1368 se
554 1339 638 1368 infra
661 1348 783 1368 annum
809 1339 847 1368 ad
872 1340 1084 1369 sacerdotium

82 1393 255 1433 promoveri
271 1393 414 1422 fecerunt
429 1393 614 1431 dispensare
629 1393 738 1431 possit.

123 1458 136 1474 α
154 1447 221 1476 Tua
233 1446 324 1476 nobis
336 1446 555 1475 fraternitas...
572 1463 609 1467 ›-
624 1446 694 1475 Dat.
712 1446 824 1483 Rome,
838 1446 919 1485 apud
935 1447 1084 1476 Sanctam

85 1500 215 1530 Mariam
233 1500 405 1538 Majorem,
423 1509 441 1528 x
460 1499 613 1528 kalendas
629 1500 746 1535 martii,
763 1508 848 1529 anno
864 1505 986 1538 quarto.
1010 1512 1023 1526 »

152 1660 269 1688 6658

120 1721 252 1748 Facultas
267 1721 433 1748 absolvendi
449 1730 465 1747 a
479 1721 626 1748 canonicis
641 1721 802 1749 sententiis.
820 1722 901 1754 (Rea.
921 1723 964 1754 46,
982 1731 1009 1749 e.
1024 1723 1085 1758 769,

84 1770 103 1797 f.
121 1770 169 1797 152
184 1771 237 1803 νῦ.)

384 1658 743 1694 Sainte-Marie-Majeure,
761 1660 795 1686 ⁶28
807 1661 920 1694 janvier
937 1660 1014 1687 1292.

127 1872 292 1902 Venerabili
313 1873 408 1909 fratri
429 1873 555 1910 Eyidio,
578 1873 801 1911 archiepiscopo
818 1874 1016 1908 Narbonensi,
1035 1874 1085 1903 in-

83 1924 190 1962 dulget
202 1929 234 1954 ut
248 1924 345 1955 laicos
359 1934 434 1954 suae
447 1925 585 1954 civitatis
599 1929 628 1954 et
644 1925 797 1955 dioecesis
809 1926 864 1965 qui
878 1934 933 1964 pro
947 1926 1086 1956 violenta

81 1978 253 2018 injectione
271 1987 426 2008 manuum
446 1978 478 2007 in
503 1978 634 2008 clericos
653 1979 995 2009 excommunicationis
1012 1988 1085 2009 sen-

84 2032 212 2062 tentiam
228 2032 435 2062 incurrerunt
449 2032 613 2061 absolvere
629 2033 736 2070 possit.

92 2077 95 2080 Δ
122 2097 137 2113 «
155 2086 198 2115 Ex
213 2090 300 2124 parte
320 2090 409 2115 tua...
422 2102 461 2106 —
476 2085 545 2115 Dat.
559 2086 670 2122 Rome,
689 2086 773 2124 apud
789 2086 937 2116 Sanctam
951 2087 1084 2116 Mariam

83 2139 246 2177 Maj0rem,
263 2149 282 2169 v
300 2139 454 2169 kalendas
472 2138 636 2176 februarii,
654 2148 740 2169 anno
753 2144 877 2177 quarto.
901 2152 913 2166 ³>

151 2299 267 2328 6659

117 2361 278 2388 Guidoetus
302 2361 336 2387 de
363 2361 525 2396 Imerzago,
552 2362 601 2396 qui
630 2361 787 2396 prioratum
814 2361 963 2395 hospitalis
987 2361 1086 2387 Sancti

385 2298 744 2333 sainte-Marie-Majeure,
760 2298 792 2325 ‘23
806 2299 919 2332 janviei·
938 2298 1014 2325 1292.

84 2409 169 2438 Blasii
196 2410 344 2437 Mantuani
374 2411 538 2445 usurpavit,
564 2419 660 2437 coram
688 2410 756 2437 sede
785 2411 941 2445 apostolica
970 2411 1083 2438 citatur.

82 2458 163 2491 (Rae.
180 2459 224 2491 46,
245 2468 271 2487 c.
287 2459 348 2494 770,
365 2459 385 2486 f.
403 2459 452 2486 15²2
467 2461 520 2493 v⁰.)

126 2562 290 2591 Venerabili
310 2563 405 2599 fratri
424 2584 442 2591 ..
467 2563 599 2600 episcopo
622 2563 798 2591 Tridentino
818 2561 948 2591 mandat
969 2566 1002 2590 ut
1020 2561 1084 2591 fra-

82 2618 162 2644 trem
177 2614 367 2644 Guidoctum
384 2616 421 2645 de
444 2615 606 2653 Imerzago
629 2620 775 2645 amoveat
789 2624 807 2644 a
826 2615 959 2653 prioratu
978 2614 1084 2653 hospi-

82 2667 152 2697 talis
180 2667 289 2697 Sancti
317 2668 415 2697 Blasii
443 2668 634 2704 Mantuani,
667 2667 789 2697 ordinis
825 2667 1082 2704 Cruciffirorum,

81 2728 176 2758 quem
191 2743 196 2754 ‚
216 2720 292 2750 dum
312 2719 424 2750 Petrus
442 2720 480 2750 de
497 2720 629 2756 Abiate‚
647 2720 733 2759 prior
748 2720 890 2759 ejusdem
908 2720 1082 2758 hospitalis,

83 2777 234 2811 tanquam
257 2778 440 2811 procurator
457 2773 615 2803 Gnidonis
634 2773 672 2802 de
695 2773 820 2808 Raude,
842 2773 955 2811 prioris
970 2773 1084 2803 domus

82 2825 351 2862 Mediolanensiss,
374 2826 516 2865 ejusdem
534 2826 673 2863 ordinis,
691 2830 720 2855 et
736 2827 832 2856 frater
850 2826 1081 2863 Carmamolus,

83 2879 233 2916 magister
251 2879 394 2917 ejusdem
417 2880 555 2915 ordinis,
578 2879 661 2917 apud
678 2879 786 2909 sedem
803 2880 1006 2918 apostolicam
1023 2885 1084 2909 sta-

83 2937 163 2968 rent⁷
190 2933 367 2970 usurpavit,
395 2942 533 2970 eumque
557 2933 630 2962 citet
652 2937 684 2961 ut
706 2933 791 2962 infra
816 2942 959 2963 mensem
978 2941 1084 2963 coram

82 2984 155 3014 sede
169 2985 339 3023 apostolica
352 2991 541 3024 compareat.

1209 396 1221 409 α
1250 384 1448 422 Significavit
1471 386 1562 416 nobis
1583 386 1754 417 dilectus...
1779 403 1820 410 —
1844 388 1914 417 Dat.
1940 389 2060 428 Rome,
2086 393 2170 431 apud

1167 435 1314 465 Sanctam
1336 437 1473 467 Mariam
1495 439 1666 478 Majorem,
1688 449 1706 469 x
1724 440 1878 471 kalendas
1894 441 2062 479 februarii,
2085 453 2170 474 anno

1167 493 1288 526 quarto.
1313 501 1324 516 ι)

1237 676 1354 704 6660

1203 736 1387 771 Dispensatio
1403 747 1490 773 super
1506 740 1665 773 pluralitate
1683 741 1898 770 beneficiorum.
1910 744 1991 778 (Rae.
2005 745 2048 779 46,
2065 753 2090 772 c.
2108 746 2169 776 771,

1167 785 1186 812 f.
1205 785 1254 811 15⁶2
1270 787 1321 819 vo.)

1474 677 1831 714 Sainte—Marie-Majeure,
1846 681 1879 707 ‘28
1892 682 2005 715 janvier
2021 682 2098 710 1292.

1214 894 1380 924 Venerabili
1403 897 1497 932 fratri
1526 920 1545 926 ..
1573 899 1704 935 episcopo
1735 900 1934 936 ll'iyorniensi
1962 901 2108 940 indulget
2137 906 2170 932 ut

1168 955 1241 976 cum
1266 949 1417 985 magistro
1432 948 1600 980 NVillelmo
1620 951 1658 980 de
1676 951 1930 991 VVigyngeston,
1957 955 2168 991 subdiacono,

1168 999 1329 1038 dispenset
1344 1005 1378 1030 ut
1394 1001 1560 1031 ecclesiam
1581 1003 1619 1032 de
1635 1003 1797 1034 Charfeud
1813 1010 1842 1035 et
1858 1015 1955 1035 unam
1977 1016 2012 1036 ex
2030 1008 2171 1038 ecclesiis

1168 1052 1277 1082 Sancti
1311 1053 1480 1083 Michaelis
1512 1064 1606 1094 super
1639 1056 1798 1096 Remeny,
1832 1058 1869 1087 de
1905 1059 2045 1088 Merchir
2075 1065 2104 1089 et
2133 1061 2171 1090 de

1167 1105 1345 1141 Chondale,
1368 1107 1621 1146 Wigorniensis,
1640 1109 1858 1140 Laudavensis
1879 1115 1908 1140 et
1932 1111 2171 1143 Cantuariensis

1166 1157 1373 1195 dioecesium,
1397 1169 1475 1198 quas
1499 1160 1634 1191 insimul
1663 1162 1733 1192 sine
1757 1163 1995 1201 dispensatione
2015 1165 2169 1200 detinuit,

1166 1211 1253 1242 licite
1269 1213 1427 1250 possidere
1440 1215 1548 1251 possit.

1209 1277 1222 1292 ιε
1246 1266 1337 1295 Lecta
1353 1275 1458 1296 coram
1478 1267 1607 1298 nobis...
1624 1285 1663 1291 —
1687 1269 1759 1299 Dat.
1779 1270 1899 1307 Rome,
1921 1271 2004 1310 apud
2024 1271 2171 1302 Sanctam

1169 1320 1302 1349 Mariani
1323 1320 1488 1358 Majorem,
1507 1331 1527 1350 v
1543 1321 1696 1352 kalendas
1712 1323 1876 1359 februarii,
1891 1333 1976 1355 anno
1988 1330 2110 1364 quarto.
2130 1338 2144 1352 »

1218 1503 1465 1534 Gssssl-ssssssz
1504 1505 1861 1541 Sainte-Marie-Majeure‚
1879 1507 1910 1534 16
1926 1508 2030 1534 fevrier
2047 1508 2124 1536 1292.

1204 1567 1413 1601 Indulgentiae.
1431 1567 1514 1600 (nm.
1532 1568 1576 1599 46,
1593 1576 1618 1594 c.
1635 1568 1701 1599 77⁶2,
1717 1569 1736 1595 f.
1755 1568 1803 1596 15⁶2
1820 1570 1871 1602 νῦ.)

1213 1677 1365 1706 Universis
1382 1676 1496 1706 Christi
1515 1677 1653 1714 fidelibus
1669 1683 1819 1716 presentes
1842 1679 1958 1708 litteras
1980 1680 2170 1717 inspecturis.

1170 1729 1411 1767 Indulgentiam
1430 1730 1528 1760 unius
1547 1731 1627 1760 anni
1649 1735 1679 1760 et
1701 1740 1738 1760 XL
1755 1731 1881 1761 dierum
1897 1732 2041 1762 concedit
2056 1733 2100 1762 eis
2117 1733 2172 1772 qui

1171 1783 1337 1813 ecclesiam
1368 1783 1477 1812 Sancti
1504 1784 1634 1821 Georgii
1665 1793 1759 1822 super
1784 1785 1924 1822 Ligerim
1939 1809 1945 1821 ‚
1977 1786 2172 1816 Turonensis

1170 1836 1337 1873 dioecesis,
1360 1836 1393 1865 in
1420 1836 1451 1866 S.
1476 1836 1608 1874 Georgii
1634 1837 1856 1867 festivitatibus
1881 1842 1911 1867 et
1935 1848 1990 1876 per
2014 1842 2081 1868 octo
2105 1839 2171 1869 dies

1169 1894 1337 1928 sequentes
1354 1889 1564 1919 visitaverint.

1210 1955 1224 1969 «
1243 1943 1315 1972 Vite
1332 1943 1482 1981 perennis
1499 1943 1639 1981 gloria...
1655 1961 1693 1965 —
1706 1944 1776 1973 Dat.
1795 1945 1906 1981 Rome,
1923 1945 2006 1983 apud
2023 1945 2170 1974 Sanctam

1169 1996 1305 2026 Mariam
1323 1996 1477 2034 Majorem
1492 2020 1498 2032 ,
1515 2005 1581 2025 X1111
1597 1996 1751 2026 kalendas
1770 1997 1889 2033 martii⁷
1909 2006 1994 2027 anno
2008 2002 2129 2037 quarto.
2155 2010 2168 2025 n

1471 2075 1836 2110 Sainte—Marie—Majeure,
1856 2076 1887 2102 12
1902 2077 2006 2103 fevi-ier
2024 2077 2099 2104 1292.

1209 2139 1245 2167 In
1265 2147 1291 2167 e.
1312 2147 1355 2166 m.
1376 2137 1514 2175 eisdem,
1536 2146 1592 2176 pro
1615 2137 1747 2167 ecclesia
1766 2160 1786 2167 ..
1806 2138 1927 2168 abbatis
1947 2144 1976 2168 et
1996 2144 2171 2169 conventus

1167 2190 1351 2219 monasterii
1377 2190 1618 2227 Neiitonensis,
1640 2190 1679 2219 ad
1701 2199 1868 2220 romanam
1892 2191 2058 2221 ecclesiam
2081 2192 2172 2222 nullo

1168 2243 1274 2273 medio
1308 2243 1512 2282 pertinentis,
1542 2243 1663 2273 ordinis
1691 2244 1723 2273 S.
1757 2244 1938 2280 Benedicti,
1968 2245 2001 2274 in
2035 2250 2170 2283 quatuor

1168 2296 1275 2326 beatae
1292 2296 1411 2325 Mariae
1429 2296 1664 2326 festivitatibus.
1683 2297 1754 2326 Dat.
1776 2298 1906 2332 Romae,
1924 2297 2007 2336 apud
2020 2298 2170 2327 Sanctam
2200 2325 2204 2328 ,

1168 2350 1304 2379 Mariam
1322 2349 1487 2388 Majorem,
1505 2359 1526 2378 11
1543 2349 1615 2379 idus
1631 2349 1795 2386 februarii,
1813 2359 1898 2381 anno
1916 2355 2038 2389 quarto.

1238 2536 1354 2564 6663

1203 2597 1386 2632 Dispensatio
1402 2605 1488 2631 super
1505 2597 1664 2631 pluralitate
1680 2597 1896 2624 beneficiorum.
1914 2597 1995 2629 (Rae.
2013 2598 2055 2628 46,
2069 2606 2094 2624 c.
2108 2598 2166 2627 7723,

1166 2646 1185 2672 f.
1203 2646 1251 2672 '153
1269 2647 1315 2678 νῦ.)

1469 2535 1829 2571 Sainte-Marie-Majeure,
1846 2536 1879 2563 ‘28
1891 2537 2004 2571 janvier
2022 2537 2098 2563 1292.

1208 2754 1315 2783 Dilecto
1327 2754 1391 2790 filio
1405 2754 1567 2791 Reyinatdo
1583 2754 1617 2782 de
1626 2753 1753 2791 Leyliam
1763 2753 1802 2794 (‘?)
1812 2753 1868 2793 (1),
1880 2755 2069 2783 thesaurario
2087 2755 2169 2783 eccle-

1165 2808 1208 2836 sie
1230 2807 1387 2836 ll'ellensis.
1409 2806 1490 2835 Cum
1509 2815 1557 2844 eo,
1576 2806 1831 2837 consideratione
1852 2808 1899 2843 E..
1919 2808 2002 2844 regis
2020 2806 2167 2844 Angliae,

1166 2861 1258 2899 cujus
1275 2860 1434 2898 obsequiis
1450 2859 1581 2896 insistit,
1597 2860 1761 2899 dispensat
1776 2865 1810 2890 ut
1825 2860 1957 2890 alteram
1975 2869 2012 2890 ex
2029 2859 2169 2890 ecclesiis

1199 2993 1232 3023 (1,
1249 2992 1322 3015 Ecrit
1338 2994 1436 3021 Lastigi,
1454 2992 1487 3015 l'li
1505 2992 1579 3017 etant
1594 2993 1682 3018 barre.
