2393 3496
899 305 1151 352 QUATRIEME
1169 305 1325 343 ANNEE.
2107 314 2160 344 881

111 389 148 418 In
176 396 203 416 e.
232 395 294 421 m.,
318 394 374 424 pro
399 384 531 414 ecclesia
559 385 675 414 Beatae
702 383 820 413 Mariae
843 383 881 412 de
904 383 1074 411 Tamerton

73 441 187 476 Foliot‚
209 438 400 468 Exouiensis
424 437 594 474 dioecesis,
612 438 645 466 in
670 441 806 476 quatuor
828 436 937 466 beatae
957 435 1076 464 Mariae

75 498 104 525 et
125 493 157 523 S.
175 491 326 530 Dionysii
345 491 570 520 festivitatibus
595 495 625 520 et
646 500 701 529 per
719 494 787 519 octo
809 489 876 518 dies
896 492 1074 527 sequentes.

75 548 142 578 Dat.
162 550 196 576 ut
210 553 315 583 supra.

374 622 735 656 sainte-Marie-Majeure,
754 621 786 648 27
798 621 910 655 janvier
928 620 1004 646 1292.

114 689 151 719 In
168 696 194 716 e.
215 695 272 722 m.,
289 685 434 715 eamdem
454 684 619 715 ecclesiam
642 683 787 714 concedit
806 684 845 712 iis
866 683 922 721 qui
940 705 960 712 ..
979 681 1078 720 priori

76 746 107 773 et
119 739 268 771 fratribus
284 738 397 768 domus
418 738 615 776 leprosorum
637 736 745 766 Sancti
765 736 895 766 Onufrii
910 735 948 765 de
971 735 1078 765 Monte

76 793 182 826 Sancti
197 791 376 826 Johannis,
396 790 577 820 Verulanae
597 790 770 825 dioecesis,
789 798 921 818 manum
939 788 1079 818 caritatis

75 845 283 887 porrexerint,
296 845 483 874 Praesentes
495 843 616 872 litterae
628 852 682 881 per
693 842 910 881 quaestuarios
920 842 1002 870 mitti
1014 849 1077 870 non

95 903 214 930 ossunt.

74 909 94 940 p
115 964 129 979 α
147 951 305 987 Quoniam
321 954 353 980 ut
368 950 450 979 ait...
467 967 506 970 —
523 949 595 978 Dat.
614 949 727 984 Rome,
743 948 827 986 apud
847 947 996 977 Sanctam
1015 947 1078 976 Ma-

75 1005 154 1036 riam
179 1004 354 1042 Mnjorem,
376 1012 409 1032 vi
432 1002 585 1032 kalendas
608 1002 778 1038 februarii,
803 1010 889 1031 anno
915 1004 1039 1039 quarto.
1064 1012 1077 1026 »

75 1058 132 1099 (En
148 1056 277 1096 marqe.)

113 1110 152 1139 In
167 1119 196 1140 e.
213 1119 270 1147 m.,
287 1118 343 1148 pro
355 1109 448 1139 domo
465 1108 666 1148 leprosorum
684 1108 798 1137 Beatae
815 1107 936 1137 Mariae
952 1107 1081 1145 Magda-

75 1163 164 1194 lenae
179 1162 352 1192 Verulana.
369 1162 469 1201 (Ibid.)

383 1241 742 1275 Sainte-Marie-Majeure‚
763 1241 793 1267 18
808 1240 912 1266 fevrier
932 1240 1007 1267 1992.

116 1306 151 1335 In
170 1315 198 1335 e.
216 1314 275 1343 m.,
293 1305 440 1335 eamdem
456 1305 691 1343 indulgentiam
708 1303 854 1334 concedit
874 1303 1080 1333 visitantibus

77 1358 242 1390 ecclesiam
258 1359 487 1396 Anagninam‚
505 1359 539 1387 in
557 1357 713 1388 honorem
730 1357 840 1387 heatae
860 1357 979 1386 Mariae
1001 1365 1079 1387 con-

0 1415 2 1448 l,
26 1453 28 1455 Ι
77 1416 238 1449 structam,
254 1412 289 1441 in
306 1416 441 1450 quatuor
460 1412 567 1442 beatae
588 1412 718 1448 Mariae,
735 1411 767 1441 S.
786 1411 896 1448 Magni
915 1411 1078 1449 martyris,

77 1471 320 1504 sanctarumque
335 1465 548 1501 Secundinae,
567 1464 718 1495 Aureliae
734 1469 764 1494 et
779 1465 965 1494 Neomisiae
978 1464 1079 1502 virgi-

76 1527 165 1556 num,
180 1527 315 1558 quorum
331 1527 461 1557 corpora
478 1519 510 1548 in
531 1517 663 1548 ecclesia
677 1519 744 1557 ipsa
760 1518 974 1556 requiescunt,
992 1518 1079 1547 festi-

77 1572 223 1602 vitatibus
237 1594 243 1606 ,
262 1580 317 1609 per
338 1574 407 1601 octo
422 1571 489 1601 dies
510 1575 679 1609 sequentes
695 1575 725 1601 et
741 1571 775 1600 in
790 1571 1012 1601 anniversario
1030 1571 1081 1600 die

76 1624 282 1656 dedicationis
298 1625 441 1664 ejusdem
458 1624 620 1655 ecclesiae.

116 1690 130 1706 α
151 1679 246 1717 Virgo
261 1678 491 1708 venustissima
507 1682 574 1708 et...
590 1694 631 1700 -
646 1678 716 1707 Dat.
738 1678 854 1714 Rome,
876 1678 959 1716 apud
981 1677 1080 1707 Sanc-

77 1735 138 1762 tam
151 1731 286 1761 Mariam
299 1731 466 1770 Maj0rem,
479 1741 521 1761 xxi
533 1731 685 1761 kalendas
698 1731 818 1767 martii,
829 1739 914 1761 anno
925 1735 1048 1770 quarto,
1065 1743 1078 1757 n

75 1784 179 1824 (lbid.)

383 1837 744 1873 Sainte-Marie-Majeure,
763 1838 794 1865 13
811 1838 914 1865 sevrier
931 1838 1008 1865 1992.

115 1901 154 1931 In
183 1910 211 1931 e.
243 1910 300 1938 m.,
329 1909 384 1940 pro
414 1901 546 1932 ecclesia
575 1901 735 1940 prioratus
763 1901 802 1931 de
826 1901 1005 1937 Amiliavo,
1029 1910 1080 1931 or-

77 1953 162 1984 dinis
187 1953 220 1984 S.
242 1954 423 1991 Benedicti,
441 1954 663 1985 Ruthenensis
689 1954 858 1991 dioecesis,
878 1954 986 1984 beatae
1012 1954 1080 1983 Ma-

77 2007 141 2037 riae
160 2007 314 2038 vocabulo
336 2008 512 2046 insignita,
538 2008 571 2037 in
597 2012 732 2046 quatuor
756 2007 899 2046 ejusdem
924 2008 1078 2045 virginis,

77 2059 108 2091 S.
124 2060 284 2091 Johannis
300 2061 459 2100 Baptistae
479 2065 510 2090 et
527 2060 558 2091 S.
576 2061 686 2090 Jacobi
703 2060 836 2099 apostoli
855 2061 1080 2091 festivitatibus

75 2118 106 2143 et
118 2122 173 2152 per
187 2118 256 2144 octo
269 2114 337 2143 dies
352 2118 532 2152 sequentes.

115 2178 129 2193 α
153 2166 318 2197 Gloriosus
342 2167 429 2197 Deus
449 2167 522 2197 in...
539 2183 578 2189 —
597 2167 668 2197 Dat.
686 2167 802 2204 Rome,
824 2167 908 2206 apud
930 2167 1078 2197 Sanctam

76 2219 211 2250 Mariam
226 2221 392 2260 Majorem,
407 2221 515 2251 idibus
530 2221 694 2258 februarii,
707 2229 792 2251 anno
807 2226 930 2260 quarto.
945 2233 959 2248 ))
973 2221 1080 2260 (Ibid.)

110 2404 230 2434 6600
257 2404 603 2440 Sainte-Marie-Majeure,
615 2406 729 2440 janvier
744 2414 781 2432 ou
796 2406 899 2433 sevrier
917 2406 982 2434 1292
994 2407 1042 2440 (l).

109 2465 338 2493 Instrumentum
355 2475 412 2502 quo
429 2468 519 2494 bonae
540 2468 693 2494 memoriae
708 2467 848 2500 Thomas,
865 2468 1035 2503 episcopus,
1053 2472 1081 2495 et

75 2515 230 2550 capitulum
240 2515 356 2542 Reatini
366 2517 572 2542 monasterium
583 2515 814 2543 SanctiThomae
822 2516 986 2551 Reatinum,
995 2519 1080 2552 cujus

77 2564 200 2599 primum
215 2564 338 2599 lapidem
356 2568 524 2599 posuerunt,
541 2565 660 2591 obtentu
675 2565 765 2591 bonae
784 2567 936 2592 memoriae
951 2565 990 2600 J.,
1008 2566 1080 2593 Por-

77 2613 189 2639 mensis
213 2612 361 2648 episcopi,
387 2622 402 2639 a
426 2621 480 2640 sua
503 2618 532 2640 et
555 2613 694 2641 Reatinae
718 2614 856 2641 ecclesiae
877 2614 1080 2649 jurisdictione

77 2660 218 2688 ordinaria
246 2662 420 2697 liberarunt,
445 2670 496 2697 pro
525 2670 615 2689 censu
643 2671 738 2689 annuo
764 2664 850 2690 unius
875 2663 962 2690 librae
987 2672 1080 2698 cerae,

78 2709 236 2737 confirmat.
254 2710 337 2744 (Rae.
354 2711 401 2742 46,
417 2719 445 2738 c.
462 2711 535 2745 740⁹,
552 2712 572 2738 f.
592 2711 639 2738 148
655 2711 703 2746 τυ.)

117 2833 138 2840 ..
156 2812 299 2842 abbatisse
310 2819 337 2842 et
349 2814 508 2842 conventui
520 2815 699 2843 monasterii
710 2813 816 2844 Sancti
831 2815 936 2844 Thome
948 2815 1078 2850 Reatini,

78 2863 280 2895 cisterciensis
296 2867 428 2896 ordinis.

108 2988 142 3018 (l)
157 2989 260 3013 Faut-il
277 2990 327 3014 lire
343 2996 360 3013 v
376 2992 510 3015 kalendas
526 2993 554 3021 tl,
572 2999 608 3015 ou
623 2998 640 3015 v
658 2993 722 3016 idus
736 2995 765 3021 s.,
781 3000 817 3017 ou
837 3012 852 3017 ..
869 3000 960 3017 nonas
975 2995 992 3022 s.
1009 2995 1020 3016 ἶ)

218 3046 289 3073 Rso.
310 3046 433 3074 Nicoms
453 3047 504 3075 IV.

1199 380 1410 409 Instrumenti
1428 379 1608 410 confirmati
1629 383 1716 409 tenor
1731 379 1785 408 hic
1803 382 1848 408 est
1866 388 1872 407 :

1201 445 1213 459 «
1232 433 1380 469 Thomas,
1399 433 1609 472 permissione
1626 432 1738 461 divina
1755 433 1929 470 episeopus,
1948 435 1977 461 et
1992 432 2166 470 capitulum

1160 498 1173 512 n
1200 486 1327 515 Reatini
1347 487 1507 515 universis
1527 489 1690 525 presentes
1711 485 1831 515 litteras
1852 485 2061 523 inspecturis,
2081 485 2166 514 salu-

1162 552 1174 566 »
1200 544 1261 568 tem
1279 540 1312 568 in
1332 540 1479 569 Domino.
1498 539 1591 568 Illius
1607 543 1754 568 tenemur
1770 538 2028 577 multipliciter...
2041 555 2080 559 —
2094 537 2165 567 Dat.

1161 604 1174 618 n
1200 593 1313 627 Reate,
1334 602 1353 620 v
1372 600 1472 621 nonas
1497 591 1590 626 maii,
1611 599 1695 620 anno
1719 591 1850 620 Domini
1876 594 2068 627 M.cc.1.xni⁰,
2089 595 2166 619 tem-

1162 658 1174 671 »
1199 654 1271 683 pore
1290 645 1399 674 domui
1416 645 1540 674 Urbani
1562 653 1639 682 pape
1658 644 1754 679 111111,
1776 644 1976 683 pontificatus
1995 645 2062 681 ejus
2081 652 2167 673 anno

1162 710 1175 724 »
1200 698 1350 727 secundo.
1371 710 1384 723 ³>

1201 764 1215 777 «
1236 752 1316 780 Cum
1342 759 1359 779 a
1382 751 1510 780 nobis...
1531 766 1569 771 -
1585 750 1656 779 Dat.
1682 750 1798 784 Rome,
1817 750 1901 788 apud
1927 749 2076 779 Sanctam
2096 749 2166 778 Ma-

1160 804 1240 833 riam
1257 804 1422 841 Majorem,
1440 812 1459 831 v
1474 802 1543 841 (sic)
1559 810 1660 831 nouas
1677 802 1842 837 februarii,
1860 811 1945 832 anno
1961 807 2084 840 quarto.
2107 814 2121 828 >1

1232 975 1346 1003 6601

1198 1037 1383 1071 Privileginm
1396 1035 1617 1070 jurisdictionis.
1635 1035 1718 1067 (Rea.
1735 1035 1778 1062 46.
1796 1043 1822 1061 c.
1840 1035 1901 1068 741,
1919 1035 1937 1060 f.
1957 1035 2005 1061 148
2022 1037 2069 1067 νο.)

1487 973 1848 1007 Salute-Marie—Majeure,
1866 974 1881 999 8
1898 973 2002 999 sevrier
2022 973 2094 1000 1292.

1202 1138 1321 1168 Dilectis
1342 1138 1418 1175 filiis
1437 1138 1636 1166 universitati
1656 1137 1816 1165 hominum
1841 1137 1913 1165 ville
1933 1137 1966 1165 de
1988 1137 2168 1171 Valencem’s,

1163 1192 1386 1221 Cameracensis
1408 1196 1433 1220 et
1448 1191 1647 1220 Atrebatensis
1669 1190 1830 1219 dioecesium
1842 1212 1849 1225 ,
1867 1189 2013 1227 indulget
2032 1193 2064 1218 nt
2082 1195 2170 1219 extra

1162 1244 1427 1274 Cameracensem
1451 1248 1481 1273 et
1502 1242 1748 1272 Atrebatensem
1772 1242 1949 1279 dioeceses,
1968 1251 2061 1280 super
2077 1242 2170 1272 bonis

1163 1307 1244 1337 quae
1267 1297 1353 1326 iufra
1371 1298 1455 1335 ipsas
1475 1296 1632 1332 obtinent,
1659 1305 1714 1334 per
1738 1295 1861 1324 litteras
1883 1295 2070 1334 apostolicae
2087 1296 2170 1325 sedis

1162 1351 1212 1381 vel
1229 1351 1406 1388 legatorum
1425 1350 1493 1388 ejus
1511 1349 1545 1378 in
1560 1357 1688 1378 causam
1704 1348 1787 1377 trahi
1804 1356 1868 1378 non
1885 1349 2018 1387 possint.

1205 1417 1218 1430 a
1241 1404 1363 1433 Meritis
1381 1408 1433 1432 tue
1451 1402 1667 1432 devotionis...
1685 1418 1722 1422 —
1739 1402 1810 1430 Dat.
1830 1402 1948 1438 Rome,
1968 1401 2052 1440 apud
2070 1401 2168 1431 Sanc-

1164 1463 1226 1488 tam
1245 1459 1380 1486 Mariam
1398 1457 1568 1495 Majoreni,
1589 1465 1618 1484 VI
1635 1456 1707 1485 idus
1722 1455 1886 1491 februarii,
1904 1464 1990 1485 anno
2008 1460 2133 1493 quarto.
2155 1466 2168 1480 »

1236 1629 1352 1657 (3602

1200 1692 1385 1728 Dispensatio
1397 1699 1485 1726 super
1495 1691 1608 1717 defectu
1619 1690 1763 1717 ordinum.
1773 1689 1856 1723 (Rea.
1866 1690 1909 1722 46,
1923 1697 1948 1716 e.
1961 1689 2049 1719 7421.
2064 1689 2110 1715 148
2123 1691 2167 1720 ΓΟ.)

1496 1627 1854 1661 Sainte-Marie-Majeure,
1871 1627 1886 1653 8
1902 1627 2004 1653 fevrier
2023 1627 2098 1653 1292.

1203 1795 1326 1825 Nicolao
1336 1794 1502 1830 Swenonis,
1511 1794 1704 1827 subdiacono,
1718 1793 1828 1821 rectori
1838 1792 1952 1821 ecclesie
1967 1791 2169 1827 deJIalmoyh,

1164 1850 1330 1879 Lundensis
1345 1849 1479 1877 diocesis.
1496 1847 1577 1877 Cum
1597 1855 1643 1883 eo,
1661 1845 1916 1876 consideratione
1934 1845 1982 1881 E.,
2000 1845 2084 1882 regis
2100 1846 2171 1874 An-

1163 1903 1258 1941 gliae,
1271 1903 1363 1941 quus
1377 1901 1512 1931 clericus
1523 1905 1580 1936 est,
1594 1900 1756 1938 dispensat
1769 1904 1802 1928 ut
1812 1898 1961 1928 ecclesias
1973 1898 2011 1927 de
2025 1897 2170 1936 Hothorp

1164 1961 1194 1987 et
1214 1957 1253 1986 de
1274 1954 1455 1992 Malmogh,
1475 1952 1686 1984 Othoniensis
1705 1958 1735 1982 et
1756 1952 1939 1982 Lundensis
1959 1951 2170 1986 dioecesium,

1163 2019 1240 2049 quas
1263 2009 1332 2038 sine
1356 2006 1525 2046 apostolica
1548 2006 1786 2045 dispensatione
1812 2005 1945 2034 insimul
1967 2004 2119 2040 detinuit,
2140 2008 2171 2032 et

1163 2072 1219 2101 pro
1239 2061 1354 2100 quibus
1374 2060 1458 2089 infra
1474 2068 1598 2088 annum
1614 2059 1648 2088 in
1666 2058 1887 2097 presbyterum
1906 2057 2083 2096 promoveri
2102 2065 2168 2086 non

1163 2125 1196 2145 se
1212 2115 1296 2149 fecit,
1316 2113 1403 2143 licite
1421 2113 1559 2142 retinere
1577 2111 1693 2147 valeat,
1711 2110 1886 2140 dummodo
1904 2118 2076 2147 congruam
2095 2118 2167 2147 par-

1164 2173 1227 2198 tem
1245 2168 1406 2197 fructuum
1423 2175 1458 2195 ex
1476 2164 1643 2204 praedictis
1659 2163 1800 2194 ecclesiis
1812 2163 1880 2201 jam
1898 2167 2117 2202 perceptorum
2133 2162 2167 2191 in

1163 2230 1273 2251 earum
1301 2219 1483 2249 evidentem
1507 2216 1677 2247 utilitatem
1700 2220 1864 2246 convertat
1885 2220 1914 2245 et
1939 2215 2023 2245 infra
2044 2223 2168 2244 annum

1162 2275 1195 2304 in
1214 2274 1438 2313 presbyterum
1454 2270 1633 2310 promoveri
1650 2278 1683 2299 se
1698 2269 1802 2299 faciat.

1207 2340 1219 2354 ι
1236 2327 1329 2356 Lecta
1345 2334 1450 2356 coram
1467 2323 1596 2354 nobis...
1613 2341 1652 2345 -
1668 2323 1739 2354 Dat.
1758 2327 1912 2361 utsupra.
1933 2333 1947 2348 n

1233 2498 1349 2527 6603
1491 2493 1850 2528 Sainte-Marie-MaJeure,
1867 2493 1882 2519 5
1897 2492 2001 2519 fevrier
2020 2491 2096 2518 1292.

1198 2561 1331 2588 Facultas
1346 2557 1511 2586 conferendi
1526 2556 1675 2583 beneficia.
1692 2555 1775 2590 (Rae.
1792 2554 1834 2587 46,
1851 2563 1877 2581 c.
1897 2553 1958 2588 743,
1975 2553 1994 2580 f.
2014 2553 2061 2579 149
2077 2553 2124 2585 το.)

1209 2661 1377 2692 Venerabili
1401 2660 1496 2697 fratri
1518 2658 1568 2695 B.,
1592 2659 1723 2696 episcopo
1746 2655 1929 2692 Sle'zcicensz',
1956 2654 2098 2685 concedit
2121 2657 2167 2689 ut,

1163 2727 1181 2747 a
1196 2715 1321 2747 clericis
1342 2722 1418 2743 suae
1440 2711 1594 2742 dioecesis
1611 2711 1667 2750 qui
1690 2709 1846 2740 beneficia
1867 2709 2046 2747 receperint
2062 2715 2120 2736 nec
2135 2715 2168 2736 se

1163 2770 1247 2801 infra
1265 2776 1387 2798 annum
1410 2765 1450 2795 ad
1472 2765 1710 2804 presbyteratus
1727 2763 1874 2793 ordinem
1890 2761 2068 2800 promoveri
2087 2759 2167 2788 fece-

1164 2824 1229 2853 rint
1253 2819 1469 2858 resignatione
1495 2817 1680 2848 eorumdem
1705 2815 1936 2846 beneficiorum
1959 2818 2101 2851 accepta,
2122 2812 2168 2841 eis

1163 2875 1318 2906 beneficia
1336 2872 1392 2902 illa
1410 2880 1518 2902 rursus
1535 2870 1687 2908 assignet.

1205 2941 1219 2955 «
1239 2927 1382 2965 Exposita
1400 2925 1490 2955 nobis
1514 2929 1604 2953 tua...
1629 2938 1670 2945 —
1690 2922 1760 2951 Dat.
1783 2922 1897 2957 Rome,
1917 2919 2000 2958 apud
2017 2918 2166 2948 Sanctam

1164 2981 1299 3011 Mariam
1315 2979 1479 3017 Maj0rem,
1496 2976 1591 3006 nonis
1605 2975 1770 3011 februarii,
1787 2982 1873 3003 anno
1889 2975 2012 3011 quarto.
2031 2982 2046 2998 »

1977 3037 2023 3063 1¹1
