2393 3496
263 323 320 353 923
1010 316 1246 348 REGISTRES
1269 317 1322 346 DE
1346 316 1530 346 NICOLAS
1554 317 1609 346 IV.

265 389 411 418 Sanctam
447 388 580 418 Muiam
614 387 786 424 Maj0rem,
820 395 863 414 ιιιι
894 393 994 414 nonas
1032 384 1151 419 martii,
1182 390 1267 411 anno

263 442 384 481 quinto.
407 454 420 467 »-

299 624 550 653 evea-890⁴

300 685 440 719 Episcopo
462 683 626 709 Brixinensi
649 682 777 708 redditus
797 682 1002 708 beneficiorum
1020 681 1180 708 vacantium
1196 689 1266 709 con-

262 732 443 765 ‹·e‹!1t.(l<t-;G.
462 732 504 763 46,
522 740 546 756 c.
569 731 608 760 17,
625 731 644 757 f,
665 730 712 757 190
728 731 774 761 νο.)

605 620 965 654 sainte·Marto-Majoure‚
982 620 1016 646 29
1032 620 1136 646 sevi-ier
1154 620 1229 646 1292.

308 833 470 862 Venerabili
483 834 578 868 fratri
592 833 732 867 Heni-ico,
748 834 881 870 episcopo
897 831 1082 867 Briirinensi,
1103 831 1158 869 qui
1178 839 1269 868 prop-

263 893 307 916 ter
322 887 556 924 persecutiones
569 885 794 924 Meynahardi,
807 885 896 914 ducis
907 885 1104 920 Carintliiae‚
1119 883 1268 913 ecclesiae

261 948 336 968 suae
356 939 496 968 redditus
515 939 605 977 plene
623 938 785 977 percipere
802 947 864 968 non
883 943 995 977 potest,
1013 938 1133 967 fructus
1149 941 1179 966 et
1195 937 1267 966 red-

262 992 349 1021 ditus
363 992 457 1030 primi
471 993 548 1021 anni
563 1000 708 1022 omnium
725 992 950 1021 beneficiorum
967 990 1266 1023 ecclesiasticorum.

263 1045 303 1074 ad
327 1044 528 1074 collationem
556 1053 610 1073 seu
642 1045 927 1082 praesentationem
958 1047 1176 1081 exemptorum
1203 1052 1266 1074 non

261 1098 511 1136 pertinentium,
531 1107 611 1136 quae
636 1106 735 1136 usque
760 1098 799 1126 ad
825 1098 1000 1126 triennium
1023 1098 1056 1126 ιιι
1083 1097 1267 1127 Brixinensi

259 1151 385 1180 civitate
402 1155 432 1179 et
446 1150 580 1180 dioecesi
598 1159 707 1179 vacare
724 1150 892 1186 contigerit
910 1150 1064 1179 concedit.

305 1215 316 1229 ι
338 1203 483 1232 Exhibita
500 1203 591 1232 uobis
609 1207 698 1232 tua...
719 1219 757 1223 —
781 1203 851 1232 Dat.
872 1203 990 1237 Rome,
1013 1203 1096 1241 apud
1117 1203 1266 1233 Sanctam

259 1256 392 1285 Mariam
414 1257 577 1293 Major-em,
597 1265 617 1284 11
635 1256 790 1285 kalendas
808 1256 929 1293 martii,
945 1265 1031 1286 anno
1049 1256 1174 1294 quinto.
1197 1269 1210 1284 n

481 1331 501 1337 ..
527 1308 766 1347 archiepiscopo
789 1308 1052 1347 Salzebnrgensi,
1076 1332 1097 1340 ..
1122 1310 1267 1349 episcopo

257 1362 444 1391 Tridentino
461 1366 490 1391 et
505 1362 697 1399 Huguitioni
711 1362 749 1391 de
764 1362 930 1399 Vercellis,
945 1364 1099 1394 canonico
1116 1364 1266 1395 ecclesiae

259 1415 452 1452 Brugensis,
487 1415 699 1445 'fornacensis
728 1416 898 1453 dioecesis,
932 1417 1125 1448 subdiacono
1157 1422 1187 1447 et
1215 1427 1265 1448 ca-

257 1468 381 1506 pellano
397 1477 469 1504 suo,
488 1468 617 1497 mandat
636 1473 668 1498 ut
684 1468 860 1507 praedictos
876 1469 997 1500 fructus
1013 1476 1042 1500 et
1059 1471 1201 1501 redditus
1219 1472 1266 1502 ei-

257 1521 328 1550 dem
345 1521 490 1559 episcopo
507 1522 630 1559 integre
646 1522 804 1559 assignari
824 1523 953 1554 faciant.

298 1587 311 1599 «
341 1575 488 1604 Exliibita
507 1575 596 1604 nobis
620 1575 851 1606 venerabilis...
877 1593 916 1599 —
940 1577 1011 1606 Dat.
1039 1578 1157 1615 Rome,
1181 1579 1265 1618 apud

301 1309 334 1337 ln
362 1319 388 1339 e.
412 1318 454 1337 m.

257 1629 403 1657 Sanctam
432 1629 565 1658 Mariam
598 1629 773 1667 Maiorem,
800 1639 820 1659 11
847 1629 1001 1660 kalendas
1026 1632 1154 1669 martii,
1179 1642 1265 1664 anno
1305 1644 1308 1655 ·

255 1682 377 1719 quinto.
399 1694 411 1707 ι)
429 1681 488 1720 (En
508 1684 637 1720 marye.)

326 1868 442 1896 8905

292 1930 332 1956 De
352 1932 537 1958 contentione
559 1932 633 1958 inter
658 1932 872 1959 univti-sitatem
897 1935 1050 1961 scolaiiuui
1071 1935 1264 1964 parisiensem

254 1984 281 2005 et
298 1980 498 2008 cancellarium
516 1980 655 2007 ccclesiae
674 1981 953 2015 Parisiensis.(R1;.e
966 1984 1008 2014 46,
1021 1992 1046 2010 c.
1064 1985 1103 2017 18,
1117 1985 1134 2011 f.
1153 1986 1200 2013 190
1213 1988 1264 2020 νο)

588 1868 950 1904 Sainte-Mario-Majeure,
972 1872 1002 1898 15
1020 1880 1095 1899 mars
1116 1873 1191 1902 1292.

300 2076 523 2113 Venerabi'lz'bus
547 2086 700 2121 fratribus
724 2108 742 2114 Δ.
770 2085 989 2115 Silvanectenst‘
1008 2093 1033 2117 et
1050 2111 1069 2118 ..
1093 2089 1264 2118 Autisiodo-

253 2138 336 2165 rensi'
352 2137 496 2174 episcopis
510 2146 543 2166 ac
559 2138 674 2166 dilectis
689 2137 766 2176 filiis
786 2161 805 2167 ..
823 2139 933 2167 decano
949 2141 1065 2169 ecclesie
1082 2129 1265 2173 Parisiensis

254 2198 288 2218 (ιε
315 2191 461 2227 magistro
488 2191 650 2226 Godefredo
677 2192 711 2220 tle
735 2192 893 2225 Fontibus,
920 2196 1065 2223 canonico
1093 2195 1262 2234 Leodzssenst,

256 2244 372 2281 reymiti
390 2244 528 2273 Parisins
554 2245 586 2273 ιή
608 2245 766 2282 theoloyia.
795 2257 807 2272 u
834 2246 948 2275 Petitio
973 2246 1163 2278 dilectorum
1185 2250 1266 2280 filio-

256 2304 325 2324 rum
355 2296 574 2326 universitatis
601 2298 828 2336 magistrorum
851 2304 881 2329 et
903 2300 1074 2331 scolarium
1100 2302 1264 2333 Parisien-

255 2349 336 2386 sium
356 2350 446 2379 nobis
462 2350 604 2381 exhibita
619 2352 803 2381 continebat
819 2353 914 2391 quod,
933 2353 1006 2384 licet
1022 2356 1265 2388 ..cancellarius

255 2401 466 2440 ParisiensiS,
483 2403 521 2432 ad
540 2413 635 2442 quem
654 2405 778 2434 ratione
797 2406 894 2435 officii
917 2407 1108 2439 cancellarie
1131 2411 1264 2442 ecclesie

256 2454 450 2485 Parisiensis
466 2457 549 2495 qnod
570 2458 654 2495 gerit
673 2458 809 2496 pertinet
826 2459 1031 2491 licentiandis
1047 2472 1103 2501 pro
1125 2468 1264 2503 tempore

255 2508 288 2537 in
308 2508 474 2547 theologiv,
493 2510 706 2548 decretorum,
724 2512 880 2543 medicine
898 2518 927 2543 et
945 2514 1127 2546 liberalium
1146 2519 1261 2548 artium

258 2562 462 2592 facultatibus
485 2564 615 2601 regendi
636 2564 799 2594 licentiam
820 2566 853 2595 in
872 2568 949 2605 ipsis
967 2568 1169 2601 facultatibus
1185 2572 1264 2602 elar-

254 2615 333 2653 giri,
354 2620 414 2644 tam
430 2616 519 2654 juxta
539 2621 663 2647 tenores
682 2618 923 2657 privilegiorum
945 2622 1189 2660 apostolicorum
1206 2626 1264 2655 du-

254 2668 330 2698 dum
349 2670 467 2707 prefato
493 2671 690 2700 universitati
714 2682 731 2701 a
752 2673 824 2702 sede
847 2675 1016 2713 apostolica
1040 2686 1262 2710 concessorum

256 2730 350 2760 quam
366 2723 570 2761 approbatam
589 2726 854 2756 consuetudinem
869 2732 898 2757 et
912 2729 1006 2758 etiam
1020 2733 1262 2763 constitutiones

253 2783 271 2803 a
297 2776 415 2813 prefata
444 2777 650 2806 universitate
670 2787 705 2807 ac
732 2781 874 2817 personis
900 2782 931 2811 iu
958 2783 1158 2815 facultatibus
1186 2787 1262 2825 ipsis

255 2828 438 2865 regentibus
455 2830 572 2867 editas,
591 2830 745 2861 hactenns
761 2833 889 2870 pacifice
911 2835 1108 2873 observatas,
1131 2839 1168 2868 ad
1194 2850 1262 2878 pre-

254 2881 369 2910 dictam
390 2882 553 2912 licentiam
569 2884 775 2914 obtinvndam
794 2891 954 2924 provectos
972 2889 1003 2918 in
1022 2890 1115 2920 dictis
1134 2892 1261 2923 faculta-

256 2934 339 2963 tibus
366 2945 444 2974 qnos
470 2946 505 2965 ex
533 2937 716 2968 testimonio
742 2939 898 2970 dictorum
925 2943 1167 2982 magistrorum,
1194 2951 1262 2985 post

253 2987 441 3025 diligentem
456 2990 728 3020 examinationem
749 2996 810 3022 tam
823 2993 907 3023 circa
923 2997 1135 3034 receptionem
1153 2999 1259 3039 liujus·

1351 383 1435 411 modi
1463 383 1637 412 testimonii
1657 392 1752 421 quam
1778 391 1928 422 personas
1953 382 2063 412 talium
2088 383 2354 419 licentiandorum

1350 435 1382 464 in
1410 435 1567 473 presentia
1590 436 1733 474 ipsorum
1757 436 1982 473 magistrorum
2006 435 2200 473 adhibitam,
2218 438 2354 476 ydoneos

1350 487 1485 525 reperiri
1509 488 1664 525 contingit
1695 488 1879 524 admittere,
1909 489 2113 527 preponendo
2142 490 2243 527 magis
2267 492 2353 539 suQ—

1351 541 1470 569 cientes
1493 541 1602 570 minus
1621 541 1854 571 sufficientibus
1874 545 2034 578 teneatur,
2051 541 2137 572 idem
2160 547 2265 574 tamen
2281 553 2354 577 oau-

1350 593 1500 623 cellarins
1523 594 1553 622 id
1570 602 1697 623 servare
1717 598 1949 632 contempnens
1966 604 2200 634 nonnunquam
2219 596 2355 636 ydoneos

1351 646 1389 675 ad
1408 647 1465 675 lioc
1484 647 1544 676 sibi
1568 651 1761 685 presentatus
1780 647 1893 685 repulit
1909 652 1940 677 et
1960 648 2111 686 indignos
2128 657 2182 687 pro
2200 658 2255 680 sue
2270 649 2356 687 libito

1351 699 1525 728 voluntatis
1541 699 1683 729 admisit.
1709 700 1743 729 In
1765 700 1875 730 multis
1892 701 1988 730 etiam
2011 701 2083 731 aliis
2103 702 2248 732 articulis
2268 703 2358 739 nobis

1351 761 1387 782 ex
1408 756 1493 791 parte
1513 753 1595 782 dicte
1620 754 1839 783 universitatis
1857 753 2006 784 exhibitis
2025 755 2185 793 predictus
2202 755 2359 809 031106311αρί
2375 776 2384 783 -

1351 806 1417 835 iius
1435 815 1490 844 per
1503 815 1536 835 se
1549 815 1585 835 ac
1599 806 1737 836 vicarios
1751 815 1830 845 quos
1843 807 2006 837 interdum
2022 808 2148 838 ordinat
2163 813 2256 848 atque
2270 797 2362 855 famijw

1351 859 1447 888 hares
1464 868 1536 889 suos
1553 864 1662 890 contra
1679 859 1858 898 privilegia,
1876 861 2143 891 consuetudinem
2163 865 2192 891 et
2206 854 2365 896 constitnu-

1353 914 1454 943 tiones
1483 914 1623 952 predicta
1648 918 1765 944 temeie
1795 914 1905 945 venire
1931 916 2125 954 presumpsit
2151 915 2304 947 hactenus
2327 904 2365 951 εἰ

1350 967 1524 1005 presumit,
1543 968 1577 996 in
1597 968 1722 1006 pioprie
1738 967 1851 997 salutis
1868 968 2074 1007 dispendium
2091 977 2127 998 ac
2143 969 2361 1002 universitatis

1351 1024 1379 1049 et
1402 1020 1647 1057 magistioiQum
1665 1020 1837 1050 soz-olnium
1860 1026 1890 1050 et
1913 1030 2123 1060 per-sonalum
2146 1013 2367 1066 predictorum

1351 1073 1566 1111 prejudicium
1594 1077 1624 1103 et
1649 1082 1823 1111 gravamen
1852 1083 1886 1104 ac
1915 1074 2103 1104 scandalum
2128 1074 2380 1115 pliirimorum,”

1350 1131 1476 1165 propter
1491 1127 1587 1165 qnod,
1606 1136 1661 1166 pro
1679 1133 1766 1167 parte
1783 1128 2001 1157 universitatis
2018 1133 2047 1158 et
2063 1137 2270 1167 personarum
2287 1137 2364 1171 pred¹

1350 1181 1507 1210 dictarum
1525 1181 1584 1210 fuit
1599 1181 1638 1210 ad
1654 1185 1794 1210 nostram
1808 1181 2005 1211 audientiam
2022 1181 2216 1221 appellatum
2234 1190 2271 1213 ac
2285 1191 2363 1224 sup-

1350 1234 1475 1273 pliciter
1487 1234 1679 1274 postulatum
1695 1235 1728 1264 in
1747 1235 1838 1265 nobis
1852 1239 1886 1265 ut
1900 1244 2029 1265 causam
2042 1245 2138 1275 quam
2156 1236 2265 1266 eedem
2281 1227 2370 1280 uni-3²⁴

1350 1288 1483 1317 versitas
1506 1292 1536 1317 et
1562 1296 1694 1327 persone
1714 1297 1809 1326 super
1829 1289 1994 1327 premissis
2020 1289 2194 1319 intendunt
2211 1289 2370 1337 prosequi)

1348 1346 1458 1371 contra
1474 1341 1704 1371 cancellarium
1724 1346 1935 1371 memoratum
1954 1342 1986 1371 in
2005 1343 2094 1372 curia
2110 1345 2217 1372 nostra
2234 1341 2373 1378 tractarit?

1349 1389 1573 1424 et‘terminari
1596 1394 1661 1424 fine
1687 1394 1793 1424 debito
1814 1394 2002 1424 faceremus.
2024 1395 2089 1425 Nos
2107 1395 2225 1433 igitur,
2246 1383 2375 1430 uberes}

1348 1448 1470 1477 fructus
1486 1448 1541 1486 qui
1561 1457 1595 1477 ex
1614 1447 1720 1477 studio
1737 1448 1911 1477 parisiensi
1936 1457 1989 1487 per
2011 1449 2221 1478 scientiarum
2239 1431 2381 1495 doctri-5}

1348 1510 1422 1530 nam
1444 1501 1636 1539 perveniunt
1651 1500 1785 1530 sollicite
1805 1500 2023 1535 attendentes,
2046 1501 2212 1540 multoque
2229 1495 2373 1532 deside:

1349 1555 1395 1585 rio
1419 1555 1602 1584 affectantes
1620 1558 1669 1590 ut,
1688 1554 1907 1593 quarumlibet
1927 1555 2166 1585 dissensionum
2194 1511 2378 1640 ιὀιιιὶῑιδιιΞΞ,

1349 1617 1404 1646 per
1419 1617 1497 1647 quas
1509 1607 1651 1637 studium
1669 1608 1774 1646 ipsum
1793 1608 1914 1637 turbari
1927 1607 1975 1638 vel
1992 1612 2150 1646 tepescere
2162 1612 2267 1647 posset
2281 1607 2351 1648 ind,

1349 1661 1524 1697 submotis,
1547 1670 1602 1699 per
1627 1661 1712 1700 pacis
1736 1660 2008 1698 pulchritudinem
2031 1661 2173 1691 studium
2200 1622 2376 1741 ipsquiQ

1348 1714 1560 1753 sollempnius
1573 1714 1693 1752 jugiter
1709 1714 1814 1751 vigeat
1830 1719 1859 1743 et
1877 1714 1979 1744 eidem
1999 1714 2105 1744 studio
2121 1715 2305 1745 insistentes
2319 1714 2362 1746 ei

1348 1768 1403 1798 illo
1420 1768 1541 1806 potiora
1559 1766 1691 1797 comoda
1707 1771 1944 1806 consequantur
1961 1776 2023 1806 quo
2041 1767 2101 1806 ipsi
2120 1777 2156 1797 ex
2173 1767 2321 1798 animoru

1347 1823 1453 1861 quiete
1470 1831 1501 1851 se
1521 1825 1669 1859 poterunt
1689 1821 1722 1850 ιιι
1747 1830 1783 1850 eo
1808 1821 1984 1851 ferventius
2008 1825 2038 1850 et
2061 1821 2172 1851 utilius
2191 1830 2337 1852 exercere

1348 1880 1495 1914 gerentes
1517 1884 1644 1914 quoque
1665 1875 1703 1904 de
1728 1875 2012 1913 circumspectione
2034 1879 2138 1905 vestra
2160 1874 2333 1905 fidutiami
2356 1887 2358 1890 ·

1347 1929 1487 1959 Domino
1521 1927 1697 1967 pleniorem
1712 1951 1719 1964 ,
1754 1928 1937 1957 discretioni
1969 1932 2072 1958 vestre
2103 1937 2157 1967 pei·
2185 1927 2354 1967 apostolic,

1348 1984 1462 2022 scripta
1481 1982 1673 2012 mandamus
1695 1981 1865 2020 quatinus,
1891 1981 1974 2020 apud
1999 1982 2142 2012 Parisios
2159 1982 2302 2021 partibus
2317 1990 2335 2012 a
2359 1979 2362 1985 ’

1348 2042 1486 2067 vestram
1515 2035 1709 2075 presentiam
1734 2035 1887 2071 evocatis,
1913 2034 1951 2064 ad
1974 2034 2148 2064 sedandam
2172 2034 2359 2074 hujusmodi

1347 2091 1548 2130 questionem
1570 2088 1783 2118 amicabiliter
1808 2089 1891 2117 inter
1915 2092 2018 2127 partes
2041 2089 2125 2127 ipsas
2148 2088 2357 2128 interponatis

1346 2145 1532 2174 auctoritate
1551 2147 1657 2172 nostra
1677 2143 1766 2180 juxta
1789 2142 1893 2171 datam
1918 2141 2008 2171 vobis
2028 2150 2046 2171 a
2071 2141 2135 2172 Deo
2154 2141 2356 2181 prudentiam

1347 2198 1515 2228 efficaciter
1540 2201 1643 2236 partes
1669 2200 1801 2225 vestras.
1825 2195 1914 2231 Quod
1940 2195 1966 2224 si
1990 2195 2096 2225 forsan
2121 2195 2154 2224 id
2177 2195 2358 2234 nequiverit

1347 2251 1527 2291 provenire,
1542 2259 1596 2280 vos
1612 2259 1706 2288 super
1719 2248 1871 2288 predictis
1881 2248 2024 2278 articulis
2038 2248 2072 2278 iu
2090 2247 2357 2287 appellationibus

1348 2305 1563 2344 predictarum
1581 2302 1799 2332 universitatis
1811 2306 1841 2331 et
1857 2310 2066 2340 personarum
2084 2301 2240 2332 dictarum
2257 2301 2355 2332 facul-

1349 2363 1447 2388 tatum
1471 2357 1509 2387 ad
1536 2365 1610 2393 nos,
1635 2360 1670 2386 ut
1692 2356 1883 2394 premissum
1908 2359 1971 2389 est,
1997 2355 2175 2394 interjectis
2198 2354 2357 2386 contentis

1349 2420 1472 2443 necnon
1490 2416 1520 2440 et
1534 2410 1684 2440 omnibus
1701 2408 1775 2438 aliis
1791 2409 1847 2447 qui
1865 2408 1954 2439 vobis
1975 2409 2235 2438 reformationem
2251 2417 2287 2439 ac
2301 2416 2368 2447 pa-2.

1347 2466 1474 2496 cificum
1493 2469 1523 2494 et
1540 2472 1725 2503 prosperum
1747 2467 1863 2491 statum
1884 2462 1997 2501 prefati
2017 2461 2114 2492 studii
2133 2462 2289 2501 respicere
2306 2461 2354 2492 vi-

1346 2520 1509 2550 debuntur
1527 2517 1565 2547 de
1582 2516 1692 2555 plano,
1716 2516 1785 2544 sine
1801 2515 1934 2553 strepitu
1952 2517 1982 2544 et
1997 2515 2101 2553 figura
2119 2515 2252 2554 judicii,
2272 2514 2357 2546 infra

1346 2581 1468 2603 annum
1490 2574 1555 2610 post
1575 2570 1786 2608 receptionem
1813 2568 2010 2605 presentium
2032 2567 2205 2607 inquiratis
2223 2568 2360 2600 sollicite:

1346 2627 1513 2655 veritatem
1532 2628 1562 2653 et
1578 2631 1706 2652 causam
1724 2622 1911 2660 hujusmodi
1925 2622 2047 2660 judicio
2065 2621 2114 2651 vel
2130 2621 2313 2661 concordia,
2329 2621 2359 2654 si

1345 2679 1384 2709 de
1407 2678 1546 2718 partium
1571 2675 1733 2706 voluntate
1752 2675 1953 2713 processerit,
1982 2675 2177 2711 terminetis,
2205 2675 2356 2706 facientes

1346 2732 1428 2771 quod
1449 2729 1654 2761 decreveritis
1678 2738 1732 2767 per
1757 2736 1927 2758 censuram
1953 2727 2199 2758 ecclesiasticam
2221 2728 2356 2759 firmiter

1345 2785 1519 2816 observari.
1539 2785 1648 2813 Testes
1664 2787 1784 2819 antem,
1801 2787 1872 2818 etc„
1887 2791 1986 2820 usque
2002 2781 2180 2820 perhibere.
2199 2781 2364 2822 Alioquin.
2390 2801 2393 2815 ι

1344 2849 1406 2879 que
1419 2848 1514 2878 super
1528 2837 1677 2876 predictis
1693 2835 1845 2865 omnibns
1861 2835 2049 2865 inveneritis
2063 2835 2154 2865 nobis
2169 2835 2228 2865 sub
2245 2835 2356 2866 vestris

1344 2893 1467 2923 inclusa
1482 2891 1596 2929 sigillis
1611 2889 1750 2919 fideliter
1762 2888 1930 2924 intimetis,
1947 2887 2065 2926 prefixo
2077 2888 2196 2918 eisdem
2212 2884 2380 2928 partibuss

1345 2945 1483 2976 termino
1515 2944 1726 2983 peremptorio
1755 2941 1946 2980 competenti
1969 2951 2033 2981 quo
2060 2951 2114 2981 per
2137 2947 2378 2981 procuratoresw

1345 2999 1503 3038 ydoneos,
1535 3007 1607 3027 cum
1635 2996 1785 3027 omnihus
1811 2995 1906 3033 actis,
1932 2995 2062 3034 juribus
2087 3000 2118 3025 et
2142 2995 2374 3028 munimentis*
