2393 3496
42 400 226 435 officialium
246 402 276 428 et
292 397 441 436 judicum
461 406 516 427 seu
539 397 757 435 delegatorum
783 397 926 435 ipsorum
948 396 1046 425 inter-

41 456 137 495 Jectas
159 456 190 482 et
210 451 307 481 etiam
322 450 572 489 interponendas
589 450 639 480 vel
655 449 719 480 alio
737 450 881 488 legitimo
899 449 993 479 modo
1007 449 1046 478 ad

43 506 192 548 prefatam
215 507 291 533 sunt
311 503 420 532 sedem
438 502 541 533 delata
562 507 593 533 et
614 503 825 541 imposterum
850 502 1046 538 deferentur,

45 557 178 597 exceptis
193 561 298 586 tamen
315 557 418 586 causis
437 556 503 586 sive
527 556 711 594 personales
734 556 801 585 sive
825 555 926 585 reales
948 555 1047 585 conti-

44 611 192 644 nentibus
207 610 357 645 actiones,
374 618 510 648 quarum
527 609 654 647 singule
670 609 879 648 quantitatem
895 617 950 637 seu
963 607 1046 637 valo-

43 673 110 696 rem
125 667 251 693 centum
264 662 420 692 librarum
432 666 559 691 monete
574 661 693 691 usualis
704 661 868 697 excedant,
881 669 1006 690 necnon
1016 664 1046 690 et

44 718 78 748 in
90 716 152 747 illis
165 724 226 754 que
242 715 326 744 inter
337 723 505 744 romanam
517 713 684 743 ecclesiam
697 718 727 743 et
740 722 957 752 quoscumque
968 713 1046 742 alios

44 775 108 802 orte
123 772 196 799 sunt
211 768 261 797 vel
272 768 418 797 orientur
432 768 582 805 deinceps
598 776 693 805 super
705 766 816 805 quavis
833 775 865 795 re
881 775 976 804 quam
992 774 1046 804 pro

44 826 128 864 parte
142 821 243 861 ipsius
259 820 392 850 ecclesie
410 820 609 859 propositum
627 819 724 849 fuerit
740 819 779 849 ad
797 819 931 848 eandem
949 818 1046 849 eccle-

0 899 1 902 *
45 876 124 907 siam
139 874 310 914 pertinere,
328 882 428 912 usque
439 873 478 903 ad
490 873 591 912 ipsius
606 873 689 902 sedis
703 872 950 911 beneplacitum,
962 871 1046 910 apud

44 927 175 960 eandem
192 926 299 956 sedem
316 927 432 956 vocatis
450 926 505 965 qui
524 926 646 956 fuerint
666 925 835 961 evocandi,
861 925 992 962 audias,
1017 929 1046 954 et

41 981 124 1022 quod
141 980 264 1020 justum
287 980 400 1017 fuerit,
419 979 632 1019 appellatione
650 983 787 1014 remota,
809 979 977 1015 decernas,
1003 978 1046 1007 sa-

0 1027 1 1033 *
41 1035 127 1066 ciens
141 1033 225 1072 quod
238 1033 416 1063 decreveris
428 1042 483 1071 per
496 1042 665 1063 censuram
682 1032 928 1062 ecclesiasticam
946 1032 1046 1061 firmi-

0 1090 1 1094 ’
41 1091 89 1119 ter
104 1087 275 1118 observari.
293 1087 401 1116 Testes
417 1090 540 1123 autem,
558 1091 630 1122 etc.,
651 1095 753 1124 usque
772 1085 951 1124 perhibere.
971 1085 1043 1115 Dat.

40 1141 154 1177 Rome,
171 1139 254 1179 apud
271 1139 420 1169 Sanctam
437 1139 574 1169 Mariam
598 1140 770 1178 Majorem‚
793 1148 812 1168 x
832 1138 984 1168 kalendas
997 1139 1046 1177 Ja-

39 1193 154 1231 nuarii,
170 1193 373 1232 pontificatus
390 1193 493 1223 nostri
508 1201 594 1223 anno
612 1194 726 1231 primo.
748 1204 762 1218 »

78 1247 117 1278 In
141 1256 169 1277 e.
190 1255 235 1276 m.
259 1247 411 1285 magistro
436 1246 645 1285 Raynuccino
670 1245 708 1275 de
735 1246 864 1282 Murro,
892 1247 1044 1276 canonico

0 1339 1 1343 Ἰ
41 1300 257 1337 Laudunensi,
273 1300 437 1339 capellano
453 1309 521 1337 suo,
540 1308 650 1330 causas
666 1299 860 1338 Campaniae
876 1303 906 1329 et
924 1300 1043 1329 Mariti-

0 1347 1 1352 *
41 1362 111 1384 mae
122 1353 301 1384 committit.
317 1353 389 1382 Dat.
408 1357 560 1392 utsupra.

79 1406 117 1436 In
133 1415 161 1436 e.
179 1415 223 1436 m.
241 1406 393 1444 magistro
411 1406 605 1445 Raymundo
622 1406 660 1435 de
673 1405 775 1436 Ponte
786 1429 794 1442 ‚
811 1406 930 1436 decano
943 1405 1044 1435 eccle-

41 1460 105 1492 siae
132 1459 421 1499 compostellanae,
452 1459 615 1499 capellano
639 1468 712 1497 suo,
742 1468 852 1489 causas
881 1459 1045 1489 Marchiae

40 1513 285 1544 Anchonitanae
306 1517 336 1543 et
360 1513 492 1543 ducatus
519 1512 682 1551 Spoletani
708 1512 888 1543 committit.
912 1512 984 1542 Dat.
1010 1516 1046 1542 ut

41 1574 144 1606 supra.

57 1764 312 1794 'sun-'2208
350 1764 710 1799 Sainte-Marie-Majeure,
729 1764 762 1791 20
778 1765 929 1791 decembre
947 1765 1025 1792 1288.

73 1827 176 1855 Contra
191 1827 357 1855 Gebellinos
373 1827 505 1854 Civitatis
521 1827 648 1854 Castelli.
665 1827 737 1860 (Fol.
755 1828 787 1855 35
804 1828 851 1861 r·.)

82 1930 250 1960 Venerabili
266 1931 362 1966 fratri
385 1953 405 1960 ..
430 1932 562 1968 episcopo
585 1932 719 1960 Aretino.
743 1942 755 1957 α
780 1930 891 1969 Nuper
912 1931 952 1960 ad
970 1939 1042 1960 nos-

41 1986 124 2014 trum
143 1983 288 2022 pervenit
302 1984 450 2013 auditum
468 1984 551 2023 quod
568 1983 731 2013 Gebellini
751 1983 896 2014 Civitatis
912 1984 1042 2014 Castelli

38 2040 144 2067 contra
158 2045 267 2075 pacem
285 2037 370 2066 inter
388 2046 440 2067 eos
456 2041 486 2066 et
505 2037 635 2067 Guelfos
658 2035 795 2066 civitatis
815 2038 959 2076 ejusdem
981 2038 1041 2076 pri-

37 2089 108 2123 dem
122 2113 129 2126 ,
151 2093 243 2129 prout
258 2090 422 2127 asseritur,
439 2091 645 2120 reformatam
665 2095 782 2120 temere
801 2091 979 2128 venientes,
996 2100 1042 2120 as-

36 2145 150 2176 sociata
167 2145 226 2175 sibi
243 2149 337 2183 gente
355 2149 419 2182 tua,
434 2154 557 2175 moram
573 2145 678 2175 Aretii
697 2146 916 2185 contrahente,
934 2151 1043 2177 contra

37 2197 194 2230 civitatem
205 2200 308 2238 ipsam
320 2203 349 2229 et
361 2199 428 2237 ejus
440 2199 624 2229 districtum
637 2199 795 2229 hostiliter
808 2204 1039 2239 processerunt,

37 2255 183 2291 quattuor
209 2257 312 2282 castra
337 2253 476 2282 civitatis
503 2252 647 2291 ejusdcm
673 2253 706 2282 in
733 2253 842 2283 eodem
868 2254 1042 2284 constituta

36 2303 182 2335 districtu
198 2314 254 2344 per
269 2305 453 2335 violentiam
469 2306 652 2344 occupando
665 2310 695 2336 et
710 2306 884 2337 nonnullos
898 2308 1042 2345 ipsorum

36 2362 207 2388 castrorum
219 2359 372 2397 capiendo
384 2359 530 2397 nequiter
541 2359 675 2396 incolas,
690 2360 799 2398 eisque
812 2360 892 2389 alias
903 2360 1043 2399 dampna

35 2411 144 2450 gravia
165 2416 195 2441 et
220 2416 341 2441 atroces
366 2411 503 2450 injurias
524 2412 728 2442 inferendo...
752 2412 910 2443 Volumus
933 2417 963 2443 et
986 2423 1042 2452 per

35 2463 203 2503 apostolica
230 2465 285 2494 tibi
310 2466 424 2504 scripta
453 2465 595 2495 districte
622 2466 826 2505 precipiendo
849 2467 1042 2497 mandamus

35 2517 197 2557 quatinus,
215 2526 270 2556 pro
286 2523 394 2548 nostra
412 2523 442 2548 et
459 2518 633 2557 apostolice
649 2519 732 2549 sedis
746 2521 935 2557 reverentia,
952 2520 1040 2550 solli-

37 2569 96 2601 cite
112 2570 238 2601 studeas
254 2580 423 2609 procurare
439 2572 523 2610 quod
535 2572 618 2602 dicta
630 2577 732 2602 castra
743 2573 862 2603 civitati
874 2575 1040 2604 restituan-

13 2631 18 2633 ·
36 2627 87 2654 tur
107 2623 229 2662 eidem,
248 2624 399 2663 predictis
420 2625 552 2663 captivis
574 2626 708 2664 pristine
729 2626 862 2656 redditis
885 2627 1040 2666 libertati,

37 2676 183 2716 quodque
197 2677 236 2707 de
251 2677 400 2716 dampnis
417 2682 446 2708 et
461 2678 588 2717 injuriis
604 2679 638 2708 in
657 2678 716 2709 hac
733 2684 820 2718 parte
837 2679 932 2710 illatis
947 2680 1042 2720 plena

37 2729 204 2760 satisfactio
222 2730 437 2769 impendatur,
456 2731 643 2761 nullatenus
661 2732 874 2770 permittendo
886 2734 970 2772 quod
987 2743 1042 2772 per

35 2787 164 2822 gentem
186 2783 358 2821 predictam
384 2783 434 2813 vel
455 2792 510 2822 per
534 2784 673 2814 favorem
695 2785 794 2824 ipsius
817 2791 925 2816 contra
947 2795 1040 2825 quos-

35 2843 170 2874 cumque
186 2836 318 2866 ecclesie
338 2837 477 2875 predicte
493 2837 604 2867 fideles
622 2838 742 2868 similia
759 2840 1039 2870 committantur...

34 2887 109 2920 Dat.
126 2888 240 2926 Rome,
256 2889 339 2928 apud
355 2890 505 2920 Sanctam
523 2890 659 2920 Mariam
679 2892 846 2931 Majorem,
860 2902 917 2923 xm
933 2893 1042 2923 kalen-

35 2940 91 2972 das
102 2941 254 2980 januarii.
275 2955 288 2969 10

76 3006 91 3022 «
106 2995 146 3025 In
168 3004 194 3025 e.
217 3005 259 3025 m.
283 2995 476 3032 Percivallo‚
502 2996 665 3036 capellano
687 3003 810 3036 nostro,
831 3000 988 3029 carissimi
1006 3000 1040 3030 in

0 3061 11 3496 ἔ

859 329 1072 360 REGISTRE
1095 320 1310 361 CAtinRAL.
2075 335 2132 364 979

1128 394 1257 425 Christo
1272 395 1331 425 filii
1346 396 1444 426 nostri
1459 396 1510 433 R„
1524 397 1609 435 regis
1625 397 1844 428 Romanorum
1859 398 2005 437 illustris,
2017 400 2048 430 in
2066 410 2135 439 par-

1129 448 1212 478 tibus
1228 449 1342 478 Tuscie
1360 449 1480 479 vicario
1498 449 1652 487 generali.
1670 450 1741 480 Dat.
1760 455 1795 480 ut
1811 460 1916 489 supra.
1934 464 1948 477 1)

1148 632 1402 662 &zon-'2210
1440 633 1802 670 sainte-Marie-Majeure‚
1821 637 1854 663 Qu
1870 637 2020 664 decembre
2039 638 2115 666 ¹288.

1163 694 1327 722 Extrinseci
1351 700 1378 722 et
1402 697 1552 723 intrinseci
1574 697 1704 725 Civitatis
1727 698 1841 726 Castelli
1857 708 1952 726 coram
1968 701 2036 727 sede
2050 709 2135 736 apos-

1128 743 1212 770 tolica
1229 744 1362 771 citantur.
1385 744 1453 777 (Fol.
1473 745 1505 772 35
1523 748 1570 778 r0.)

1168 846 1288 875 Dileclis
1308 846 1384 882 filiis
1404 847 1449 882 G.,
1476 849 1653 876 extrinsecis
1670 848 1807 878 Civitatis
1825 850 1953 879 Ctzszelli.
1973 851 2053 881 Cum
2071 852 2135 881 Ro-

1128 898 1248 935 bertus,
1266 903 1369 928 rector
1385 899 1509 928 Massae
1525 900 1707 937 Trabariae,
1722 901 1904 939 capellanus
1922 912 2029 942 papae,
2051 905 2135 934 inter

1128 961 1180 982 eos
1204 956 1233 981 et
1255 951 1448 982 intrinsecos
1464 952 1502 981 G.
1520 952 1665 983 Civitatis
1683 954 1810 984 Castelli
1832 959 1957 994 treugas
1973 958 2133 993 statuerit,

1128 1005 1174 1034 eis
1189 1005 1320 1034 mandat
1338 1009 1372 1034 ut
1386 1005 1426 1034 ad
1442 1005 1616 1035 firmandas
1634 1007 1761 1036 easdem
1781 1012 1905 1045 treugas
1922 1014 1952 1038 et
1968 1010 2006 1039 ad
2026 1019 2135 1048 pacem

1127 1058 1364 1088 reformandam
1389 1067 1445 1096 per
1470 1063 1708 1097 procuratorem
1734 1069 1841 1090 coram
1868 1062 1941 1091 sede
1966 1063 2136 1101 apostolica

1128 1115 1343 1149 compareant.

1169 1175 1182 1190 α
1198 1163 1422 1194 Intelleximus
1439 1165 1523 1202 qnod
1541 1165 1714 1195 dilectus...
1730 1183 1769 1187 -—
1786 1167 1856 1196 Dat.
1876 1171 2031 1206 utsupra.
2051 1181 2064 1195 »

1167 1217 1206 1246 In
1226 1226 1252 1246 e.
1271 1226 1315 1247 m.
1332 1217 1532 1247 Intriusecis.

1199 1396 1285 1425 ’221
1297 1398 1316 1425 1
1431 1397 1792 1433 Sainte—Marie-Majeure,
1812 1400 1842 1425 10
1855 1400 1968 1434 janvier
1988 1400 2062 1428 [³389.

1162 1459 1206 1486 De
1222 1460 1530 1487 excommunicationis
1541 1464 1568 1487 et
1580 1461 1724 1488 interdicti
1735 1463 1886 1489 sententiis
1898 1467 1996 1489 contra
2007 1463 2135 1490 Januen-

1127 1517 1176 1536 ses
1190 1508 1266 1535 latis.
1284 1508 1355 1541 (Fol.
1373 1509 1406 1535 35
1422 1515 1472 1539 νυ

1165 1612 1286 1640 Dileclt's
1303 1611 1379 1648 filiis
1399 1632 1420 1640 ..
1442 1613 1544 1648 priori
1557 1612 1785 1649 predicatorum
1803 1618 1828 1641 et
1846 1634 1866 1642 ..
1883 1614 2057 1651 picardiano
2076 1616 2134 1643 ms-

1126 1673 1239 1694 norum
1258 1666 1393 1701 fratrum
1415 1665 1561 1694 ordinum
1583 1666 1616 1694 cle
1634 1666 1749 1695 Janaa.
1772 1677 1785 1692 «
1806 1666 2029 1704 Exposuerunt
2045 1668 2136 1698 nobis

1127 1740 1148 1748 ..
1166 1721 1312 1757 potestas,
1330 1717 1526 1756 capitaneus,
1546 1718 1709 1754 ancxiani,
1728 1719 1898 1749 consilium
1917 1724 1947 1749 et
1965 1729 2136 1750 commune

1125 1779 1161 1800 ac
1184 1770 1321 1809 populus
1336 1771 1518 1800 Januenses
1535 1771 1635 1809 quod,
1659 1771 1733 1801 licet
1753 1772 1787 1801 in
1809 1773 1925 1811 majori
1945 1778 1975 1803 et
1995 1774 2068 1803 aliis
2083 1783 2135 1804 ec-

1126 1823 1245 1861 clesiis,
1263 1824 1468 1854 monasteriis
1485 1833 1520 1854 ac
1531 1824 1610 1854 locis
1626 1825 1850 1855 ecclesiasticis
1864 1826 2000 1856 civitatis
2014 1836 2049 1857 ac
2065 1828 2135 1857 dio-

1126 1878 1207 1907 cesis
1222 1878 1398 1907 Januensis
1418 1887 1435 1908 a
1453 1878 1583 1916 prelatis
1610 1882 1640 1908 et
1660 1880 1804 1918 personis
1826 1880 2042 1917 ecclesiarum,
2064 1890 2134 1911 mo-

1125 1931 1341 1960 nasteriorum
1368 1935 1398 1960 et
1425 1931 1565 1960 locorum
1591 1931 1807 1970 predictorum
1836 1942 1854 1962 a
1882 1942 1926 1962 vu
1957 1934 2051 1963 annis
2085 1935 2135 1964 uel

1125 1983 1252 2014 circiter
1265 1983 1497 2022 sollempniter,
1510 1983 1600 2014 nullo
1613 1984 1806 2014 reclamante
1819 1995 1872 2015 seu
1887 1987 2130 2019 contradicente,

1125 2038 1298 2067 missarum
1322 2037 1513 2076 sollempnia
1534 2041 1563 2067 et
1584 2037 1648 2067 alia
1667 2038 1777 2067 diviua
1795 2038 1899 2069 officia
1915 2040 2034 2069 suerint
2056 2041 2135 2070 cele-

1125 2091 1231 2127 brata,
1261 2094 1451 2128 suggerente
1478 2090 1572 2120 nobis
1599 2091 1800 2129 postmodum
1830 2093 2007 2122 venerabili
2037 2094 2133 2123 fratre

1125 2148 1233 2174 nostro
1261 2144 1306 2180 S.,
1333 2143 1512 2182 patriarcha
1536 2144 1754 2179 Anthioceno,
1784 2145 1835 2174 cui
1861 2154 1936 2174 cura
1961 2146 2136 2176 Jauuensis

1123 2197 1269 2233 ecclesie,
1287 2196 1422 2235 pastoris
1440 2196 1561 2235 proprii
1579 2196 1738 2234 regimine
1754 2197 1914 2234 destitute,
1933 2199 1967 2227 in
1984 2199 2134 2236 spiritua-

1124 2249 1208 2279 libus
1235 2254 1265 2279 et
1295 2249 1520 2288 temporalibus
1553 2258 1620 2279 esse
1646 2250 1762 2280 dicitur
1792 2250 1830 2280 ab
1859 2251 2028 2289 apostolica
2062 2252 2135 2281 sede

1124 2303 1306 2338 commissa,
1321 2302 1404 2340 quod
1421 2306 1570 2340 potestas,
1588 2302 1746 2341 capitanei
1765 2307 1794 2332 et
1809 2303 1958 2333 ancxiani
1978 2304 2090 2342 prefati
2107 2309 2136 2334 et

1124 2355 1299 2386 consiliarii
1313 2359 1343 2384 et
1354 2354 1410 2384 alii
1422 2354 1576 2384 officiales
1590 2355 1672 2384 dicte
1688 2354 1828 2385 civitatis
1847 2357 2033 2386 auctoritate
2051 2357 2134 2387 sedis

1123 2409 1223 2448 ipsius
1249 2408 1380 2447 majoris
1399 2411 1490 2437 erant
1517 2408 1856 2438 excommunicationis
1882 2408 2010 2439 vinculo
2038 2410 2134 2440 inno-

1124 2462 1189 2491 dati
1214 2466 1244 2491 et
1269 2461 1380 2491 civitas
1400 2460 1468 2499 ipsa
1490 2460 1703 2491 ecclesiastico
1723 2462 1883 2500 supposita
1903 2462 2086 2499 interdicto,
2106 2468 2136 2492 et

1123 2515 1208 2554 quod
1234 2513 1385 2544 nonnulli
1411 2513 1536 2550 clerici,
1567 2518 1630 2543 tam
1658 2514 1801 2552 religiosi
1831 2523 1929 2553 quam
1959 2515 2132 2545 seculares.

1124 2568 1262 2599 civitatis
1286 2567 1448 2606 ejusdem,
1471 2567 1660 2605 hujusmodi
1686 2572 1825 2606 tempore
1853 2568 2031 2605 interdicti,
2051 2569 2135 2607 juris

1124 2622 1229 2661 ignari
1253 2620 1302 2651 vel
1326 2620 1399 2650 facti
1426 2620 1648 2656 immemores,
1674 2620 1710 2649 in
1736 2621 1847 2657 eadem
1871 2621 1998 2650 civitate
2024 2621 2133 2650 divina

1124 2676 1226 2706 officia
1256 2674 1464 2708 celebrarant,
1500 2673 1668 2712 dictusque
1697 2673 1878 2712 patriarcha
1903 2674 1941 2703 ad
1973 2674 2133 2703 civitatem

1124 2729 1278 2768 prefatam
1294 2726 1480 2756 intendebat
1495 2726 1705 2764 personaliter
1721 2735 1753 2755 se
1769 2727 1916 2756 conferre
1929 2735 1964 2756 ac
1978 2727 2017 2756 ad
2033 2726 2132 2756 refor-

1124 2782 1276 2812 mandam
1292 2789 1398 2819 pacem
1416 2781 1499 2809 inter
1513 2780 1597 2808 cives
1612 2779 1714 2817 ipsius
1729 2779 1878 2816 civitatis,
1896 2788 1975 2818 quos
1993 2778 2132 2808 invicem

1124 2835 1306 2865 discordare
1324 2833 1457 2869 dicebat,
1474 2833 1678 2871 interponere
1691 2836 1794 2870 partes
1810 2841 1895 2868 suas,
1913 2840 1969 2861 nos
1987 2840 2043 2870 per
2061 2839 2132 2861 nos-

1126 2894 1188 2919 tras
1203 2889 1262 2918 sub
1281 2892 1365 2918 certa
1382 2887 1485 2916 forma
1506 2885 1628 2915 litteras
1645 2885 1985 2915 excommunicationis
2003 2888 2131 2914 senten-

1127 2943 1202 2973 tiam
1218 2946 1247 2972 et
1265 2940 1472 2971 interdictum
1488 2938 1676 2978 hujusmodi
1694 2947 1797 2977 usque
1811 2938 1850 2968 ad
1869 2943 1991 2968 certum
2010 2942 2133 2975 tempus

1125 2996 1310 3026 auctoritate
1330 2993 1502 3032 apostolica
1522 2992 1672 3022 duximus
1694 2990 1963 3030 suspendendam,
1987 2990 2133 3028 injuncto
