2393 3496
175 322 231 351 774
923 316 1156 348 REGISTRES
1179 316 1232 345 DE
1254 314 1437 345 NICOLAS
1460 315 1514 344 IV.

176 387 207 417 S.
227 387 386 417 Johnunis
406 386 566 426 Baptistae*
579 390 607 416 et
624 386 655 416 S.
674 385 827 423 Stephani
846 383 1070 413 festivitatibus
1084 386 1180 420 etper

175 443 244 469 octo
263 439 330 468 dies
349 444 528 477 sequentes.

220 505 232 518 ι
249 492 412 521 Gloriosus
434 491 517 519 Dens
540 491 611 519 in...
639 505 677 511 —
701 490 769 518 Dat.
791 488 873 527 apud
897 487 1177 520 Urbemveterem,

178 554 215 573 xv
232 544 384 573 kalendas
398 542 595 581 septembris,
612 549 696 570 anuo
711 545 833 579 quarto.
855 552 868 565 n
886 539 994 578 (Ibat.)

767 619 895 651 Urvieto,
913 618 929 644 9
944 619 1011 644 aom
1031 618 1108 644 1291.

217 685 251 713 ln
275 693 301 713 e.
327 693 386 718 m.,
409 690 464 720 pro
487 681 618 711 ecclesia
645 680 830 711 monasterii
858 681 972 709 Beatae
998 679 1117 709 Mariae
1140 679 1179 709 de

177 737 278 766 Pratis
295 744 388 773 snpra
405 734 561 769 Scaldam,
577 735 664 772 juxta
681 742 788 764 muros
804 733 1034 767 Tornacenses,
1049 732 1083 761 in
1098 740 1178 770 qua-

177 795 246 819 tuor
269 788 410 827 ejusdem
434 787 569 824 virginis
594 792 624 816 et
647 791 828 817 sanctorum
846 786 949 822 Petri,
967 785 1058 815 Pauli
1079 789 1109 815 et
1124 785 1179 815 Jo-

174 842 290 871 hannis
307 841 464 879 Baptistae
480 841 703 870 festivitatibus
718 845 748 870 et
765 849 819 878 per
834 844 902 870 octo
915 840 982 869 dies
998 843 1177 877 sequentes.

176 895 244 924 Dat.
263 894 347 933 apud
366 894 629 924 Urbemveterem
644 918 649 924 ,
668 903 686 922 ν
703 893 775 923 idus
793 893 935 931 augusti,
952 900 1037 922 anno
1054 895 1177 930 quarto.

172 947 274 986 (Ibid.)

243 1113 360 1141 5⁷42)
744 1112 871 1141 Orvieto,
893 1111 928 1136 μ’
942 1111 1010 1136 amit
1030 1109 1105 1136 1291.

209 1176 374 1207 Joliannes,
399 1176 486 1202 abbas
514 1176 677 1202 monasterii
702 1175 798 1201 Sancti
823 1174 970 1200 Michaelis
994 1175 1020 1200 in
1046 1173 1177 1200 Periculo

175 1227 271 1254 maris,
286 1225 473 1251 Abi-incensis
487 1224 639 1254 dioecesis,
652 1232 746 1250 coram
761 1223 829 1249 sede
844 1223 1000 1258 apostolica
1015 1223 1129 1256 citatur,
1142 1221 1177 1249 de

174 1275 343 1302 excessibus
359 1275 421 1301 suis
437 1282 639 1308 responsurus.
657 1273 741 1306 (Rau.
757 1273 800 1303 46,
818 1281 844 1300 c.
862 1272 934 1304 3812,
953 1273 970 1298 f.
989 1272 1021 1300 76
1038 1272 1083 1306 νο.)

217 1400 235 1406 ..
257 1378 408 1407 scolastico
424 1377 540 1405 ecclesie
554 1377 759 1405 Abrincensis.
783 1387 796 1401 «
818 1375 869 1404 Ad
884 1374 1083 1404 audientiam
1102 1383 1174 1405 nos-

175 1433 253 1458 tram
278 1429 420 1466 pervenit
441 1427 523 1465 qnod
545 1426 722 1460 Johannes,
739 1426 835 1456 abbas
858 1426 1043 1456 monasterii
1068 1426 1175 1457 Sancti

176 1481 342 1511 Michaelis
354 1480 388 1509 in
404 1480 548 1509 Periculo
566 1479 673 1514 maris,
685 1479 810 1509 ordinis
826 1479 857 1509 S.
870 1480 1047 1516 Benedicti,
1058 1480 1176 1510 Abrin-

174 1535 277 1564 censis
302 1533 451 1567 diocesis,
477 1542 533 1562 sue
556 1532 666 1562 salutis
691 1532 841 1571 prodigus
863 1537 959 1572 atque
980 1533 1081 1570 fame,
1109 1542 1174 1563 non

175 1587 274 1618 solnm
305 1595 367 1616 non
393 1591 482 1615 curat
508 1586 654 1624 prosequi
682 1594 743 1624 qne
768 1590 952 1624 competunt
975 1586 1176 1616 observantie

174 1640 325 1678 regulari,
346 1640 423 1678 quin
444 1639 547 1678 potius
568 1639 664 1668 vitam
687 1639 806 1669 ducens
828 1639 953 1677 penitus
975 1639 1174 1676 dissolutam,

174 1692 407 1723 incontinentie
430 1692 508 1721 vitio
524 1691 679 1729 laborare,
703 1693 931 1723 committendo
947 1702 1020 1723 cum
1041 1694 1177 1724 diversis

174 1746 365 1775 mulieribus
393 1745 618 1775 fornicationes
645 1750 673 1774 ct
699 1746 914 1781 adulterium,
945 1755 1007 1777 non
1034 1752 1174 1779 veretur.

174 1800 318 1838 bonaque
339 1799 412 1828 dicti
431 1798 618 1827 monasterii
643 1798 795 1837 dilapidat
817 1800 991 1829 enormiter
1011 1805 1040 1830 et
1057 1809 1175 1831 consu-

173 1853 250 1888 mit;
272 1852 355 1881 idem
371 1860 495 1890 quoqne
511 1852 617 1887 abbas,
633 1852 872 1882 confessionum
891 1853 926 1882 in
945 1853 1011 1883 foro
1030 1854 1176 1892 peniten-

172 1905 239 1935 tiali
257 1905 314 1935 sibi
335 1906 488 1935 factarum
514 1906 701 1935 temerarius
724 1906 879 1936 revelator
900 1908 1051 1943 existens,
1068 1917 1177 1947 symo-

173 1960 236 1994 nie,
259 1959 402 1997 perjurii,
426 1959 591 1988 homicidii
615 1964 644 1988 et
663 1959 736 1989 aliis
758 1964 804 1989 est
827 1960 962 1991 diversis
984 1961 1177 1991 criminibus

172 2012 326 2049 irretitus,
345 2012 423 2050 quin
442 2013 536 2042 etiam
554 2012 633 2042 alias
649 2013 990 2043 excommunicationis
1008 2014 1176 2044 sententiis

171 2065 354 2100 innodatus,
374 2065 483 2095 divina
501 2065 603 2095 officia
626 2066 786 2096 celebrare
804 2067 1016 2106 presumpsit3
1042 2072 1082 2105 et,
1103 2067 1177 2098 licet

171 2118 362 2148 venerabilis
378 2118 474 2148 frater
491 2124 597 2149 noster
616 2143 635 2150 ..
653 2120 818 2159 episcopus
834 2120 1046 2151 Abrincensis
1061 2121 1099 2150 ad
1115 2121 1177 2151 cla-

171 2180 292 2201 mosam
306 2172 558 2202 insinuationem
571 2176 679 2202 contra
689 2173 846 2211 prefatum
854 2174 1001 2204 abbatem
1011 2185 1105 2214 super
1117 2175 1175 2205 hu-

168 2225 308 2264 jusmodi
325 2226 392 2263 ejus
411 2226 593 2255 excessibus
608 2227 830 2264 precedentem
847 2236 942 2266 super
958 2228 1021 2258 hiis
1036 2229 1174 2259 auctori-

172 2283 233 2308 tate
246 2279 408 2308 ordinaria
422 2287 457 2308 cx
473 2280 575 2309 officio
585 2280 799 2310 descendisset
811 2280 890 2320 (sic),
905 2282 1031 2321 sibique
1042 2283 1080 2313 de
1094 2291 1176 2313 non-

172 2331 270 2362 nullis
280 2332 462 2362 eorumdem
474 2342 659 2363 excessuum
673 2338 823 2373 tanquam
836 2336 970 2366 notoriis
982 2336 1175 2367 constitisset

169 2382 382 2421 manilestins,
412 2386 451 2414 ad
477 2386 615 2416 debitam
639 2391 744 2417 tamen
774 2388 915 2426 ipsorum
947 2390 1173 2420 correctionem

169 2438 277 2468 omisit
291 2440 456 2477 procedere
471 2439 680 2477 negligenter.
696 2440 795 2470 Nobis
807 2441 903 2471 etiam
916 2446 962 2471 est
973 2451 990 2471 a
1003 2442 1175 2481 fidedignis

169 2490 302 2521 relatum
328 2491 433 2529 plures
461 2502 496 2521 ex
527 2493 673 2531 predictis
698 2494 744 2533 (1)
770 2495 949 2524 excessibus
976 2505 1044 2526 esse
1072 2505 1172 2527 veros.

169 2544 236 2574 Nos
254 2544 362 2582 igitur,
383 2544 527 2574 nolentes
543 2547 696 2584 premissa
716 2547 963 2578 conniventibus
983 2549 1083 2579 oculis
1099 2559 1173 2589 per-

168 2598 317 2633 transire,
337 2598 391 2628 sed
415 2608 509 2637 super
527 2599 588 2628 hiis
610 2609 645 2630 ex
662 2601 764 2631 officio
782 2601 915 2632 sollicite
930 2604 1099 2642 procedere
1120 2604 1173 2633 in—

168 2652 345 2684 tendentes.
364 2651 548 2682 discretioni
571 2658 622 2683 tue
642 2663 698 2692 per
717 2655 888 2693 apostolica
906 2657 1020 2695 scripta
1038 2658 1174 2687 manda-

167 2713 241 2734 mus
263 2709 421 2743 quatenus
441 2706 618 2743 predictum
642 2707 786 2737 abbatem
811 2718 846 2738 ex
868 2714 955 2748 parte
979 2715 1095 2748 nostra,
1118 2720 1174 2750 per

167 2762 194 2788 te
211 2757 262 2787 vel
278 2767 334 2797 per
351 2758 450 2788 alium
473 2768 527 2789 seu
548 2759 640 2797 alios,
658 2763 868 2799 peremptorie
891 2764 988 2793 citare
1010 2773 1172 2802 procures,

166 2816 200 2842 ut
222 2811 304 2842 infra
323 2811 459 2842 duorum
482 2813 642 2842 mensium
663 2814 800 2852 spatium
821 2820 889 2854 post
905 2817 1091 2847 citationem
1112 2817 1174 2848 hu-

162 2865 303 2904 jusmodi
327 2865 537 2904 personaliter
561 2871 741 2906 compareat
763 2876 867 2898 coram
893 2869 1003 2907 nobis,
1030 2871 1173 2910 inquisi-

195 2984 228 3013 (1)
243 2987 292 3009 Με.
311 2994 317 3008 5
333 2986 479 3016 expressis.

1263 380 1381 409 tionem
1402 388 1456 409 seu
1479 379 1748 409 examinationem
1764 379 1804 408 ad
1820 387 1900 418 quas
1919 387 2014 417 super
2031 379 2179 417 predictis
2194 388 2265 419 pro-

1261 432 1372 462 cedere
1387 431 1586 461 intendimus
1603 431 1779 468 subiturus,
1797 435 1827 461 et
1841 431 1925 471 quod
1944 431 1978 460 in
1995 431 2054 461 hac
2070 436 2156 470 parte
2175 441 2265 463 man-

1260 484 1443 514 daverimus
1459 483 1508 514 vel
1523 484 1726 514 statuendum
1743 484 1929 514 duxerimus
1943 483 2109 514 humiliter
2121 489 2264 524 receptu-

1261 547 1326 568 rus.
1345 537 1476 568 Duobus
1491 542 1598 567 autem
1617 537 1666 567 vel
1687 537 1786 567 tribus
1803 537 1971 568 monachis
1985 537 2062 567 dicti
2080 538 2267 568 monasterii

1262 585 1425 628 negotium
1442 590 1663 629 inquisitionis
1681 590 1866 630 hujusmodi
1886 591 2151 629 prosequentibus
2170 591 2267 622 facias

1260 643 1300 673 ab
1319 643 1429 673 eodem
1453 643 1564 673 abbate
1584 643 1797 674 sufficientem
1820 644 2000 674 cautionem
2028 644 2161 683 prestari
2181 644 2266 683 quod

1260 695 1350 734 ipsis,
1373 697 1499 734 negotio
1521 697 1662 735 predicto
1685 696 1831 734 durante,
1857 696 1981 727 nullam
2004 697 2170 734 offensam,
2195 706 2265 729 mo-

1261 748 1386 779 lestiam
1405 750 1522 779 inierat
1537 759 1592 780 seu
1607 758 1794 788 gravamen.
1811 750 2076 787 Contradictores,
2095 755 2153 781 etc.
2171 750 2274 782 Diem'

1261 811 1373 832 vero...
1390 803 1461 832 Dat.
1474 803 1558 842 apud
1573 803 1850 842 Urbemveterem‚
1863 802 2011 834 kalendis
2026 804 2164 842 augusti,
2180 813 2266 836 anno

1260 858 1382 894 quarto.
1405 868 1417 882 5)

1329 1033 1449 1063 5250

1294 1095 1439 1132 Episcopo
1461 1097 1598 1138 Raduano
1618 1098 1733 1125 mandat
1753 1101 1784 1124 ut
1803 1097 1983 1126 Leonardum
1999 1097 2107 1124 dictum
2125 1097 2268 1126 Faletrum

1259 1144 1294 1171 de
1310 1143 1458 1177 Venetiis,
1476 1146 1525 1180 qui
1541 1146 1666 1173 indebite
1681 1145 1866 1181 Clugiensem
1881 1146 2032 1173 ecclesiam
2051 1146 2265 1179 administrans,

1259 1201 1322 1220 eam
1333 1194 1457 1221 diversis
1472 1194 1663 1221 creditoribus
1678 1195 1816 1230 obligavit
1830 1198 1858 1222 et
1873 1195 2058 1230 postmodum
2068 1195 2168 1227 libros,
2181 1194 2269 1230 privi-

1259 1243 1348 1277 legia,
1365 1243 1571 1277 instrumenta,
1588 1244 1735 1277 utensilia,
1754 1251 1878 1278 pannos,
1896 1246 2063 1270 ornamenta
2082 1246 2111 1270 et
2125 1243 2179 1271 alia
2193 1243 2268 1271 bona

1259 1292 1283 1326 ej
1291 1291 1390 1318 usdcm
1406 1292 1546 1319 ecclesiae
1561 1293 1719 1327 asportavit
1734 1296 1762 1319 et
1777 1292 1899 1324 detinet,
1916 1292 1952 1319 ad
1967 1292 2140 1320 solutionem
2156 1291 2268 1320 debito-

1259 1348 1322 1366 rum
1340 1344 1368 1366 et
1385 1341 1595 1368 restitutionem
1613 1349 1707 1368 rerum
1724 1349 1796 1376 quas
1812 1340 1921 1368 detinet
1935 1341 2096 1376 compellat.
2114 1340 2198 1375 (Rau.
2215 1340 2265 1374 46,

1258 1397 1283 1415 c.
1302 1389 1363 1423 382,
1379 1390 1398 1415 f.
1417 1390 1449 1417 76
1465 1391 1512 1423 ru.)

1747 1034 1874 1068 Orvieto‚
1889 1035 1923 1062 ‘27
1938 1035 2101 1070 septembre
2117 1035 2196 1063 1291.

1305 1491 1473 1521 Venerabili
1488 1493 1581 1528 fratri
1597 1515 1617 1522 ..
1634 1493 1767 1529 episcopo
1783 1492 1940 1521 Paduano.
1958 1503 1972 1519 «
1990 1491 2192 1530 Significavit
2207 1500 2266 1523 no-

1260 1543 1309 1574 bis
1325 1544 1519 1574 venerabilis
1534 1544 1632 1574 frater
1647 1548 1753 1575 noster
1767 1567 1787 1574 ..
1803 1546 1968 1584 episcopus
1984 1544 2168 1584 Clugiensis
2182 1545 2268 1586 quod

1260 1596 1353 1634 olim,
1373 1597 1506 1628 ecclesia
1524 1597 1689 1636 Clugieusi
1710 1608 1764 1637 per
1784 1599 1906 1628 obitum
1929 1598 2012 1628 bone
2035 1599 2190 1629 memorie
2207 1598 2266 1635 M„

1260 1649 1443 1688 Clugiensis
1460 1651 1612 1690 episcopi,
1630 1655 1771 1689 vacante,
1793 1655 1823 1681 et
1838 1651 2002 1682 canonicis
2018 1651 2120 1690 ipsius
2135 1649 2268 1682 ecclesie

1260 1703 1295 1733 in
1317 1703 1443 1734 diversa
1464 1704 1685 1734 dividentibus
1705 1709 1775 1735 vota
1799 1714 1866 1740 sua,
1885 1705 1987 1743 aliqui
2005 1713 2116 1735 eorum
2137 1713 2269 1735 venera-

1261 1756 1357 1787 bilem
1380 1757 1508 1787 fratrem
1534 1762 1677 1787 nostrum
1700 1780 1720 1788 ..
1741 1758 1925 1796 episcopum
1949 1757 2190 1794 Sardiuensem,
2211 1757 2269 1788 atii

1261 1819 1334 1840 vero
1350 1810 1566 1841 venerabilem
1584 1811 1714 1841 fratrem
1731 1815 1877 1841 nostrum
1892 1810 2073 1849 Alironem,
2084 1811 2268 1850 episcopum

1260 1863 1484 1894 'l'orcellanutn
1497 1889 1504 1902 ,
1532 1869 1607 1894 tunc
1632 1864 1805 1903 plebanum
1836 1863 1938 1904 plebis
1968 1863 2078 1894 Sancti
2105 1864 2268 1895 «Iohannis

1260 1917 1450 1947 Grisostomi
1466 1917 1504 1947 de
1517 1917 1671 1954 Venetiis,
1686 1918 1852 1957 elegerunt
1868 1918 1901 1947 iu
1918 1918 2101 1957 episcopum
2112 1917 2267 1957 Clugien-

1261 1979 1339 2007 sem,
1358 1980 1394 2001 ac
1411 1971 1613 2010 postmodum
1633 1972 1744 2002 eodem
1769 1971 1959 2002 Sardineusi
1979 1973 2125 2010 episcopo
2144 1979 2268 2002 renun-

1261 2024 1357 2054 tiante
1379 2024 1587 2063 postulationi
1611 2025 1800 2064 hujusmodi
1821 2025 1861 2055 de
1878 2034 1911 2055 se
1928 2025 2021 2063 facte,
2044 2024 2193 2055 canonici
2211 2024 2268 2064 qui

1260 2087 1333 2108 eum
1349 2077 1597 2117 postulaverant,
1612 2079 1807 2117 irrequisitis
1822 2078 2012 2109 electoribus
2024 2077 2170 2108 Alironis
2186 2078 2267 2117 ejus-

1259 2131 1344 2169 dem,
1358 2131 1520 2170 quondam
1534 2131 1740 2169 Umber-tum,
1753 2131 1900 2162 abbatem
1914 2131 2101 2161 monasterii
2115 2130 2154 2161 de
2168 2131 2266 2162 Bron-

1259 2183 1344 2220 dulo,
1364 2183 1482 2222 eligere
1498 2193 1533 2214 ac
1548 2184 1708 2223 postulare
1723 2184 1755 2214 in
1771 2184 1976 2222 Clugiensem
1993 2184 2178 2224 episcopum
2194 2193 2266 2223 pre-

1259 2243 1483 2276 sumpserunt,
1510 2237 1659 2277 dictoque
1687 2238 1841 2268 Umberto
1869 2237 1954 2267 viam
1981 2238 2132 2268 universe
2159 2238 2266 2272 carnis

1259 2291 1414 2328 ingresso,
1434 2291 1482 2321 illi
1504 2291 1560 2330 qui
1577 2291 1771 2321 Umbertum
1790 2291 2030 2330 postulaverant
2047 2290 2267 2330 supradictum

1258 2344 1471 2383 multiplicare
1484 2345 1720 2375 inconveniens
1736 2354 1800 2375 non
1812 2350 1969 2382 verentes,
1982 2344 2186 2375 Leonardum
2201 2344 2267 2375 dic-

1259 2402 1325 2427 tum
1341 2398 1501 2428 Falotrum
1517 2399 1556 2428 de
1572 2398 1716 2429 Venetiis
1731 2399 1765 2428 in
1780 2398 1988 2437 Clugiensem
2005 2398 2188 2438 episcopum
2204 2397 2266 2429 ele-

1257 2456 1384 2490 gerunt,
1404 2461 1422 2481 a
1444 2462 1506 2492 qua
1525 2452 1691 2490 electione,
1713 2458 1744 2483 et
1766 2462 1806 2482 ne
1826 2452 2019 2483 venerabilis
2041 2451 2138 2482 frater
2159 2455 2266 2483 noster

1260 2529 1280 2536 ..
1301 2506 1479 2545 patriarcha
1500 2507 1688 2545 Gradensis,
1707 2506 1769 2537 loci
1789 2506 2065 2545 metropolitanus,
2088 2506 2128 2536 ad
2148 2505 2264 2537 confir-

1257 2559 1432 2589 mationem
1449 2560 1549 2599 ipsius
1562 2560 1755 2600 procederet,
1768 2560 1905 2590 dilectus
1917 2560 2005 2590 filius
2017 2559 2186 2590 Johanues
2198 2559 2265 2590 dic-

1259 2617 1307 2643 tus
1325 2613 1536 2650 Vandalinus,
1554 2615 1727 2645 canonicus
1744 2615 1845 2654 ipsius
1867 2614 1998 2645 ecclesie
2013 2612 2207 2652 Clugiensis,
2223 2612 2264 2643 ad

1257 2667 1362 2696 sedem
1386 2667 1591 2706 apostolicam
1614 2667 1796 2707 appellavit,
1820 2668 1940 2698 eisdem
1967 2658 2157 2707 patriarche,
2184 2666 2273 2697 Leo—-

1257 2721 1356 2750 nardo
1378 2725 1409 2750 et
1431 2720 1619 2751 electoribus
1646 2722 1713 2751 suis
1739 2721 1889 2761 predictis
1910 2720 2124 2760 appellatione
2147 2720 2263 2760 hujus-

1255 2773 1342 2804 modi
1361 2774 1518 2812 nuntiata,
1539 2784 1633 2814 super
1650 2784 1712 2814 qua
1728 2775 1831 2806 felicis
1853 2773 2084 2805 recordationis
2101 2773 2263 2804 Honorius

1256 2835 1345 2866 papa,
1362 2827 1565 2865 predecessor
1586 2833 1703 2864 noster,
1726 2828 1914 2867 requisitus,
1935 2827 2017 2858 bone
2039 2827 2196 2857 memorie
2210 2825 2259 2864 C.⁷

1256 2879 1337 2910 tituli
1349 2880 1538 2911 Sanctorum
1552 2881 1730 2912 Marcellini
1749 2886 1779 2912 et
1791 2881 1876 2912 Petri
1893 2880 2076 2920 presbytero
2091 2878 2269 2917 cardinali‚‘

1253 2933 1415 2964 commisit
1427 2934 1511 2973 quod
1526 2935 1565 2965 de
1580 2943 1675 2966 causa
1686 2935 1755 2974 ipsa
1770 2936 1972 2973 cognosceret
1988 2938 2018 2963 et
2033 2933 2160 2971 negotio
2169 2932 2260 2972 prin-

1254 2986 1366 3026 cipali;
1386 2987 1439 3017 sed
1458 2992 1659 3027 procuratore
1676 2989 1776 3028 ipsius
1795 2987 1951 3018 Leouardi
1969 2987 2107 3026 quodam
2126 2985 2261 3017 conficto
