2393 3496
915 289 1168 334 QUATRIEME
1190 289 1349 330 ANNEE.
2119 308 2177 338 807

87 361 202 391 ecclesie
223 361 257 389 de
276 361 418 390 Geldonia
438 364 607 399 superiori,
631 364 799 393 Leodiensis
818 365 956 401 diocesis,
984 373 1056 394 cum
1074 373 1092 393 a

89 416 228 452 tempore
239 421 303 451 quo
313 413 458 443 eamdem
469 413 635 444 ecclesiam
650 417 788 455 suscepit
800 426 935 455 paucum
948 418 1026 447 anni
1043 427 1091 447 su-

90 466 203 505 persit.
224 466 369 504 indulget
389 471 422 496 ut
445 476 546 506 usque
569 469 608 498 ad
629 470 744 499 festum
769 470 1021 501 Resurrectionis
1041 471 1094 501 do-

90 518 227 548 minicae
245 520 385 557 proxime
410 520 555 550 futurum
578 521 617 551 ad
641 531 745 552 sacros
767 522 895 552 ordines
914 524 1094 562 promoveri

89 572 196 611 possit.

131 636 145 651 <ι
163 623 311 654 Exhibita
328 625 419 655 nobis
446 630 534 656 tua...
557 643 595 650 —
618 627 689 657 Dat.
712 628 795 667 apud
817 629 1094 667 Urbemveterem,

89 676 196 707 vidus
214 678 414 716 septembris,
434 687 520 709 auno
538 671 662 718 quarto.
683 693 695 707 »

160 836 281 865 6⁰13
321 839 323 842 ’
669 838 797 871 Orvieto,
813 840 846 867 28
863 842 930 867 aont
949 842 1024 868 1291.

126 898 169 925 De
189 900 405 926 constructione
424 901 549 935 capellae
566 901 600 928 ab
624 902 746 928 ecclesia
769 903 803 929 de
828 902 983 937 Bocstede‚
1000 903 1097 930 Cices-

90 949 196 975 trensis
211 947 363 982 dioecesis,
381 949 580 984 dependentis.
600 950 681 983 (Rae.
702 951 745 981 46,
765 960 790 978 c.
809 952 869 982 489,
886 952 906 978 f.
923 953 956 979 96
972 955 1019 985 νῦ.)

130 1073 151 1081 ..
171 1051 392 1089 archiepiscopo
407 1051 625 1081 Cantuariensi
638 1053 769 1082 mandat
785 1057 830 1088 ut,
847 1054 873 1082 si
886 1053 1034 1092 expedire
1047 1053 1096 1082 vi-

89 1103 184 1140 derit,
200 1103 362 1141 Jobanni,
379 1105 493 1135 rectori
508 1105 659 1135 ecclesiae
676 1106 715 1136 de
731 1107 898 1142 Bocstede,
917 1106 1096 1136 Cicestreu—

89 1156 132 1186 sis
147 1156 308 1193 dioecesis,
328 1157 489 1187 licentiam
504 1159 657 1188 concedat
671 1160 878 1189 construendi
894 1160 1047 1198 capellam
1062 1161 1095 1189 in

88 1209 187 1239 fundo
202 1209 354 1240 ecclesiae
370 1211 407 1240 de
420 1211 585 1249 Bocstede,
602 1212 698 1242 villae
714 1213 752 1242 de
768 1212 965 1251 Gelderegge
979 1213 1094 1249 vicino,

60 1286 65 1287 γ
88 1271 170 1302 quae
180 1262 220 1292 ab
231 1263 341 1292 eadem
357 1264 489 1294 ecclesia
502 1265 638 1295 matrice
651 1265 838 1304 dependeat,
854 1270 883 1295 et
896 1266 1033 1295 habendi
1047 1275 1096 1295 ca-

87 1315 251 1355 pellanum
268 1318 431 1355 proprium
447 1318 482 1347 in
496 1319 619 1356 eadem,
640 1328 658 1348 a
674 1328 736 1358 quo
751 1319 901 1349 homines
918 1319 1097 1358 praedictae

88 1369 182 1399 villae
197 1371 307 1400 audire
325 1371 435 1401 divina
452 1377 482 1401 et
499 1378 699 1402 sacramenta
721 1373 861 1411 recipere
881 1373 1013 1410 possint.
1036 1372 1096 1402 Ea-

87 1423 161 1453 dem
176 1424 263 1453 enim
274 1424 360 1461 villa,
374 1425 459 1454 infra
473 1425 594 1455 limites
605 1426 791 1465 parrochiae
803 1426 842 1455 de
858 1426 1009 1456 Bocstede
1024 1426 1095 1462 sita,

89 1476 128 1506 ab
145 1477 276 1506 ecclesia
292 1478 331 1507 de
348 1478 500 1508 Bocstede
518 1483 641 1509 tautum
657 1479 753 1509 distat
768 1479 853 1518 quod
870 1479 1016 1509 homines
1028 1480 1097 1517 ejus

89 1529 130 1559 ad
144 1530 310 1560 ecclesiam
326 1530 364 1561 de
385 1531 624 1562 Withihamme
641 1533 745 1570 magis
762 1533 901 1562 vicinam
921 1541 953 1562 se
968 1532 1098 1561 transfe-

90 1587 175 1613 runt

133 1649 147 1664 α
177 1637 219 1667 Ex
249 1641 336 1676 parte
364 1637 510 1669 dilecti...
540 1655 580 1661 -
608 1640 679 1668 Dat.
707 1639 790 1678 apud
818 1639 1098 1676 Urbemveterem,

91 1701 111 1720 v
123 1690 277 1721 kalendas
291 1692 498 1731 septembris,
514 1701 599 1723 anuo
618 1697 741 1732 quarto.
760 1706 772 1718 υ

160 1851 278 1880 6014

124 1913 167 1939 De
182 1914 283 1940 abbate
300 1915 473 1941 monasterio
490 1913 587 1941 Sancti
604 1914 750 1941 Laurentii
766 1914 800 1940 de
815 1914 922 1947 Monte,
940 1914 1098 1941 Barchino-

89 1963 187 1988 nensis
201 1962 354 1994 dioecesis,
372 1963 573 1997 praeficiendo.
590 1962 673 1996 (Rae.
693 1962 735 1994 46,
754 1971 778 1989 c.
797 1963 858 1996 490,
876 1963 895 1990 s.
912 1962 945 1990 96
961 1964 1013 1995 vo.)

668 1852 800 1883 Orvieto‚
818 1851 851 1878 ‘25
867 1853 932 1878 aosit
949 1852 1025 1879 1291.

90 2077 93 2080 ·
129 2086 150 2092 ..
167 2065 270 2093 abbati
289 2065 469 2094 monasterii
490 2064 597 2095 Sancti
613 2065 807 2102 Cacnphatis,
826 2066 946 2094 ordinis
962 2065 993 2095 S.
1012 2065 1098 2094 Bene—

86 2117 171 2152 dicti,
190 2117 443 2146 Barchinorzensis
459 2118 593 2147 diocesis.
613 2117 752 2147 Vacante
776 2118 970 2148 monasterio
988 2117 1097 2147 Sancti

89 2170 251 2200 Laurentii
269 2171 306 2200 de
325 2171 445 2206 Monte,
462 2171 585 2201 ordinis
601 2171 633 2201 S.
654 2172 833 2207 Benedicti,
854 2171 1096 2201 Barchinonen-

88 2224 132 2254 sis
145 2224 308 2259 dioecesis,
326 2233 381 2262 per
396 2229 532 2254 mortem
551 2224 713 2262 quondam
733 2224 938 2264 Raymundi,
957 2233 1107 2254 convene

91 2282 139 2308 tus
158 2278 360 2307 Bel-nardum
378 2277 416 2307 de
436 2277 582 2307 Vallibus
606 2278 777 2314 Romanis,
804 2278 989 2307 monasterii
1013 2278 1096 2316 ejus-

89 2331 160 2361 dem
180 2331 334 2369 priorem,
352 2330 386 2359 in
403 2331 548 2360 abbatem
567 2340 621 2369 per
638 2330 722 2360 viam
742 2331 962 2369 compromissi
985 2330 1094 2368 elegit3

89 2384 144 2414 sed
159 2388 352 2421 conventus,
371 2393 445 2414 eum
468 2388 537 2422 post
560 2383 747 2422 huJusmodi
770 2384 957 2413 electionem
975 2384 1100 2414 noverit

54 2467 58 2470 ,
88 2438 196 2468 sedem
211 2437 415 2476 apostolicam
429 2437 628 2475 provisiones
642 2437 849 2466 ecclesiarum
866 2437 1095 2466 cathedralium

86 2496 118 2521 et
138 2491 403 2521 monasteriorum
426 2490 556 2520 illarum
580 2491 719 2529 partium
740 2490 800 2519 sibi
820 2499 1015 2526 reservasse,
1042 2499 1098 2528 per

87 2543 216 2573 fratrem
240 2544 371 2573 Petrum
396 2543 559 2580 Bouifilii,
582 2544 777 2580 monachum
804 2543 1007 2579 monasterii,
1027 2553 1098 2581 snp-

87 2596 216 2636 plicavit
233 2601 267 2626 ut
287 2606 365 2635 papa
389 2597 539 2626 eumdem
563 2598 698 2635 priorem
720 2597 752 2625 in
778 2597 923 2626 abbatem
945 2596 1096 2635 perficere

86 2650 284 2688 dignaretur.
297 2650 402 2686 Quare
410 2659 488 2688 papa
495 2650 601 2679 abbati
610 2650 797 2679 monasterii
807 2650 915 2679 Sancti
928 2649 1013 2679 Cucu
1020 2649 1096 2688 pha-

88 2704 128 2734 tis
142 2703 274 2733 mandat
293 2708 336 2739 nt,
354 2707 476 2733 cassata
491 2703 650 2741 praedicta
666 2703 830 2740 electione,
847 2702 994 2732 eumdem
1012 2702 1095 2740 prio-

88 2766 174 2793 rem,
192 2757 240 2786 vel
266 2757 388 2792 alium,
417 2756 443 2785 si
465 2756 580 2785 viderit
609 2756 775 2794 expedire,
801 2756 947 2785 abbatem
969 2763 1096 2784 monas-

89 2810 167 2840 terio
177 2810 283 2840 Sancti
296 2809 457 2838 Laurentii
466 2808 728 2847 praeficiateique
737 2818 855 2838 munus
863 2807 1096 2838 benedictionis

87 2854 230 2900 impendi
248 2862 353 2891 saciat.

129 2927 144 2942 α
162 2916 205 2944 Ex
221 2919 306 2954 parte
323 2914 552 2944 dilectorum...
569 2931 608 2935 —
626 2915 694 2943 Dat.
712 2913 796 2952 apud
814 2914 1094 2949 Urbemveterem,

90 2977 145 2997 vm
161 2967 316 2998 kalendas
332 2967 536 3006 septembris,
554 2975 640 2997 anno
655 2971 780 3006 quarto.
804 2978 816 2993 n

1244 364 1365 394 (3⁰15
1670 367 1802 400 Orvieto,
1819 370 1834 396 5
1849 371 2012 404 septembre
2028 372 2107 402 1291.

1210 426 1252 452 De
1272 428 1410 461 priorissa
1432 430 1606 456 monasterio
1625 429 1660 456 de
1679 430 1792 466 Ripolis
1812 432 2011 466 praeficienda.
2027 434 2110 467 (Rau.
2129 436 2177 471 46,

1173 482 1199 500 c.
1217 475 1278 509 491,
1295 476 1314 502 f.
1331 476 1364 504 96
1380 478 1432 511 v0.)

1218 598 1238 606 ..
1261 578 1362 615 priori
1380 580 1498 609 ordinis
1513 582 1650 616 fratrum
1663 582 1889 618 predicatorum
1905 584 2036 613 Romane
2056 586 2178 622 provin-

1177 630 1214 658 tie
1226 631 1356 660 mandat
1371 636 1414 667 ut,
1429 632 1587 670 adjunctis
1599 634 1659 663 sibi
1672 656 1692 663 ..
1710 634 1904 672 Florentino,
1919 659 1939 667 ..
1957 636 2093 666 Senensi
2109 646 2144 668 ac
2157 660 2177 668 ..

1178 682 1365 712 Pistoriensi
1383 684 1542 722 prioribus
1567 687 1689 716 ordinis
1713 688 1983 726 praedicatorum,
2005 690 2179 721 monialem

1179 737 1363 765 monasterii
1383 736 1420 766 de
1432 737 1567 775 Ripolis,
1581 739 1722 777 ejusdem
1738 741 1871 778 ordinis,
1884 742 2086 773 Florentinae
2100 743 2181 774 dioe-

1178 788 1274 823 cesis,
1297 789 1329 817 in
1355 789 1538 827 priorissam
1556 790 1685 828 eligant.
1706 792 1845 823 Vacante
1860 795 1947 824 enim
1970 797 2178 834 monasterio,

1161 871 1164 875 ,
1179 841 1346 878 moniales,
1368 843 1571 881 procedentes
1584 845 1673 882 juxta
1694 845 1897 884 privilegium
1919 848 1978 877 sibi
1994 857 2180 879 concessum

1178 894 1217 923 ad
1234 894 1422 925 electionem
1439 896 1624 934 priorissae,
1651 902 1720 927 vota
1739 908 1795 928 sua
1812 900 1845 928 in
1864 900 2005 931 diversas
2024 903 2180 933 moniales

1179 947 1367 977 diviserant.

1220 1013 1234 1027 «
1251 1001 1302 1030 Ad
1316 1002 1514 1032 audientiam
1531 1008 1710 1033 nostram...
1729 1021 1766 1026 —
1784 1005 1854 1035 Dat.
1872 1007 1954 1044 apud
1972 1007 2182 1039 Urbemvete·

1178 1063 1257 1090 rem,
1275 1055 1368 1084 nonis
1386 1056 1584 1094 septembris,
1603 1065 1688 1087 anno
1703 1063 1825 1096 quarto.
1845 1071 1859 1086 »

1250 1214 1369 1243 6018

1215 1274 1347 1302 Facultas
1355 1277 1506 1303 exercendi
1516 1286 1566 1312 per
1575 1280 1847 1314 procurationesjus
1856 1282 2037 1309 visitationis.
2048 1282 2128 1315 (Rea.
2139 1283 2183 1316 46,

1179 1332 1204 1350 c.
1223 1324 1282 1354 492,
1300 1325 1318 1350 f.
1335 1324 1368 1351 96
1385 1325 1434 1359 vo.)

1658 1216 1788 1251 Orvieto,
1807 1218 1837 1244 13
1855 1220 2016 1253 septembre
2034 1220 2113 1248 1291.

1219 1426 1368 1463 Stephano
1382 1428 1416 1456 sle
1433 1429 1564 1466 Mautay,
1582 1430 1796 1460 archidiacono
1813 1430 1997 1461 Clioelandie
2015 1434 2048 1462 in
2064 1434 2184 1463 ecclesia

1180 1480 1371 1515 Essa-acensi,
1383 1483 1601 1518 crzzoesifflzato,
1613 1482 1760 1520 indulget
1773 1487 1806 1512 ut
1819 1485 1922 1522 quoad
1933 1494 1951 1514 a
1962 1485 2059 1516 Terra
2071 1486 2184 1516 Sancta

1181 1533 1311 1563 redierit
1324 1534 1618 1564 archidiaconatum
1639 1545 1732 1565 suum
1755 1546 1809 1575 per
1825 1543 2039 1576 procuratores
2057 1539 2185 1570 visitare

1182 1586 1280 1625 possit
1295 1592 1325 1616 et
1342 1588 1577 1625 procurationes
1594 1588 1778 1627 hujusmodi
1799 1591 1990 1621 visitationis
2006 1593 2128 1623 ratione
2149 1594 2184 1623 in

1181 1640 1317 1679 pecunia
1333 1641 1472 1679 recipere
1488 1642 1598 1671 valeat.

1223 1705 1236 1720 (ι
1256 1693 1361 1731 Digne
1379 1693 1450 1723 illas
1465 1695 1690 1726 devotorum...
1712 1713 1750 1718 —
1773 1697 1844 1727 Dat.
1865 1698 1948 1736 apud
1975 1699 2183 1730 Urbemvete-

1181 1755 1260 1784 rem,
1278 1747 1384 1776 idibus
1400 1748 1600 1786 septembris,
1616 1757 1701 1778 anno
1717 1754 1841 1787 quarto.
1862 1762 1875 1777 ι,

1251 1905 1371 1934 (ἷθὶἴ

1216 1968 1400 2002 Dispensatio
1426 1977 1513 2003 super
1538 1969 1651 1995 defectu
1675 1971 1775 1996 aetatis
1800 1974 1828 1996 et
1852 1971 1993 1998 ordinum.
2021 1972 2105 2004 (Rae.
2133 1973 2179 2005 46,

1179 2025 1204 2044 e.
1223 2017 1283 2048 493,
1300 2017 1320 2043 f.
1336 2017 1369 2044 96
1387 2017 1442 2051 νο.)

1678 1907 1807 1939 Orvieto,
1826 1909 1840 1934 4
1856 1909 2017 1943 septembre
2034 1910 2111 1937 1291.

1226 2119 1392 2147 Venerabili
1409 2120 1506 2154 fratri
1531 2140 1551 2148 ..
1575 2121 1709 2157 episcopo
1730 2121 1877 2150 Perusino
1905 2122 2033 2151 mandat
2052 2127 2086 2151 ut
2108 2131 2181 2153 cum

1179 2171 1357 2208 Thebaldo,
1375 2177 1449 2201 nato
1467 2171 1582 2201 nobilis
1599 2172 1657 2201 viri
1676 2172 1777 2209 Pauli,
1798 2173 1910 2203 militis
1930 2174 2091 2212 Perusini,
2108 2175 2181 2206 doc-

1179 2228 1244 2253 tore
1264 2224 1481 2260 decretorum,
1498 2223 1662 2262 dispenset
1677 2234 1770 2262 snper
1785 2234 1822 2255 eo
1840 2226 1923 2264 quod
1942 2226 2047 2256 decem
2069 2232 2098 2257 et
2114 2233 2182 2259 octo

1178 2285 1280 2305 annos
1301 2280 1394 2305 natus
1410 2277 1488 2305 etin
1508 2276 1675 2306 lectoratus
1696 2271 1808 2307 ordine
1829 2279 2036 2316 constitutus,
2057 2280 2182 2319 plebem

1179 2329 1312 2359 Sanctae
1335 2329 1453 2359 Mariae
1471 2329 1509 2358 d'e
1533 2330 1673 2365 Palatio,
1695 2331 1868 2360 Perusinae
1886 2332 2053 2368 dioecesis,
2072 2342 2182 2364 curam

1178 2383 1361 2412 animarum
1386 2382 1576 2420 habentem,
1593 2383 1632 2412 ab
1656 2406 1675 2413 ..
1698 2384 1976 2424 archipresbytero
1999 2391 2027 2415 et
2045 2387 2182 2426 capitulo

1179 2435 1329 2465 ecclesiae
1351 2436 1524 2465 Perusinae
1546 2437 1663 2475 recepit
1680 2442 1710 2466 et
1728 2446 1782 2476 per
1798 2437 1964 2467 duodecim
1980 2448 2081 2469 annos
2100 2440 2180 2470 deti-

1181 2489 1250 2517 nuit
1267 2497 1324 2518 nec
1340 2498 1372 2517 se
1389 2489 1461 2518 [ecit
1475 2489 1514 2518 ad
1533 2489 1788 2528 presbyteratum
1807 2493 1995 2529 promoveri.

1221 2553 1234 2568 (ι
1258 2541 1397 2570 Dilectus
1413 2541 1500 2570 iilius
1516 2541 1738 2572 Thehaldns...
1756 2559 1796 2566 -
1812 2544 1882 2573 Dat.
1903 2545 1986 2582 apud
2003 2545 2180 2575 Urbemve-

1181 2598 1289 2630 terem,
1307 2604 1327 2623 11
1346 2602 1445 2624 nouas
1461 2594 1661 2633 septembris,
1679 2605 1763 2626 anno
1778 2601 1899 2635 quarto.
1920 2609 1933 2623 n

1249 2748 1394 2782 6018'

1214 2815 1397 2850 Dispensatio
1422 2823 1510 2850 super
1534 2815 1647 2843 defectu
1670 2817 1771 2844 aetatis
1797 2822 1824 2843 ot
1854 2818 1995 2845 ordinum.
2023 2818 2102 2850 (Rea.
2130 2818 2174 2845 46.

1178 2872 1204 2891 c.
1221 2864 1281 2899 494,
1299 2865 1316 2891 f.
1335 2864 1366 2890 97
1384 2866 1430 2897 ι’..)

1654 2753 1785 2786 Orvieto,
1804 2755 1834 2781 12
1852 2756 2013 2790 septembre
2032 2756 2106 2783 1291.

1218 2965 1364 3001 Adoardo,
1378 2966 1570 3003 subdiacono,
1586 2968 1696 2995 rectori
1709 2967 1824 2996 ecclesie
1840 2967 1873 2996 de
1889 2968 2036 3003 Fortiana,
2054 2967 2179 2998 Aretine
