2393 3496
238 316 312 346 1022

310 382 424 412 ἵ403

279 468 298 474 ..
316 447 480 483 priorissae
498 451 522 473 e!
542 446 700 474 caiitwilni
722 446 901 472 manassei-si
917 445 950 472 (Ie
966 444 1115 479 St'ctnnia,
1135 444 1245 473 Cister-

730 382 938 415 Saint-l'ici·rc‚
962 382 990 408 13
1007 382 1075 407 avril
1098 382 1173 407 1285.

235 500 344 528 ciensis
358 499 485 532 ordinis,
505 498 733 533 sii-engienensis
746 497 897 531 dioecesis,
913 495 1059 526 concedit
1077 502 1110 525 ut
1126 505 1245 534 posses-

236 551 340 580 siones
359 556 386 579 et
401 550 462 579 alia
478 550 559 579 bona
573 559 589 578 a
603 548 797 578 monialibus
810 549 882 586 jure
899 549 1108 578 successionis
1123 549 1171 578 vel
1183 548 1245 578 alio

235 604 419 642 recipienda
435 603 576 640 accipere
595 607 623 631 et
641 607 747 631 tenere
761 602 894 640 possint.

279 671 290 682 ι
319 657 507 685 Devotionis
529 661 631 685 vestre
655 655 838 694 precibus...
860 671 898 677 —
921 655 993 685 Dat.
1019 656 1137 691 Rome,
1160 655 1245 694 apud

234 709 387 739 Sanctum
406 709 554 744 Petrum,
573 708 679 738 idibus
689 708 812 747 aprilis,
825 717 911 739 auno
928 709 1042 747 primo.
1060 720 1073 735 ν)
1093 709 1243 746 (Porum,

234 762 358 800 22660.)

305 941 424 971 *24⁶4

275 1027 295 1035 ..
309 1006 409 1034 abbati
425 1009 450 1033 et
467 1005 627 1033 conventui
643 1005 822 1033 monasterii
838 1004 870 1032 cle
886 1004 1044 1041 Νευὺοιίε,
1062 1003 1241 1034 Cistercien-

230 1060 274 1088 sis
298 1060 433 1094 ordinis,
451 1058 554 1087 Sancti
570 1059 707 1087 Andreae
724 1059 878 1093 dioecesis,
897 1057 1078 1087 facultatem
1099 1058 1244 1087 concedit

232 1113 343 1143 utendi
380 1112 557 1152 privilegiis
589 1115 618 1141 et
649 1111 863 1149 indulgentiis
894 1111 1012 1149 quibus
1043 1111 1243 1148 ignorantiae

232 1174 327 1196 causa
344 1166 392 1195 usi
409 1170 503 1195 antea
519 1173 582 1194 non
599 1165 731 1194 suerint.

273 1231 286 1246 α
307 1219 386 1249 Cum
410 1219 492 1248 sicut
514 1227 590 1248 ex...
608 1234 647 1240 -
665 1218 736 1247 Dat.
762 1217 879 1253 Rome,
904 1217 988 1256 apud
1009 1217 1162 1247 Sanctum
1180 1217 1242 1247 Pe-

232 1276 329 1308 trum,
350 1272 456 1302 idibus
472 1271 595 1310 aprilis,
616 1280 702 1301 auno
718 1271 830 1310 primo.
851 1283 863 1297 n
881 1270 1032 1310 (Forma,
1047 1270 1171 1309 22662.)

730 940 940 974 Saint-Pierre,
959 940 990 967 13
1006 941 1075 967 avril
1095 941 1170 968 1288.

303 1450 421 1480 ’7405
727 1449 939 1483 Saint-Pierre,
955 1449 990 1477 20
1004 1450 1074 1476 avril
1090 1450 1168 1478 1288.

270 1515 394 1544 Fratres
413 1515 548 1544 minores
571 1515 756 1544 Turonenses
778 1513 817 1543 ab
839 1513 929 1543 omni
951 1513 1122 1552 episcopali
1142 1515 1239 1553 juris-

227 1568 370 1598 dictione
397 1567 518 1598 eximit.
549 1567 620 1597 Dat.
647 1576 689 1596 xn
713 1565 866 1596 kalendas
892 1566 989 1604 maii,
1011 1576 1097 1597 anno
1123 1569 1237 1607 primo.

227 1621 380 1661 (Poma,
398 1621 521 1660 22672.)

298 1802 414 1832 ¹24⁰ss
729 1799 932 1834 Saint-Pierre,
950 1800 983 1828 ‘22
998 1802 1069 1828 avril
1086 1801 1164 1830 1288.

264 1864 324 1894 Jus
350 1867 534 1903 patronatus
556 1863 595 1894 de
620 1863 786 1894 Smalham
809 1872 827 1894 a
852 1864 957 1894 David
981 1863 1103 1895 Olifard
1125 1865 1235 1896 datum

225 1917 394 1948 confirmat
407 1917 560 1956 (Porrn.,
577 1917 702 1956 22678.)

295 2097 408 2126 ΕΔΙθῖ
716 2097 927 2131 Sami—pierre,
944 2098 977 2126 25
993 2099 1064 2126 avril
1080 2099 1159 2127 1288.

262 2162 426 2196 Matthaeo,
445 2160 572 2190 Sanctae
590 2161 705 2190 Mariae
720 2162 754 2190 in
769 2161 894 2191 Portica
916 2162 1042 2191 diacono
1060 2163 1231 2201 cardinali,

221 2213 501 2252 archipresbytero
516 2212 666 2243 basilicae
679 2213 841 2252 Principis
851 2213 1067 2252 apostolorum
1080 2215 1118 2245 de
1131 2215 1229 2252 Urbe,

222 2268 447 2299 canonicatum
475 2271 505 2296 et
534 2266 749 2304 praebendam
774 2266 809 2296 in
834 2267 1054 2297 Lincolniensi
1081 2268 1229 2305 ecclesia,

222 2329 278 2359 per
293 2320 414 2349 obitum
433 2319 520 2349 Petri
536 2319 574 2348 de
590 2318 717 2349 Sabello
731 2321 888 2357 vacantia,
905 2321 1178 2360 conferteumque
1193 2322 1232 2352 de

222 2373 288 2403 illis
303 2373 361 2412 'per
377 2381 472 2402 suum
489 2371 649 2402 annulum
669 2373 922 2410 praesentialiter
938 2374 1075 2404 investit.

263 2438 277 2452 «ι
298 2427 384 2456 luter
400 2425 535 2464 prelatos
552 2425 721 2456 ecclesie...
743 2443 782 2448 —
798 2426 871 2456 Dat.
892 2427 1010 2463 Rome,
1027 2428 1109 2466 apud
1131 2428 1230 2458 Sauc-

220 2484 289 2510 tum
306 2480 450 2515 Petrum,
468 2488 511 2508 vn
527 2478 682 2509 kalendas
697 2479 789 2517 maii,
805 2488 892 2511 anno
907 2481 1022 2520 primo.
1045 2493 1058 2508 n
1075 2482 1228 2521 (Por'rn.,

220 2532 344 2572 22679.)

291 2712 410 2741 Ὶ408

259 2776 451 2812 Mamaeum,
473 2776 600 2805 Sanctae
622 2777 737 2806 Mariae
752 2778 785 2806 in
801 2778 925 2807 Portica
941 2779 1105 2809 diaconum
1125 2781 1227 2810 cardi—

221 2830 334 2868 nalem,
352 2834 558 2868 protectorem
575 2829 697 2860 ordinis
714 2831 878 2861 minorum
893 2832 1073 2862 coufirmat.

261 2894 275 2909 «
307 2882 423 2912 Felicis
453 2883 685 2913 recordationis
714 2883 903 2915 Nicolaus...
934 2902 973 2907 ——-
1002 2886 1073 2916 Dat.
1104 2887 1225 2925 Rome,

218 2936 302 2975 apud
331 2936 485 2966 Sanctum
515 2936 670 2974 Petrum,
702 2939 797 2968 nonis
827 2938 923 2976 maii,
953 2948 1039 2970 anno
1067 2940 1180 2979 primo.
1211 2953 1226 2968 »

219 2989 364 3026 (Pori-u„
385 2989 510 3029 22703.)

747 2713 958 2750 Saint-Pierre,
976 2716 990 2742 7
1007 2716 1061 2742 mai
1078 2716 1156 2744 1288.

990 314 1224 345 REGISTRES
1248 315 1301 344 DE
1323 315 1507 345 NICOLAS
1532 316 1586 346 tv.

1401 382 1517 410 '2⁴0⁰

1370 445 1470 472 Eidem
1489 454 1610 480 curam,
1628 445 1772 483 regimen
1791 448 2057 484 etprotectionem
2070 448 2190 477 ordinis
2202 449 2330 482 Sanctae

1328 495 1440 526 Clarae
1457 498 1587 526 confert.

1371 561 1382 575 ιι
1404 549 1488 578 Licet
1509 559 1544 579 ex
1569 551 1751 589 injuncto...
1777 568 1815 573 —-
1840 553 1910 582 Dat.
1936 553 2056 590 Rome,
2077 554 2160 591 apud
2183 555 2330 587 Sanctum

1329 603 1472 639 Petrum,
1492 604 1585 633 nonis
1599 605 1688 641 maii,
1707 614 1792 635 anno
1808 606 1923 644 primo.
1945 618 1957 632 n
1973 605 2124 644 (Pomm,
2142 606 2262 646 22704.)

1859 382 2065 416 Saint—Pierre,
2084 385 2098 411 7
2115 385 2168 411 mai
2188 385 2263 415 1288.

1398 774 1519 804 24¹⁰

1369 862 1389 868 ..
1403 840 1569 868 abbatissae
1585 846 1610 869 et
1626 842 1784 870 conventui
1803 842 1982 870 monasterii
1994 841 2122 870 Sanctae
2137 841 2243 870 Clarae
2254 842 2329 873 Assi-

1326 894 1437 921 sinatz's
1463 892 1609 931 indulget
1631 897 1679 930 ut,
1702 898 1855 932 tauquam
1878 894 1904 923 si
1927 894 1960 923 in
1984 893 2110 924 saeculo
2129 894 2207 929 sint,
2223 895 2329 927 omnia

1961 776 2047 808 Ricti,
2065 777 2098 804 26
2114 778 2169 804 mai
2184 777 2260 805 1288.

1327 946 1409 975 bona
1426 947 1521 975 etiam
1538 946 1675 982 stabilia,
1692 946 1874 977 feudalibus
1891 947 2039 985 exceptis,
2058 946 2198 986 recipere
2213 951 2244 979 et
2258 948 2330 979 reti·
2385 951 2387 972 ἒ

1326 1009 1402 1029 nere
1417 1001 1547 1038 possint.

1369 1065 1381 1079 «
1404 1053 1593 1083 Devotionis
1613 1058 1715 1083 vestre
1731 1054 1913 1092 precibus...
1933 1070 1971 1075 —
1991 1054 2062 1084 Dat.
2081 1054 2195 1091 Reate,
2213 1064 2256 1085 vn
2274 1054 2329 1086 ka-

1324 1106 1436 1136 lendas
1450 1107 1547 1144 junii.
1566 1115 1652 1136 anno
1667 1108 1778 1145 primo.
1800 1120 1813 1134 ι)
1830 1107 1981 1146 (Porri-1„
1997 1107 2120 1146 22720.)

1397 1286 1479 1314 ’ἵ41
1491 1288 1510 1315 1
1958 1287 2045 1319 Rieti,
2062 1286 2094 1313 27
2111 1287 2167 1314 mai
2183 1286 2259 1315 1288.

1368 1371 1387 1378 ..
1406 1351 1554 1386 mayistro
1567 1354 1592 1378 ct
1605 1350 1757 1386 fratribus
1770 1350 1930 1387 hospitalis
1940 1349 2068 1379 Sanctae
2080 1351 2193 1380 Mariae
2208 1350 2334 1380 Thema--

1323 1405 1466 1433 nieorum
1478 1404 1719 1433 Jerosolimitant
1734 1402 1907 1441 libertates,
1919 1403 2141 1434 immunitates
2157 1407 2188 1433 et
2202 1411 2326 1443 exemp-

1324 1456 1426 1487 tiones
1441 1456 1621 1487 confirmat.

1365 1522 1379 1537 α
1397 1510 1481 1540 Solet
1497 1519 1640 1540 annuere
1658 1510 1786 1541 sedes...
1802 1527 1842 1533 —
1855 1510 1927 1541 Dat.
1946 1510 2056 1548 Reate,
2073 1519 2104 1540 vx
2116 1509 2326 1550 kalendasju-

1323 1563 1382 1599 nii,
1398 1571 1485 1593 anno
1500 1564 1614 1602 primo.
1633 1575 1647 1590 1>
1663 1563 1815 1602 (Pori-fl„
1835 1563 1959 1603 22721.)
2267 1556 2284 1562 ’”

1393 1742 1509 1770 *24¹2
1954 1742 2042 1773 Rieti,
2058 1741 2090 1770 31
2107 1742 2163 1769 moi
2180 1741 2258 1770 1288.
2287 1755 2291 1757 *

1361 1827 1381 1835 ..
1395 1806 1494 1834 abbati
1506 1810 1532 1834 et
1545 1806 1706 1834 conventui
1719 1806 1899 1834 monasterii
1914 1806 1950 1834 de
1962 1805 2113 1840 Νειιὺοιίε,
2127 1803 2325 1836 cisterciensis

1319 1858 1450 1893 ordinis,
1462 1857 1568 1887 Sancti
1579 1858 1717 1888 Andreae
1729 1858 1878 1894 dioecesis,
1888 1858 1942 1897 jus
1953 1862 2138 1897 patronatus
2148 1857 2183 1887 in
2197 1856 2324 1888 ecclesia

1317 1910 1357 1940 de
1382 1910 1544 1950 Heryeth,
1571 1911 1617 1941 eis
1644 1910 1685 1942 ab
1709 1910 1809 1941 Elena
1841 1910 1925 1941 dicta
1950 1911 1995 1941 La
2020 1910 2128 1941 Zuche
2156 1909 2322 1950 collatum,

1316 1963 1496 1994 confirmat.

1358 2028 1373 2045 «
1387 2016 1469 2047 Cum
1485 2026 1504 2047 a
1520 2017 1649 2049 nohis...
1662 2033 1703 2040 —
1718 2018 1788 2048 Dat.
1803 2018 1913 2055 Reate,
1927 2027 1948 2048 ιι
1961 2016 2116 2048 kalendas
2129 2017 2229 2057 junii,
2239 2025 2323 2060 anno

1316 2070 1432 2109 primo.
1456 2082 1469 2097 n
1486 2071 1637 2109 (ΡοΤΤΗ.,
1655 2070 1780 2110 22727.)

1387 2251 1497 2279 '2413

1354 2314 1592 2344 Conventiones
1609 2319 1638 2344 et
1650 2314 1862 2352 obligationes
1874 2314 1959 2344 inter
1972 2313 2135 2352 Carolum,
2152 2323 2260 2353 regem
2270 2313 2319 2345 Si-

1313 2365 1424 2402 ciliae,
1448 2373 1478 2396 et
1501 2367 1692 2403 Allonsum,
1717 2372 1828 2398 natum
1852 2368 2014 2407 qnondam
2037 2368 2124 2398 Petri
2145 2367 2221 2399 olim
2239 2367 2340 2406 regin.

1312 2422 1512 2458 Aragouum,
1532 2420 1630 2450 initas
1649 2421 1807 2451 invalidas
1825 2430 1893 2452 esse
1911 2421 2060 2451 declarat.

1355 2486 1368 2500 α
1411 2474 1558 2503 Dis-solve
1596 2474 1818 2512 colligationes
1857 2475 2068 2514 impietatis...

1312 2527 1425 2566 22728)
1441 2528 1496 2566 (l).

2111 2487 2125 2501 »
2166 2475 2297 2513 (Pori-n.
2304 2496 2314 2512 ‚

1382 2701 1501 2729 ‘24¹4

1351 2764 1493 2799 Gerarcto,
1520 2766 1652 2803 episcopo
1673 2766 1847 2801 sabinensi,
1874 2766 2055 2804 apostolicae
2074 2766 2152 2796 sedis
2175 2766 2267 2804 teqato
2287 2767 2314 2811 eq

1310 2826 1373 2846 una
1391 2826 1460 2847 cum
1479 2819 1525 2854 R„
1543 2820 1650 2847 comite
1667 2819 1872 2855 ambatiensi,
1891 2818 1994 2856 bajulo
2014 2821 2104 2857 reyni
2122 2818 2245 2849 Siciliae
2260 2825 2311 2857 per

1309 2880 1472 2901 romanam
1492 2873 1643 2901 ecclesiam
1668 2874 1842 2902 constituto.
1867 2872 2016 2903 Declarat
2037 2881 2110 2903 eum
2134 2880 2198 2903 non
2219 2880 2256 2902 ex
2276 2876 2311 2901 oo

1949 2702 2035 2736 Rieti,
2054 2702 2070 2730 5
2083 2703 2148 2737 juin
2168 2699 2245 2728 1288.

1339 3004 1372 3034 (1)
1390 3003 1430 3028 Cr.
1448 3004 1597 3034 ci-dessus,
1614 3010 1642 3029 n·
1658 3006 1710 3029 560,

2375 2874 2379 2959 ξ
