2393 3496
195 320 251 348 864
942 308 1175 339 REtle'l'RES
1199 307 1251 336 DE
1274 305 1457 334 NICOLAS
1481 305 1534 334 tv.

196 387 301 412 learum
327 393 398 419 quas
425 386 482 409 ses.
499 391 507 405 ³
530 380 683 413 :·1=ostolica
710 379 735 403 in
761 377 864 403 Τιίϊιιο
887 376 1009 401 Sanctae
1033 374 1196 400 subsidium

196 434 370 461 transmisit,
388 431 514 457 camdem
541 433 720 463 pcccatorum
743 424 948 457 indulgentiam
972 422 1103 449 concedit
1124 430 1196 456 quac

195 482 402 515 crucesignatis
432 481 458 506 in
489 477 612 512 gvncruli
641 475 761 502 concilio
791 481 929 499 concessa
956 476 1010 498 est.
1036 471 1120 504 (Rea.
1147 470 1195 500 ⁴6,

194 541 218 558 c.
238 532 299 562 679,
317 531 334 557 f.
357 530 402 556 1:³6
419 530 466 559 μ’.)

240 633 327 661 i'stali
347 629 522 659 Torzevalli.
537 627 691 663 capitaneo
706 625 865 661 quiem-um
878 623 1159 652 Anconitanarum.

235 697 246 710 ι
272 681 441 713 Con-<nevit
463 678 633 718 apostolica
661 677 789 706 sedes...
815 692 854 698 —
880 676 949 704 Dat.
974 674 1090 708 Rome,
1111 672 1194 712 apud

193 739 339 768 Sanctam
355 734 489 764 Mariam
507 732 672 771 Majorem,
691 740 739 760 xvi
754 729 906 759 kalendas
926 727 1089 763 februarii,
1109 734 1194 756 anno

193 794 313 830 quarto.
336 801 350 812 w

260 986 376 1015 6433
520 982 874 1016 Saintc-Maric-Majcurc,
890 982 905 1008 9
917 981 1030 1015 janvicr
1048 978 1122 1006 1-29‘2.

224 1048 407 1084 Dispensatio
424 1056 510 1082 super
527 1046 686 1081 pluralitate
703 1044 918 1071 beneficiorum.
937 1043 1018 1075 (Rae.
1034 1042 1075 1073 46,
1090 1049 1116 1068 c.
1132 1040 1192 1068 080.

189 1098 207 1124 l.
229 1097 275 1124 136
291 1104 331 1128 r⁰;
354 1096 468 1127 Purra..
486 1094 594 1124 2388&

230 1199 347 1234 Camlo,
360 1198 539 1235 presbytero,
552 1196 702 1234 preposito
719 1195 834 1223 ecclesie
851 1193 885 1221 ‹le
901 1191 1089 1228 Lanqlanda,
1110 1189 1194 1218 Otho-

190 1253 303 1282 niensis
331 1252 462 1280 diocesis.
497 1250 577 1279 Cum
609 1257 662 1285 eo,
689 1246 943 1277 consideratione
972 1243 1190 1277 Waldemari,

187 1305 278 1335 ducis
291 1304 413 1339 duciae,
429 1303 592 1340 dispensat
608 1306 642 1331 ut
657 1300 908 1340 praeposituram
923 1298 961 1328 de
978 1296 1191 1334 Langlandia,

187 1357 351 1388 ecclesiam
364 1356 470 1385 Sancti
486 1355 617 1385 Martini
634 1354 668 1383 in
684 1354 801 1391 Eking,
816 1352 983 1383 ecclesiam
1000 1351 1191 1381 Sanctorum

188 1411 340 1450 Symouis
363 1414 392 1438 et
409 1409 511 1439 Judae
536 1409 569 1437 in
591 1406 766 1443 Scerebel‹‚
790 1405 941 1445 Ripensis
965 1404 1137 1441 dioecesis,
1163 1408 1194 1433 et

188 1464 409 1494 canonicatum
426 1467 456 1491 et
472 1461 685 1500 praebendam
703 1461 737 1489 in
755 1459 934 1490 Slevicensi
950 1458 1093 1493 ecclesia,
1111 1466 1192 1496 quae

188 1519 255 1548 sine
268 1515 505 1554 dispensatione
517 1513 652 1544 insimul
667 1514 814 1547 detinuit,
826 1512 912 1542 licite
927 1513 1064 1541 retinere
1076 1510 1189 1540 valeat⁴

229 1584 242 1597 ι(
263 1571 355 1600 Lecta
373 1577 479 1599 coram
499 1568 630 1598 nobis...
651 1584 688 1589 —
709 1567 778 1597 Dat.
798 1567 918 1603 Rome,
941 1565 1024 1604 apud
1041 1564 1191 1594 Sanctam

187 1624 321 1654 Mariam
337 1623 502 1661 Maiorem,
521 1631 539 1651 v
558 1621 630 1651 idus
646 1621 800 1660 januarii,
818 1628 904 1650 anno
920 1623 1042 1658 quarto.
1064 1631 1077 1645 »

239 1823 490 1852 6434-6435
528 1820 890 1855 Salute-Marie-Majeure,
903 1820 918 1847 9
931 1820 1043 1855 janvier
1062 1819 1137 1847 1292.

221 1885 338 1912 Collatio
354 1884 495 1912 beneficii.
516 1884 598 1917 (ΒΕΓ).
615 1883 658 1915 ⁴6,
678 1892 704 1910 c.
721 1883 783 1914 681,
800 1883 819 1910 f.
840 1883 887 1910 136
905 1883 954 1916 ιθ.)

225 1988 387 2026 Stephano,
403 1992 474 2016 nato
485 1987 586 2016 dilecti
600 1986 662 2024 filit
674 1986 784 2015 nobilis
798 1987 860 2015 viri
875 1985 1025 2014 Joliannts
1042 1985 1191 2023 Capoccie,

186 2042 305 2070 domini
322 2041 534 2078 Montissloris,
558 2041 704 2070 canonico
721 2040 837 2069 ecclesie
860 2039 1039 2076 Baryensis,
1059 2037 1194 2068 canoni-

186 2098 290 2124 catum
319 2095 352 2123 in
378 2093 510 2124 ecclesia
539 2093 698 2131 Burgensi
723 2101 797 2123 cum
828 2091 1030 2131 plenitudine
1053 2091 1135 2130 juris
1164 2096 1194 2121 et

186 2147 398 2186 praebendam
414 2147 547 2177 confert.

229 2213 243 2227 «
260 2200 467 2230 intendentes
487 2200 543 2229 tibi
561 2200 655 2239 qui...
675 2216 712 2222 -
732 2200 802 2229 Dat.
822 2203 978 2237 utsupra.
998 2210 1012 2225 »

228 2254 265 2283 In
291 2263 317 2284 e.
342 2263 385 2283 m.
415 2276 433 2283 ..
460 2253 605 2293 episcopo
627 2253 809 2290 Tiburtino,
834 2276 854 2282 ..
880 2251 987 2281 abbati
1009 2250 1195 2281 monasterii

189 2307 297 2338 Sancti
316 2308 416 2338 Sabae
434 2307 472 2337 de
495 2307 580 2337 Urbe
601 2311 631 2337 et
654 2329 674 2336 ..
696 2306 820 2337 cantori
836 2305 988 2336 ecclesiae
1006 2304 1195 2335 Palentinae

188 2361 319 2391 mandat
332 2365 367 2396 ut
383 2360 581 2400 Stephanum
599 2359 797 2399 praedictum
814 2359 848 2388 in
865 2358 1059 2398 corporalem
1078 2366 1195 2397 posses-

188 2414 311 2444 sionem
330 2414 536 2444 canonicatus
553 2414 729 2452 Burgensis
744 2413 900 2443 inducant
915 2417 945 2442 et
961 2412 1150 2451 provideant
1167 2412 1196 2442 ei

188 2467 228 2497 de
243 2467 433 2506 praebenda.

229 2533 244 2548 «
265 2520 470 2551 Intendentes
485 2520 600 2551 dilecto
617 2520 722 2551 filio...
740 2537 778 2543 —
794 2520 866 2550 Dat.
884 2524 919 2550 ut
934 2528 1040 2559 supra.
1061 2531 1074 2547 n

260 2714 376 2743 8436

224 2778 352 2805 Licentia
367 2776 500 2803 testandi.
515 2775 598 2809 (Rau.
615 2776 658 2807 46,
675 2784 701 2802 e.
719 2775 792 2809 681²,
804 2775 823 2801 s.
838 2774 887 2802 136
900 2781 944 2807 v⁰;
959 2773 1075 2808 Pet-ru„
1087 2769 1198 2801 ζ23885.)

512 2711 872 2746 Sainte-Marie-Majeure,
890 2711 1031 2746 5janvie1·
1048 2711 1125 2738 1292.

230 2881 354 2917 Gentili,
372 2879 594 2917 archiepiscopo
611 2878 733 2916 Reqmo.

233 2946 246 2960 (ι
271 2933 354 2970 Quia
372 2932 527 2972 presentis
546 2931 646 2961 vite...
663 2946 703 2953 —-
720 2931 792 2960 Dat.
812 2930 928 2967 Rome,
947 2929 1030 2969 apud
1048 2928 1198 2960 Sanctam

191 2987 327 3018 Mariam
346 2986 510 3025 Mnjorem,
530 2984 625 3015 nonis
638 2983 793 3023 januarii,
811 2992 896 3014 anno
911 2986 1034 3022 quarto.
1053 2993 1068 3010 ι

1331 370 1581 398 6⁴37-6442
1619 364 2228 400 Satnte-Mario-tstajeure,15Janvie1·l‘39·2.

1316 432 1553 466 Dispensationcs
1570 429 1753 456 matrimonii.
1770 429 1853 461 (Rue.
1871 428 1915 461 46,
1931 436 1957 454 c.
1974 426 2036 460 682,
2053 426 2072 452 f.
2092 426 2140 453 136
2157 428 2208 459 νο.)

1317 535 1433 569 Iacobo,
1464 534 1570 563 Sancte
1600 533 1696 562 Mai-ie
1726 534 1757 561 in
1795 531 1846 560 Via
1876 531 1937 559 lata
1963 530 2089 558 diacono
2116 528 2281 567 cardinali,

1278 588 1447 617 committit
1471 591 1505 615 nt
1524 594 1596 615 cum
1622 584 1722 615 nobili
1743 583 1812 612 viro
1831 582 1982 618 Pellutio,
2001 586 2074 611 nato
2091 580 2206 610 nobilis
2221 581 2280 612 viri

1278 639 1477 669 'sanci-edelli
1495 638 1628 677 Capelli,
1643 643 1672 667 et
1687 636 1885 672 Constantia,
1902 639 1977 665 nata
1992 633 2110 664 nobilis
2126 634 2186 664 viri
2202 634 2281 666 The-

1277 692 1362 723 baldi
1385 692 1423 722 de
1444 692 1633 727 'rultanova,
1658 690 1821 728 dispenset
1842 692 1887 726 ut,
1914 696 1978 718 non
2001 688 2146 718 obstante
2171 691 2282 726 quarto

1276 745 1566 783 consanguinitatis
1582 744 1681 783 gradu
1702 751 1764 782 quo
1779 742 1942 781 conjuncti
1959 746 2053 777 sunt,
2073 740 2112 770 ad
2128 740 2281 772 sedandas

1277 799 1451 829 discordias
1468 799 1551 827 inter
1563 797 1820 834 consanguineos
1836 796 2018 830 existentes,
2038 794 2280 825 matrimonium

1277 852 1468 882 contrahere
1487 850 1626 880 valeant.

1319 917 1331 931 «
1353 905 1445 935 Lecta
1467 913 1572 934 coram
1593 904 1722 933 nobis...
1743 919 1783 926 —-
1807 903 1876 932 Dat.
1901 902 2017 938 Rome,
2034 901 2117 940 apud
2135 901 2281 933 Sanctam

1277 958 1411 988 Mariam
1427 958 1591 996 Majorem.
1605 966 1680 986 xvni
1695 956 1849 986 kalendas
1862 955 2026 992 februarii,
2038 963 2124 985 anno
2134 959 2279 994 quarto.»

1316 1012 1354 1041 In
1372 1021 1398 1041 e.
1418 1020 1460 1040 m.
1478 1011 1581 1040 eidem
1598 1010 1764 1047 cardinali,
1780 1019 1836 1049 pro
1852 1009 1982 1046 Fatiolo‚
2001 1013 2075 1038 nato
2092 1007 2207 1038 nobilis
2222 998 2283 1039 viri

1277 1065 1362 1095 Petri
1383 1064 1522 1103 Capelli,
1542 1069 1572 1094 et
1595 1063 1716 1099 Scotta,
1743 1068 1815 1092 nata
1840 1062 1958 1092 nobilis
1984 1062 2044 1091 viri
2066 1060 2220 1091 Thebaidi
2244 1061 2283 1092 de

1276 1119 1464 1149 Tullanova.

1317 1173 1352 1202 In
1375 1182 1402 1202 e.
1426 1181 1469 1201 m.
1490 1171 1594 1202 eidem
1610 1171 1784 1208 cardinali,
1808 1179 1863 1210 pro
1884 1169 2115 1206 Thebaldutio,
2135 1173 2209 1199 nato
2226 1177 2283 1200 no-

1276 1226 1348 1255 bilis
1366 1226 1521 1264 Raynerii
1540 1224 1718 1261 Thebaidi,
1740 1228 1770 1254 et
1786 1224 1966 1261 Theodora,
1991 1227 2067 1253 nata
2087 1222 2204 1253 nobilis
2220 1222 2283 1253 viri

1275 1279 1445 1318 Capellutii
1462 1278 1586 1318 Capelli
1604 1278 1643 1308 de
1660 1278 1849 1308 Tulfanova.

1315 1333 1352 1361 In
1376 1341 1403 1362 e.
1426 1341 1469 1362 m.
1495 1332 1600 1362 eidem
1624 1331 1798 1368 cardinali,
1823 1340 1877 1370 pro
1902 1331 2052 1369 Rogerio,
2075 1335 2149 1360 nato
2167 1329 2284 1360 nobilis

1275 1386 1338 1415 viri
1357 1386 1519 1416 Francisci
1535 1386 1574 1416 de
1590 1385 1780 1422 Tull‘anova‚
1798 1390 1828 1415 et
1844 1384 1981 1423 Angela,
1999 1387 2073 1414 nata
2088 1383 2207 1414 nobilis
2223 1384 2282 1414 viri

1275 1439 1471 1469 Pandelfutii
1488 1439 1700 1478 Guastapanis
1718 1439 1757 1469 de
1771 1438 1978 1470 Tnlfaveteri.

1316 1494 1353 1522 In
1375 1503 1402 1523 e.
1430 1503 1473 1523 m.
1498 1493 1602 1523 eidem
1625 1493 1792 1530 cardinali,
1818 1501 1873 1532 pro
1895 1492 2047 1527 Gerardo,
2071 1496 2144 1523 nato
2167 1492 2285 1524 nobilis

1275 1547 1337 1577 viri
1355 1547 1513 1577 Thebaldi
1530 1548 1568 1577 de
1588 1547 1783 1583 Tulfflnova,
1803 1551 1833 1577 et
1854 1547 1975 1583 Perna,
1998 1551 2071 1577 nata
2092 1546 2207 1577 nobilis
2223 1546 2285 1577 viri

1275 1601 1431 1631 Tancredi
1447 1601 1661 1640 Guastapanis
1677 1600 1716 1630 de
1731 1600 1939 1630 Tulsaveteri.

1315 1656 1354 1685 In
1376 1665 1403 1685 e.
1425 1664 1468 1684 m.
1492 1655 1596 1684 eidem
1619 1654 1792 1691 cardinali,
1816 1662 1872 1692 pro
1892 1653 2048 1691 Pellutio,
2073 1657 2147 1684 nato
2170 1652 2287 1684 nobilis

1275 1709 1334 1738 viri
1354 1708 1509 1738 Thebaidi
1530 1708 1569 1738 de
1585 1707 1779 1744 Tulfanova‚
1799 1711 1828 1737 et
1844 1707 1979 1744 Jacoba,
1998 1711 2072 1737 nata
2089 1706 2208 1737 nobilis
2226 1706 2286 1737 viri

1275 1762 1397 1802 Capelli
1414 1762 1627 1801 Guastapanis
1645 1762 1683 1791 de
1701 1761 1906 1791 Tnlsaveteri.

1348 1963 1466 1991 6443

1312 2024 1477 2051 Janucnses
1497 2024 1551 2051 sub
1574 2024 1753 2059 protectione
1775 2031 1828 2051 sua
1849 2024 1980 2059 suscipit.
2001 2024 2085 2059 (Rae.
2107 2024 2157 2056 46,
2174 2033 2198 2052 e.
2217 2025 2286 2057 683,

1277 2075 1297 2101 s.
1315 2074 1364 2101 136
1380 2075 1433 2107 w.)

1580 1961 1944 1997 Sainte-Marie-Majeurc,
1961 1961 1994 1989 ‘23
2006 1962 2120 1996 janvier
2138 1962 2215 1990 1292.

1318 2178 1439 2207 Dilectis
1452 2177 1529 2214 filiis
1546 2200 1566 2207 ..
1585 2177 1726 2215 potestati
1742 2182 1768 2206 et
1782 2178 1892 2215 populo
1907 2177 2121 2207 Januensibus.

1320 2241 1334 2257 α
1358 2230 1565 2260 Sacrosancta
1585 2239 1719 2260 romana
1738 2229 1910 2260 ecclesia...
1926 2246 1965 2252 —
1982 2230 2053 2260 Dat.
2072 2230 2186 2268 Rome,
2203 2229 2288 2269 apud

1278 2282 1427 2313 Sanctam
1449 2283 1584 2313 Mariam
1603 2283 1777 2322 Majorem‚
1795 2293 1812 2312 x
1831 2282 1986 2313 kalendas
2008 2283 2179 2321 februarii,
2200 2291 2289 2314 anno

1278 2341 1402 2376 quarto.
1424 2349 1435 2362 υ

1350 2535 1467 2564 6444

1316 2598 1501 2634 privilegium
1511 2598 1710 2626 Januensibus
1721 2599 1863 2626 concedit.
1877 2599 1959 2634 (linc.
1971 2599 2017 2633 46,
2027 2607 2053 2627 c.
2066 2599 2129 2630 684,
2141 2599 2160 2626 s.
2175 2599 2224 2627 136
2235 2601 2289 2633 v⁰.)

1585 2535 1944 2570 sainte-Marie-Majeure,
1960 2535 2120 2570 23janvie1·
2138 2535 2215 2563 1292.

1323 2738 1342 2744 ..
1360 2715 1514 2754 potestati,
1533 2716 1658 2744 consilz'o
1677 2720 1701 2744 el
1718 2717 1874 2745 communi
1888 2716 2112 2753 Januensibus,
2130 2715 2170 2746 ad
2186 2716 2289 2746 instar

1280 2769 1463 2800 Innocentii
1481 2769 1562 2806 IIII,
1580 2769 1727 2807 indulget
1744 2774 1776 2799 ut
1795 2769 1905 2799 nullus
1923 2754 2087 2809 delegatus
2106 2769 2156 2800 vel
2174 2769 2290 2800 subde·

1280 2821 1404 2861 legatus
1420 2822 1460 2852 ab
1475 2831 1526 2859 eo,
1544 2827 1692 2853 executor
1709 2832 1764 2853 sen
1781 2827 1985 2854 conservator
1997 2832 2015 2853 a
2029 2823 2102 2854 sede
2115 2823 2287 2863 apostolica

1281 2875 1449 2915 deputatus
1465 2875 1497 2904 in
1513 2884 1564 2906 eos
1578 2876 1922 2907 excommunicationis
1938 2876 2041 2906 autin
2061 2881 2159 2907 terras
2174 2884 2286 2906 eorum

1280 2928 1441 2959 interdicti
1459 2929 1634 2959 sententias
1652 2929 1855 2968 promulgare
1873 2929 1985 2960 valeat.

1322 2994 1335 3010 α
1355 2982 1398 3013 Ut
1413 2991 1449 3012 ex
1469 2982 1635 3021 speciali...
1652 2999 1692 3006 -
1708 2983 1779 3014 Dat.
1799 2987 1955 3022 utsupra.
1976 2994 1988 3010 ι
