2393 3496
211 300 266 328 :352

210 370 239 393 et
257 373 311 402 per
326 369 394 393 orto
417 363 483 391 dies
502 366 678 397 sequentes,
702 359 769 387 Dat.
792 359 926 392 Itomae,
952 356 1034 394 apud
1059 356 1207 384 Sanctam

213 418 343 447 Mariam
364 417 533 454 Majorem.
553 423 606 442 vni
627 413 695 441 rius
718 410 905 442 devenituris,
924 418 1008 438 auno
1025 413 1147 447 quarto.

251 470 286 499 ln
307 478 333 497 ι’.
354 478 415 499 ιιι,
435 476 488 505 pro
509 465 640 495 ecc-lesia
663 465 775 493 lteatae
797 463 913 491 Mariae
938 462 976 490 de
998 460 1207 494 Mort'arvilla,

209 520 462 551 Constantieusis
487 517 656 551 dioecesis,
686 516 716 544 in
744 520 880 552 quatuor
905 514 1046 551 ejusdem
1076 512 1211 550 virginis

209 573 431 603 festivitatibus
450 576 479 600 et
496 579 549 608 per
565 575 631 598 octo
651 568 717 596 dies
735 571 915 604 sequentes.
932 567 988 604 (Ειι
1010 565 1138 604 maroe.)

250 627 284 654 ln
304 635 330 654 e.
351 634 413 657 ιιι,
439 630 492 660 pro
518 621 649 650 ecclesia
677 620 860 649 monasterii
887 619 999 648 beatae
1027 619 1145 647 Mariae
1173 617 1211 647 de

211 680 285 708 Voto
315 686 405 715 prope
433 674 718 712 Cesarisburgum,
747 673 1004 702 Constantiensis
1043 672 1208 701 dioecesis.

207 731 310 768 (loiri.)

247 784 281 811 In
302 791 327 811 e.
348 790 410 812 m..
432 789 486 818 pro
501 779 630 809 ecclesia
655 780 761 809 Sancti
785 779 947 809 Laurentii
976 779 1014 808 de
1037 779 1210 816 Escoguer-

206 834 362 870 nenvilla,
383 833 636 863 Constantiensis
659 833 831 864 dioecesis.
860 833 890 861 ιιι
917 831 1052 869 singulis
1072 832 1103 861 S.
1128 831 1210 860 Lau-

205 887 318 921 rentii,
337 887 369 915 S.
388 886 543 916 Leonardi
559 891 587 915 et
604 886 635 915 S.
657 886 836 915 lifflmundi
863 885 1085 917 festivitatibus
1106 889 1134 914 et
1158 893 1212 923 per

203 945 270 970 octo
286 940 355 969 dies
374 938 554 978 sequentes.
580 939 650 968 Dat.
674 945 705 968 ut
723 948 827 977 supra.
841 939 947 977 (Ibid.)

524 1018 885 1052 Sainte-Marw-Majeure,
904 1019 918 1043 5
933 1019 1044 1052 janvier
1064 1018 1138 1044 1292.

246 1083 281 1111 lu
299 1092 325 1111 e.
343 1091 398 1115 ιιι,
418 1091 473 1119 pro
490 1082 621 1111 ecclesia
639 1105 656 1110 ..
673 1082 795 1110 abbatis
813 1086 840 1109 ct
857 1085 1033 1110 conventus
1051 1085 1211 1110 monaste·

205 1136 243 1164 rii
261 1135 371 1165 Sancti
386 1134 515 1164 Adelini
528 1134 566 1164 de
584 1135 824 1170 Malmesburia,
839 1134 962 1163 ordinis
980 1134 1011 1163 S.
1035 1133 1208 1169 Benedicti,

203 1188 452 1217 Saresbiriensis
478 1188 652 1222 dioecesis,
680 1188 713 1216 in
739 1192 874 1225 quatuor
904 1187 1011 1216 beatae
1039 1186 1156 1215 Mariae
1182 1190 1211 1215 et

204 1244 234 1270 S.
255 1241 385 1271 Adeliui
403 1241 641 1272 festivitatibus,
668 1249 721 1279 per
744 1246 813 1270 octo
837 1241 904 1270 dies
930 1245 1097 1278 sequentes
1121 1244 1151 1268 et
1175 1239 1210 1268 iu

205 1295 427 1323 anniversario
443 1294 494 1323 die
511 1294 718 1323 dedicationis
735 1293 876 1331 ejusdem
896 1293 1057 1322 ecclesiae.

246 1361 258 1373 «ι
278 1348 363 1377 Licet
378 1348 404 1376 is
420 1347 496 1376 de...
513 1363 553 1368 —
572 1347 641 1376 Dat.
662 1347 781 1382 Rome,
797 1346 880 1384 apud
900 1348 1048 1375 Sanctam
1073 1345 1210 1375 Mariam

206 1403 372 1440 Majorem,
389 1402 481 1430 nonis
500 1400 656 1439 januarii,
673 1408 758 1429 anno
776 1405 898 1438 quarto.
919 1412 931 1426 ›·
951 1400 1052 1438 (Ibid.)

528 1480 886 1515 Suinte-Marie-Majcnro,
904 1482 918 1507 5
930 1481 1044 1514 janvicr
1061 1480 1137 1507 1392.

246 1544 281 1572 ln
302 1553 328 1573 e.
350 1552 406 1576 m..
424 1551 478 1581 pro
495 1543 627 1572 ecclesia
652 1567 671 1573 ..
692 1543 814 1573 abbatis
838 1548 867 1572 et
887 1548 1062 1572 conventus
1085 1551 1211 1572 monas-

205 1597 272 1625 terii
296 1597 408 1625 Beatae
426 1597 547 1626 Mariae
563 1597 601 1626 de
622 1596 863 1635 Cyrenoestria,
886 1597 1007 1626 ordinis
1026 1597 1056 1626 S⁴
1079 1598 1211 1633 Augus-

205 1650 276 1685 tini,
296 1649 536 1687 Wigorniensis
553 1650 726 1687 dioecesis,
749 1651 780 1678 in
805 1654 940 1688 quatuor
961 1650 1068 1679 beatae
1090 1649 1212 1678 Mariae

204 1702 437 1736 festivitatibus,
459 1712 512 1741 per
530 1708 598 1732 octo
616 1703 682 1732 dies
699 1708 868 1741 sequentes
886 1708 915 1733 et
940 1704 971 1732 in
989 1703 1212 1732 anniversario

203 1756 254 1785 die
269 1755 478 1785 dedicationis
495 1756 638 1794 ejusdem
655 1756 817 1786 ecclesiae.

247 1822 257 1835 α
278 1809 443 1839 Gloriosus
460 1809 547 1839 Deus
561 1810 632 1838 iu...
652 1827 689 1831 —
708 1810 777 1839 Dat.
800 1814 955 1848 utsupra.
978 1810 1111 1849 »(1ῥί(1.)

484 1897 842 1932 Sainte-Marie-Majeure,
861 1897 876 1924 2
893 1897 1044 1924 decembre
1063 1897 1139 1924 1291.

246 1960 279 1988 tn
297 1968 323 1989 e.
344 1969 385 1989 m.
403 1984 408 1996 ,
432 1968 486 1999 pro
505 1960 635 1989 ecclesia
663 1961 776 1990 Beatae
805 1961 922 1990 Mariae
946 1960 1055 1991 Novae
1077 1960 1210 1989 fratrum

203 2012 364 2041 minorum
385 2012 616 2051 Neapolitana,
638 2013 669 2042 in
689 2017 824 2051 quatuor
842 2013 985 2051 ejusdem
1005 2014 1158 2050 virginis,
1176 2012 1208 2042 S.

203 2066 363 2095 Francisci
387 2070 416 2095 et
442 2066 474 2096 S.
500 2067 635 2096 Antonii
664 2067 887 2096 festivitatibus
913 2071 942 2096 et
967 2076 1022 2106 per
1048 2071 1115 2096 octo
1143 2067 1211 2096 dies

203 2123 381 2158 sequentes.

245 2184 256 2198 ιι
276 2172 432 2211 Splendor
447 2177 577 2211 paterne
593 2173 730 2210 glorie...
745 2190 784 2196 —
796 2174 866 2203 Dat.
886 2174 998 2209 Rome,
1015 2174 1098 2212 apud
1115 2173 1210 2204 Sanc-

204 2230 266 2254 tam
304 2226 439 2255 Mariam
471 2227 643 2265 Major-em,
685 2236 729 2256 ιιιι
763 2236 862 2258 nouas
898 2227 1092 2263 decembris,
1126 2236 1212 2257 anno

202 2282 324 2316 quarto.
345 2292 358 2304 ν
376 2279 483 2318 (Ibicl.)
506 2308 510 2310 ,

512 2359 868 2395 Saititcvlilarie-Majeure,
888 2361 919 2391 10
932 2362 1045 2395 janvior
1063 2361 1139 2388 1292.

245 2424 279 2452 ln
297 2433 324 2453 e.
342 2432 397 2459 m.,
419 2432 473 2462 pro
492 2424 624 2454 ecclesia
643 2448 662 2454 ..
680 2425 802 2454 abbatis
818 2430 848 2454 et
865 2430 1040 2456 conventus
1054 2430 1211 2456 monaste-

203 2477 241 2506 rii
265 2477 380 2507 Beatae
400 2477 519 2507 Mariae
538 2478 575 2507 de
598 2477 783 2515 Valemont,
812 2479 934 2509 ordinis
965 2479 997 2509 S.
1028 2479 1209 2514 Benedicti,

205 2530 476 2568 Rothomagensis
509 2530 680 2566 dioecesis,
711 2532 742 2560 in
774 2536 909 2570 quatuor
935 2533 1042 2562 beatae
1069 2533 1209 2569 Mariae,

203 2583 235 2612 S.
254 2582 410 2621 Stephani
426 2588 456 2613 et
472 2583 504 2613 S.
528 2584 691 2614 Benedicti
709 2584 947 2623 festivitatibus,
976 2594 1031 2624 per
1053 2591 1122 2616 octo
1143 2585 1211 2616 dies

203 2640 374 2675 sequentes
403 2640 431 2665 et
458 2637 487 2666 in
516 2637 737 2667 anniversario
760 2638 809 2667 die
834 2638 1042 2669 dedicationis
1067 2639 1211 2679 ejusdem

203 2689 366 2719 ecclesiae.

245 2756 257 2769 α
281 2743 378 2781 Virga
396 2743 623 2773 venustissima
641 2750 707 2774 et...
727 2762 763 2766 —
783 2746 850 2775 Dat.
874 2746 993 2783 Rome,
1010 2746 1093 2786 apud
1111 2746 1209 2777 Sane-

205 2802 266 2826 tam
286 2797 420 2826 Mariam
442 2797 607 2836 Majorem,
631 2807 675 2827 ιιιι
691 2798 762 2828 idus
775 2799 930 2837 januarii,
947 2808 1034 2830 anno
1052 2804 1175 2838 quarto.
1194 2812 1209 2828 »

204 2851 307 2889 (Ibid.)

246 2905 279 2933 tn
299 2914 324 2934 e.
348 2914 404 2941 ιιι,
421 2914 477 2943 pro
494 2904 627 2935 ecclesia
643 2906 751 2936 Sancti
768 2906 892 2937 Nicolai
914 2907 952 2937 de
973 2907 1092 2946 Beetoy
1116 2916 1211 2946 supra

212 2958 392 2993 Summam,
407 2958 634 2988 Ambianensis
648 2958 811 2995 dioecesis,
829 2963 858 2989 in
875 2966 1010 2999 quatuor
1025 2961 1132 2990 beatae
1147 2961 1211 2990 Ma-

956 290 1188 321 REtilS'l‘RES
1212 289 1265 318 DE
1289 288 1470 317 MCOLAS
1496 287 1550 316 lv.

1292 353 1373 384 riae.
1391 353 1422 381 S.
1443 351 1567 382 Nicolai
1591 356 1620 381 et
1647 351 1679 380 S.
1704 351 1832 380 Martini
1853 350 2076 380 festivitatibus
2097 354 2128 379 et
2151 359 2205 388 per
2229 355 2295 382 octo

1291 405 1358 434 dies
1376 410 1557 443 sequentes.

1335 470 1346 484 u
1369 458 1440 487 Vite
1457 457 1607 495 perennis
1630 456 1768 494 gloria...
1785 473 1822 478 —
1841 456 1909 486 Dat.
1929 461 1962 485 ut
1979 464 2084 494 supra.
2107 467 2118 482 n
2138 456 2238 494 (lbid.)

1365 655 1481 684 6355

1331 718 1371 744 De
1392 718 1562 752 quaestione
1583 717 1657 743 inter
1681 717 1837 743 monachos
1857 715 2063 742 Cluniacenses
2078 719 2107 741 et
2127 715 2227 742 fratres
2245 715 2300 743 mi-

1294 775 1379 793 nores
1395 767 1429 793 de
1447 766 1599 792 Medicino.
1615 766 1698 799 (Rau.
1715 765 1758 798 46,
1776 773 1801 791 c.
1819 764 1880 796 530,
1897 765 1916 790 s.
1936 764 1983 790 1ῗῦ
2001 770 2040 795 r⁰;
2060 763 2175 795 [Ὅτι-ιι,
2192 763 2296 797 238664

1551 653 1910 687 Satnto-Mm—ie-Majeure,
1930 652 1963 679 ⁵22>
1981 652 2133 678 novembre
2152 652 2228 680 129¹.

1337 918 1356 924 ..
1380 896 1478 923 abbati
1505 895 1682 923 monasterii
1704 893 1912 922 Cluniacensis
1931 896 2086 921 memorat
2106 891 2226 921 litteras
2247 899 2300 922 su-

1294 949 1483 987 prascriptas
1505 947 1568 985 (1),
1590 946 1627 976 ad
1656 946 1920 976 archidiaconum
1945 945 2115 975 Socensem
2144 944 2176 973 in
2204 943 2300 975 eccle-

1293 1002 1339 1030 sia
1375 1001 1538 1030 Auxitaua
1573 1000 1755 1036 mandatas,
1792 998 1944 1037 additque
1980 1010 1986 1027 :
2023 1010 2035 1024 ιι
2072 997 2153 1034 Quia
2197 1002 2301 1028 tamen

1294 1054 1447 1083 libentius
1465 1054 1652 1083 affectamus
1676 1057 1709 1082 ut
1728 1051 1915 1090 hujusmodi
1932 1059 2028 1081 causa
2047 1059 2102 1089 per
2118 1051 2201 1079 viam
2219 1050 2302 1089 pacis

1294 1113 1322 1137 et
1341 1107 1512 1137 concordie
1536 1115 1633 1145 quam
1657 1114 1711 1144 per
1732 1107 1871 1143 rigorem
1886 1104 2000 1143 judicii
2019 1105 2216 1140 terminetur,
2235 1103 2301 1134 dis-

1293 1162 1467 1191 cretionem
1486 1164 1570 1189 tuam
1586 1168 1748 1197 rogamus,
1765 1167 1935 1188 monemus
1951 1162 1981 1187 et
1992 1157 2158 1188 hortamur
2171 1159 2299 1195 attente,

1294 1224 1348 1254 per
1361 1213 1532 1253 apostolica
1550 1213 1608 1243 tibi
1625 1213 1740 1251 scripta
1755 1212 1958 1248 mandantes,
1974 1211 2129 1250 quatinus
2142 1211 2233 1250 juxta
2247 1209 2302 1240 da-

1294 1273 1356 1297 tam
1378 1267 1432 1297 tibi
1449 1276 1467 1297 a
1485 1267 1549 1297 Deo
1563 1266 1766 1305 prudentiam
1786 1270 1815 1295 et
1833 1265 1876 1295 tui
1890 1265 1987 1295 officii
2003 1267 2187 1303 potestatem
2204 1263 2302 1293 inter-

1294 1329 1392 1360 ponas
1408 1319 1542 1350 sollicite
1559 1327 1594 1349 ae
1607 1319 1778 1349 efficaciter
1791 1322 1893 1357 partes
1912 1322 1991 1353 tuas,
2003 1316 2095 1356 quod,
2111 1315 2251 1355 partibus
2263 1315 2303 1346 ad

1295 1382 1403 1412 pacem
1421 1377 1450 1402 et
1463 1371 1667 1402 concordiam
1681 1372 1849 1408 revocatis,
1863 1379 1958 1400 causa
1972 1364 2081 1400 ea'dem
2096 1367 2304 1399 amicabiliter
2344 1362 2354 1368 “’

1294 1427 1451 1465 sopiatur,
1470 1426 1513 1455 ita
1534 1425 1634 1464 quod.
1652 1425 1782 1454 omissis
1806 1424 1981 1462 litigiorum
2001 1422 2213 1459 anfractibus,
2231 1431 2303 1460 pre-

1294 1480 1388 1509 dictis
1405 1468 1527 1509 custodi
1545 1483 1575 1508 et
1597 1477 1750 1507 tratribus
1767 1477 1805 1507 de
1825 1477 1987 1515 premissis
2003 1475 2134 1513 injuriis
2149 1480 2179 1504 et
2193 1474 2304 1514 damp-

1295 1534 1345 1563 nis
1363 1542 1503 1571 cougrue
1525 1532 1677 1568 satisfiat,
1701 1531 1888 1569 possintque
1908 1530 2005 1559 iidem
2025 1530 2137 1559 tratres
2154 1528 2232 1558 dicti
2252 1536 2303 1558 or-

1295 1586 1382 1616 dinis
1415 1586 1577 1615 minorum
1608 1585 1640 1613 in
1673 1584 1793 1622 pretato
1824 1583 1890 1612 loco
1922 1582 1960 1611 de
1995 1582 2154 1612 Medicino
2185 1581 2304 1619 absque

1295 1640 1439 1670 molestia
1452 1648 1505 1668 seu
1520 1637 1755 1676 inquietatione
1766 1635 1984 1675 quorumlibet
1996 1635 2094 1665 libere
2106 1643 2302 1674 permanere.

1297 1694 1409 1722 Preces
1426 1697 1532 1721 autem
1553 1696 1675 1721 nostras
1699 1695 1729 1719 et
1747 1689 1935 1719 mandatum
1958 1690 1990 1718 in
2017 1688 2076 1718 hac
2100 1692 2184 1727 parte
2204 1687 2305 1717 taliter

1295 1745 1470 1784 adimplere
1495 1753 1642 1783 procures
1667 1742 1752 1781 quod
1776 1742 1907 1777 exinde,
1926 1746 2028 1780 preter
2045 1745 2152 1771 eterne
2169 1740 2304 1771 retribu-

1296 1799 1394 1829 tionis
1424 1797 1600 1837 premium,
1630 1801 1770 1826 nostram
1801 1801 1832 1825 et
1861 1794 2032 1834 apostolice
2059 1794 2143 1824 sedis
2171 1794 2306 1832 gratiam

1296 1853 1425 1882 uberius
1444 1846 1609 1880 merearis.
1628 1848 1789 1879 Nolumus
1802 1851 1909 1878 autem
1926 1857 1982 1886 per
1999 1852 2161 1886 presentes
2178 1846 2305 1886 prefatis

1295 1904 1446 1935 citatoriis
1477 1903 1591 1933 litteris
1620 1902 1846 1932 archidiacono
1880 1905 2056 1931 memorato
2088 1900 2217 1930 directis
2249 1908 2305 1930 seu

1295 1959 1419 1989 effectui
1449 1966 1560 1987 earum
1590 1957 1622 1985 in
1651 1956 1761 1994 atiquo
1788 1955 1954 1993 derogari,
1987 1954 2014 1984 si
2044 1963 2172 1984 causam
2202 1954 2305 1992 ipsam
2353 1977 2359 1986 .

1295 2012 1391 2051 sopiri
1405 2010 1617 2041 amicabiliter
1635 2018 1700 2039 non
1717 2010 1892 2047 contingat.
1912 2021 1924 2035 n

1336 2079 1349 2093 a
1367 2065 1514 2096 Graviter
1529 2069 1636 2094 noster
1649 2065 1816 2093 animus...
1834 2079 1873 2085 -
1887 2062 1958 2092 Dat.
1976 2062 2090 2098 Rome,
2107 2061 2191 2100 apud
2207 2061 2305 2091 Sanc-

1295 2124 1359 2149 tam
1393 2119 1527 2148 Mariam
1561 2117 1730 2156 Majorem,
1762 2126 1780 2145 x
1807 2116 1961 2146 kalendas
1991 2115 2187 2152 decembris,
2219 2122 2305 2144 anno

1294 2176 1417 2212 quarto.
1440 2184 1453 2198 »

1365 2372 1483 2401 6356

1331 2435 1471 2470 Regulam
1494 2434 1593 2461 Sancti
1614 2433 1772 2468 Augustini
1789 2431 1922 2467 hospitati
1940 2430 2036 2457 Sancti
2054 2430 2163 2457 Nicotai
2183 2429 2217 2456 de
2234 2428 2304 2456 Fer-

1295 2488 1355 2511 rato
1372 2483 1549 2511 transmittit.
1566 2482 1649 2516 (Reo.
1666 2481 1709 2512 46,
1726 2489 1753 2508 c.
1769 2480 1832 2515 631,
1849 2481 1868 2507 f.
1888 2480 1936 2507 1⁶26
1953 2479 2004 2514 vo.)

1557 2369 1919 2403 Sainte-Marie-Majeure,
1941 2370 1970 2396 13
1987 2368 2138 2396 decembre
2154 2368 2231 2395 1291.

1335 2615 1453 2644 Dilectz's
1466 2613 1540 2651 filiis
1552 2635 1572 2642 ..
1585 2613 1686 2650 priori
1699 2617 1725 2641 et
1737 2612 1889 2648 fratribus
1902 2608 2061 2647 hospitalis
2071 2609 2175 2639 Sancti
2186 2608 2304 2638 Nicolai

1294 2670 1330 2699 de
1344 2669 1481 2704 Ferrato,
1499 2667 1618 2696 ordinis
1634 2666 1664 2695 S.
1683 2664 1857 2703 Auyustt'm',
1877 2665 2046 2694 Marsicane
2061 2663 2196 2692 diocesis.

1335 2733 1348 2748 α
1384 2721 1441 2750 Pia
1472 2719 1629 2750 desideria
1654 2718 1880 2748 devotorum...
1912 2731 1953 2739 -
1981 2715 2058 2745 Dat.
2080 2715 2193 2748 Rome,
2218 2712 2303 2752 apud

1294 2776 1443 2805 Sanctam
1478 2772 1615 2803 Mariam
1648 2772 1821 2810 Majorem‚
1859 2769 1966 2799 idibus
1998 2767 2187 2803 decembris,
2219 2774 2304 2796 anno

1294 2833 1416 2867 quarto.
1441 2838 1454 2854 ι»

1325 2964 1358 2994 (i)
1376 2964 1457 2988 Num.
1475 2967 1544 2988 6053.

2367 2432 2374 2460 .-
2356 2333 2386 2404 sac.
