<?xml version="1.0" encoding="UTF-8"?>
<!DOCTYPE html PUBLIC "-//W3C//DTD XHTML 1.0 Transitional//EN"
    "http://www.w3.org/TR/xhtml1/DTD/xhtml1-transitional.dtd">
<html xmlns="http://www.w3.org/1999/xhtml" xml:lang="en" lang="en">
 <head>
  <title>
</title>
<meta http-equiv="Content-Type" content="text/html;charset=utf-8" />
  <meta name='ocr-system' content='tesseract 3.04.00' />
  <meta name='ocr-capabilities' content='ocr_page ocr_carea ocr_par ocr_line ocrx_word'/>
</head>
<body>
  <div class='ocr_page' id='page_1' title='image "./lesregistresdeni02romeuoft_0144.png"; bbox 0 0 2393 3496; ppageno 0'>
   <div class='ocr_carea' id='block_1_1' title="bbox 196 288 1542 326">
    <p class='ocr_par' dir='ltr' id='par_1_1' title="bbox 196 288 1542 326">
     <span class='ocr_line' id='line_1_1' title="bbox 196 288 1542 326; baseline -0.006 0"><span class='ocrx_word' id='word_1_1' title='bbox 196 297 255 326; x_wconf 77' lang='lat'>818</span> <span class='ocrx_word' id='word_1_2' title='bbox 946 289 1181 320; x_wconf 73' lang='lat' dir='ltr'>REGISTRES</span> <span class='ocrx_word' id='word_1_3' title='bbox 1204 289 1258 318; x_wconf 86' lang='lat' dir='ltr'>DE</span> <span class='ocrx_word' id='word_1_4' title='bbox 1280 288 1464 319; x_wconf 77' lang='lat' dir='ltr'><strong>NICOLAS</strong></span> <span class='ocrx_word' id='word_1_5' title='bbox 1488 290 1542 319; x_wconf 85' lang='lat' dir='ltr'>tv.</span> 
     </span>
    </p>
   </div>
   <div class='ocr_carea' id='block_1_2' title="bbox 185 354 1204 1617">
    <p class='ocr_par' dir='ltr' id='par_1_2' title="bbox 188 354 1204 1348">
     <span class='ocr_line' id='line_1_2' title="bbox 198 354 1204 399; baseline -0.009 -8"><span class='ocrx_word' id='word_1_6' title='bbox 198 365 364 399; x_wconf 70' lang='lat' dir='ltr'>cognoscat</span> <span class='ocrx_word' id='word_1_7' title='bbox 383 364 412 389; x_wconf 89' lang='lat' dir='ltr'>et</span> <span class='ocrx_word' id='word_1_8' title='bbox 428 369 463 389; x_wconf 85' lang='lat' dir='ltr'>ea</span> <span class='ocrx_word' id='word_1_9' title='bbox 479 359 691 396; x_wconf 66' lang='lat' dir='ltr'>sacratissimo</span> <span class='ocrx_word' id='word_1_10' title='bbox 714 366 840 396; x_wconf 74' lang='lat' dir='ltr'>corpore</span> <span class='ocrx_word' id='word_1_11' title='bbox 859 365 894 386; x_wconf 91' lang='lat' dir='ltr'>ac</span> <span class='ocrx_word' id='word_1_12' title='bbox 916 355 1074 393; x_wconf 84' lang='lat' dir='ltr'>sangnine</span> <span class='ocrx_word' id='word_1_13' title='bbox 1093 354 1151 384; x_wconf 88' lang='lat' dir='ltr'>Dei</span> <span class='ocrx_word' id='word_1_14' title='bbox 1174 357 1204 383; x_wconf 86' lang='lat' dir='ltr'>et</span> 
     </span>
     <span class='ocr_line' id='line_1_3' title="bbox 198 407 1203 451; baseline -0.009 -7"><span class='ocrx_word' id='word_1_15' title='bbox 198 414 327 444; x_wconf 87' lang='lat' dir='ltr'>Domini</span> <span class='ocrx_word' id='word_1_16' title='bbox 347 412 564 451; x_wconf 84' lang='lat' dir='ltr'>Redemptoris</span> <span class='ocrx_word' id='word_1_17' title='bbox 582 411 679 440; x_wconf 85' lang='lat' dir='ltr'>nostri</span> <span class='ocrx_word' id='word_1_18' title='bbox 694 411 768 440; x_wconf 64' lang='grc' dir='ltr'>ι10511</span> <span class='ocrx_word' id='word_1_19' title='bbox 784 408 903 439; x_wconf 88' lang='lat' dir='ltr'>Christi</span> <span class='ocrx_word' id='word_1_20' title='bbox 916 407 1020 437; x_wconf 87' lang='lat' dir='ltr'>aliena</span> <span class='ocrx_word' id='word_1_21' title='bbox 1040 408 1093 436; x_wconf 84' lang='lat' dir='ltr'>fiat</span> <span class='ocrx_word' id='word_1_22' title='bbox 1109 411 1203 445; x_wconf 86' lang='lat' dir='ltr'>atque</span> 
     </span>
     <span class='ocr_line' id='line_1_4' title="bbox 196 459 1203 498; baseline -0.01 -1"><span class='ocrx_word' id='word_1_23' title='bbox 196 468 227 497; x_wconf 89' lang='lat' dir='ltr'>in</span> <span class='ocrx_word' id='word_1_24' title='bbox 245 471 385 497; x_wconf 77' lang='lat' dir='ltr'>extremo</span> <span class='ocrx_word' id='word_1_25' title='bbox 400 465 546 494; x_wconf 78' lang='lat' dir='ltr'>examine</span> <span class='ocrx_word' id='word_1_26' title='bbox 559 464 667 493; x_wconf 73' lang='lat' dir='ltr'>divine</span> <span class='ocrx_word' id='word_1_27' title='bbox 687 462 799 491; x_wconf 87' lang='lat' dir='ltr'>ultioni</span> <span class='ocrx_word' id='word_1_28' title='bbox 817 461 987 498; x_wconf 87' lang='lat' dir='ltr'>subjaceat.</span> <span class='ocrx_word' id='word_1_29' title='bbox 1000 459 1132 489; x_wconf 90' lang='lat' dir='ltr'>Cunctis</span> <span class='ocrx_word' id='word_1_30' title='bbox 1145 468 1203 488; x_wconf 90' lang='lat' dir='ltr'>au-</span> 
     </span>
     <span class='ocr_line' id='line_1_5' title="bbox 197 512 1201 553; baseline -0.009 -4"><span class='ocrx_word' id='word_1_31' title='bbox 197 525 259 550; x_wconf 89' lang='lat' dir='ltr'>tem</span> <span class='ocrx_word' id='word_1_32' title='bbox 279 519 381 548; x_wconf 78' lang='lat' dir='ltr'>eidem</span> <span class='ocrx_word' id='word_1_33' title='bbox 400 518 466 546; x_wconf 82' lang='lat' dir='ltr'>loco</span> <span class='ocrx_word' id='word_1_34' title='bbox 482 526 537 545; x_wconf 89' lang='lat' dir='ltr'>sna</span> <span class='ocrx_word' id='word_1_35' title='bbox 550 517 622 553; x_wconf 84' lang='lat' dir='ltr'>jura</span> <span class='ocrx_word' id='word_1_36' title='bbox 641 514 839 544; x_wconf 79' lang='lat' dir='ltr'>servantibus</span> <span class='ocrx_word' id='word_1_37' title='bbox 856 514 894 542; x_wconf 88' lang='lat' dir='ltr'>sit</span> <span class='ocrx_word' id='word_1_38' title='bbox 913 522 968 551; x_wconf 82' lang='lat' dir='ltr'>pax</span> <span class='ocrx_word' id='word_1_39' title='bbox 983 512 1113 541; x_wconf 84' lang='lat' dir='ltr'>Domini</span> <span class='ocrx_word' id='word_1_40' title='bbox 1130 520 1201 541; x_wconf 89' lang='lat' dir='ltr'>nos-</span> 
     </span>
     <span class='ocr_line' id='line_1_6' title="bbox 197 564 1201 606; baseline -0.009 -4"><span class='ocrx_word' id='word_1_41' title='bbox 197 573 235 602; x_wconf 89' lang='lat' dir='ltr'>tri</span> <span class='ocrx_word' id='word_1_42' title='bbox 260 572 334 601; x_wconf 84' lang='lat' dir='ltr'>Jesn</span> <span class='ocrx_word' id='word_1_43' title='bbox 359 570 475 600; x_wconf 81' lang='lat' dir='ltr'>Christi</span> <span class='ocrx_word' id='word_1_44' title='bbox 507 572 665 606; x_wconf 80' lang='lat' dir='ltr'>quatenns</span> <span class='ocrx_word' id='word_1_45' title='bbox 687 570 714 595; x_wconf 85' lang='lat' dir='ltr'>et</span> <span class='ocrx_word' id='word_1_46' title='bbox 736 566 786 595; x_wconf 79' lang='lat' dir='ltr'>hic</span> <span class='ocrx_word' id='word_1_47' title='bbox 807 566 945 595; x_wconf 73' lang='lat' dir='ltr'>fructum</span> <span class='ocrx_word' id='word_1_48' title='bbox 966 565 1047 594; x_wconf 90' lang='lat' dir='ltr'>bone</span> <span class='ocrx_word' id='word_1_49' title='bbox 1066 564 1201 594; x_wconf 88' lang='lat' dir='ltr'>actionis</span> 
     </span>
     <span class='ocr_line' id='line_1_7' title="bbox 195 619 1201 664; baseline -0.008 -9"><span class='ocrx_word' id='word_1_50' title='bbox 195 625 369 664; x_wconf 79' lang='lat' dir='ltr'>percipiant</span> <span class='ocrx_word' id='word_1_51' title='bbox 385 628 415 652; x_wconf 76' lang='grc'>01</span> <span class='ocrx_word' id='word_1_52' title='bbox 433 621 517 660; x_wconf 85' lang='lat' dir='ltr'>apud</span> <span class='ocrx_word' id='word_1_53' title='bbox 536 621 713 649; x_wconf 83' lang='lat' dir='ltr'>districtum</span> <span class='ocrx_word' id='word_1_54' title='bbox 728 619 868 658; x_wconf 86' lang='lat' dir='ltr'>jndicem</span> <span class='ocrx_word' id='word_1_55' title='bbox 890 619 1011 657; x_wconf 90' lang='lat' dir='ltr'>premia</span> <span class='ocrx_word' id='word_1_56' title='bbox 1031 623 1138 648; x_wconf 84' lang='lat' dir='ltr'>eterne</span> <span class='ocrx_word' id='word_1_57' title='bbox 1150 627 1201 656; x_wconf 84' lang='lat' dir='ltr'>pa-</span> 
     </span>
     <span class='ocr_line' id='line_1_8' title="bbox 194 670 1199 710; baseline -0.006 -4"><span class='ocrx_word' id='word_1_58' title='bbox 194 677 239 706; x_wconf 87' lang='lat' dir='ltr'>cis</span> <span class='ocrx_word' id='word_1_59' title='bbox 259 675 437 705; x_wconf 81' lang='lat' dir='ltr'>inveniant.</span> <span class='ocrx_word' id='word_1_60' title='bbox 459 675 575 702; x_wconf 78' lang='lat' dir='ltr'>Amen.</span> <span class='ocrx_word' id='word_1_61' title='bbox 596 675 714 701; x_wconf 75' lang='lat' dir='ltr'>Anien.</span> <span class='ocrx_word' id='word_1_62' title='bbox 734 674 850 701; x_wconf 78' lang='lat' dir='ltr'>Amen.</span> <span class='ocrx_word' id='word_1_63' title='bbox 879 672 942 709; x_wconf 82' lang='lat' dir='ltr'>Ego</span> <span class='ocrx_word' id='word_1_64' title='bbox 961 670 1127 710; x_wconf 83' lang='lat' dir='ltr'>Nicotaus,</span> <span class='ocrx_word' id='word_1_65' title='bbox 1146 679 1199 700; x_wconf 89' lang='lat' dir='ltr'>ca—</span> 
     </span>
     <span class='ocr_line' id='line_1_9' title="bbox 195 724 1199 764; baseline -0.005 -6"><span class='ocrx_word' id='word_1_66' title='bbox 195 729 308 758; x_wconf 84' lang='lat' dir='ltr'>tholice</span> <span class='ocrx_word' id='word_1_67' title='bbox 325 727 456 757; x_wconf 72' lang='lat' dir='ltr'>ecclesie</span> <span class='ocrx_word' id='word_1_68' title='bbox 473 726 649 764; x_wconf 77' lang='lat' dir='ltr'>episcopus,</span> <span class='ocrx_word' id='word_1_69' title='bbox 664 734 705 755; x_wconf 84' lang='lat' dir='ltr'>ss.</span> <span class='ocrx_word' id='word_1_70' title='bbox 726 725 788 762; x_wconf 76' lang='lat' dir='ltr'>Ego</span> <span class='ocrx_word' id='word_1_71' title='bbox 806 725 900 755; x_wconf 76' lang='lat' dir='ltr'>frater</span> <span class='ocrx_word' id='word_1_72' title='bbox 914 725 1056 759; x_wconf 85' lang='lat' dir='ltr'>Latinus,</span> <span class='ocrx_word' id='word_1_73' title='bbox 1072 724 1199 754; x_wconf 88' lang='lat' dir='ltr'>Ostien-</span> 
     </span>
     <span class='ocr_line' id='line_1_10' title="bbox 193 778 1199 817; baseline -0.004 -6"><span class='ocrx_word' id='word_1_74' title='bbox 193 783 234 812; x_wconf 87' lang='lat' dir='ltr'>sis</span> <span class='ocrx_word' id='word_1_75' title='bbox 251 786 279 810; x_wconf 88' lang='lat' dir='ltr'>et</span> <span class='ocrx_word' id='word_1_76' title='bbox 294 779 497 809; x_wconf 69' lang='lat' dir='ltr'>vellen-ensis</span> <span class='ocrx_word' id='word_1_77' title='bbox 509 780 684 817; x_wconf 85' lang='lat' dir='ltr'>episcopus,</span> <span class='ocrx_word' id='word_1_78' title='bbox 699 788 740 807; x_wconf 86' lang='lat' dir='ltr'>ss.</span> <span class='ocrx_word' id='word_1_79' title='bbox 758 778 1000 816; x_wconf 86' lang='lat' dir='ltr'>EgoGerardns.</span> <span class='ocrx_word' id='word_1_80' title='bbox 1011 778 1199 808; x_wconf 87' lang='lat' dir='ltr'>Sabinensis</span> 
     </span>
     <span class='ocr_line' id='line_1_11' title="bbox 192 832 1196 873; baseline -0.001 -10"><span class='ocrx_word' id='word_1_81' title='bbox 192 836 371 873; x_wconf 71' lang='lat' dir='ltr'>episcopus,</span> <span class='ocrx_word' id='word_1_82' title='bbox 389 842 431 862; x_wconf 84' lang='lat' dir='ltr'>ss.</span> <span class='ocrx_word' id='word_1_83' title='bbox 450 833 515 869; x_wconf 80' lang='lat' dir='ltr'>Ego</span> <span class='ocrx_word' id='word_1_84' title='bbox 530 832 712 868; x_wconf 82' lang='lat' dir='ltr'>Johannes,</span> <span class='ocrx_word' id='word_1_85' title='bbox 734 832 936 861; x_wconf 87' lang='lat' dir='ltr'>Tusculanus</span> <span class='ocrx_word' id='word_1_86' title='bbox 960 833 1138 870; x_wconf 80' lang='lat' dir='ltr'>episcopus,</span> <span class='ocrx_word' id='word_1_87' title='bbox 1155 842 1196 862; x_wconf 88' lang='lat' dir='ltr'>ss.</span> 
     </span>
     <span class='ocr_line' id='line_1_12' title="bbox 194 885 1197 924; baseline -0.002 -8"><span class='ocrx_word' id='word_1_88' title='bbox 194 888 256 923; x_wconf 68' lang='lat' dir='ltr'>ligo</span> <span class='ocrx_word' id='word_1_89' title='bbox 272 887 448 921; x_wconf 76' lang='lat' dir='ltr'>Johannes,</span> <span class='ocrx_word' id='word_1_90' title='bbox 468 885 552 915; x_wconf 86' lang='lat' dir='ltr'>tituli</span> <span class='ocrx_word' id='word_1_91' title='bbox 570 886 684 915; x_wconf 72' lang='lat' dir='ltr'>Sancte</span> <span class='ocrx_word' id='word_1_92' title='bbox 704 885 820 915; x_wconf 70' lang='lat' dir='ltr'>Cet-ilie</span> <span class='ocrx_word' id='word_1_93' title='bbox 835 886 999 924; x_wconf 70' lang='lat' dir='ltr'>presbyter</span> <span class='ocrx_word' id='word_1_94' title='bbox 1014 885 1197 922; x_wconf 85' lang='lat' dir='ltr'>cardinalis,</span> 
     </span>
     <span class='ocr_line' id='line_1_13' title="bbox 190 939 1199 978; baseline -0.001 -8"><span class='ocrx_word' id='word_1_95' title='bbox 190 951 231 970; x_wconf 85' lang='lat' dir='ltr'>ss.</span> <span class='ocrx_word' id='word_1_96' title='bbox 247 941 311 978; x_wconf 81' lang='lat' dir='ltr'>Ego</span> <span class='ocrx_word' id='word_1_97' title='bbox 329 941 424 969; x_wconf 83' lang='lat' dir='ltr'>srater</span> <span class='ocrx_word' id='word_1_98' title='bbox 439 940 595 974; x_wconf 73' lang='lat' dir='ltr'>Mathens,</span> <span class='ocrx_word' id='word_1_99' title='bbox 617 939 699 968; x_wconf 88' lang='lat' dir='ltr'>tituli</span> <span class='ocrx_word' id='word_1_100' title='bbox 717 940 823 969; x_wconf 79' lang='lat' dir='ltr'>Sancti</span> <span class='ocrx_word' id='word_1_101' title='bbox 838 939 998 968; x_wconf 86' lang='lat' dir='ltr'>Laurentii</span> <span class='ocrx_word' id='word_1_102' title='bbox 1013 939 1044 967; x_wconf 91' lang='lat' dir='ltr'>in</span> <span class='ocrx_word' id='word_1_103' title='bbox 1063 939 1199 969; x_wconf 85' lang='lat' dir='ltr'>Damaso</span> 
     </span>
     <span class='ocr_line' id='line_1_14' title="bbox 190 991 1199 1033; baseline 0 -11"><span class='ocrx_word' id='word_1_104' title='bbox 190 994 356 1033; x_wconf 64' lang='lat' dir='ltr'>presbyter</span> <span class='ocrx_word' id='word_1_105' title='bbox 371 992 564 1029; x_wconf 80' lang='lat' dir='ltr'>cardinalis,</span> <span class='ocrx_word' id='word_1_106' title='bbox 584 1002 623 1021; x_wconf 80' lang='lat' dir='ltr'>ss.</span> <span class='ocrx_word' id='word_1_107' title='bbox 647 993 710 1030; x_wconf 83' lang='lat' dir='ltr'>Ego</span> <span class='ocrx_word' id='word_1_108' title='bbox 727 994 822 1021; x_wconf 85' lang='lat' dir='ltr'>frater</span> <span class='ocrx_word' id='word_1_109' title='bbox 846 993 955 1029; x_wconf 86' lang='lat' dir='ltr'>Hngo,</span> <span class='ocrx_word' id='word_1_110' title='bbox 981 991 1062 1021; x_wconf 87' lang='lat' dir='ltr'>tituli</span> <span class='ocrx_word' id='word_1_111' title='bbox 1084 992 1199 1022; x_wconf 78' lang='lat' dir='ltr'>Sancte</span> 
     </span>
     <span class='ocr_line' id='line_1_15' title="bbox 191 1044 1198 1084; baseline 0 -9"><span class='ocrx_word' id='word_1_112' title='bbox 191 1046 307 1076; x_wconf 80' lang='lat' dir='ltr'>Sabine</span> <span class='ocrx_word' id='word_1_113' title='bbox 321 1046 486 1084; x_wconf 63' lang='lat' dir='ltr'>presbyter</span> <span class='ocrx_word' id='word_1_114' title='bbox 502 1045 686 1080; x_wconf 76' lang='lat' dir='ltr'>cardinalis,</span> <span class='ocrx_word' id='word_1_115' title='bbox 704 1055 744 1074; x_wconf 89' lang='lat' dir='ltr'>ss.</span> <span class='ocrx_word' id='word_1_116' title='bbox 766 1045 828 1082; x_wconf 82' lang='lat' dir='ltr'>Ego</span> <span class='ocrx_word' id='word_1_117' title='bbox 847 1046 969 1079; x_wconf 77' lang='lat' dir='ltr'>Petrus,</span> <span class='ocrx_word' id='word_1_118' title='bbox 988 1045 1071 1075; x_wconf 88' lang='lat' dir='ltr'>tituli</span> <span class='ocrx_word' id='word_1_119' title='bbox 1087 1044 1198 1075; x_wconf 82' lang='lat' dir='ltr'>Sancti</span> 
     </span>
     <span class='ocr_line' id='line_1_16' title="bbox 191 1097 1198 1138; baseline 0.001 -10"><span class='ocrx_word' id='word_1_120' title='bbox 191 1100 288 1129; x_wconf 81' lang='lat' dir='ltr'>Marci</span> <span class='ocrx_word' id='word_1_121' title='bbox 317 1099 479 1138; x_wconf 62' lang='lat' dir='ltr'>presbyter</span> <span class='ocrx_word' id='word_1_122' title='bbox 503 1098 694 1134; x_wconf 73' lang='lat' dir='ltr'>cardinalis,</span> <span class='ocrx_word' id='word_1_123' title='bbox 727 1108 767 1128; x_wconf 84' lang='lat' dir='ltr'>ss.</span> <span class='ocrx_word' id='word_1_124' title='bbox 799 1098 862 1134; x_wconf 74' lang='lat' dir='ltr'>Ego</span> <span class='ocrx_word' id='word_1_125' title='bbox 892 1097 1052 1135; x_wconf 86' lang='lat' dir='ltr'>Mathens,</span> <span class='ocrx_word' id='word_1_126' title='bbox 1083 1098 1198 1129; x_wconf 84' lang='lat' dir='ltr'>Sancte</span> 
     </span>
     <span class='ocr_line' id='line_1_17' title="bbox 191 1151 1194 1189; baseline -0.001 -7"><span class='ocrx_word' id='word_1_127' title='bbox 191 1153 290 1182; x_wconf 82' lang='lat' dir='ltr'>Marie</span> <span class='ocrx_word' id='word_1_128' title='bbox 307 1153 339 1181; x_wconf 93' lang='lat' dir='ltr'>in</span> <span class='ocrx_word' id='word_1_129' title='bbox 363 1153 487 1182; x_wconf 82' lang='lat' dir='ltr'>l‘orticn</span> <span class='ocrx_word' id='word_1_130' title='bbox 505 1152 660 1180; x_wconf 74' lang='lat' dir='ltr'>diaconus</span> <span class='ocrx_word' id='word_1_131' title='bbox 681 1151 868 1187; x_wconf 67' lang='lat' dir='ltr'>cardinalis,</span> <span class='ocrx_word' id='word_1_132' title='bbox 893 1160 934 1180; x_wconf 89' lang='lat' dir='ltr'>ss.</span> <span class='ocrx_word' id='word_1_133' title='bbox 957 1151 1023 1188; x_wconf 86' lang='lat' dir='ltr'>Ego</span> <span class='ocrx_word' id='word_1_134' title='bbox 1045 1152 1194 1189; x_wconf 78' lang='grc' dir='ltr'>ι13001105,</span> 
     </span>
     <span class='ocr_line' id='line_1_18' title="bbox 190 1204 1197 1243; baseline 0.001 -9"><span class='ocrx_word' id='word_1_135' title='bbox 190 1205 303 1235; x_wconf 80' lang='lat' dir='ltr'>Sancte</span> <span class='ocrx_word' id='word_1_136' title='bbox 319 1206 418 1234; x_wconf 79' lang='lat' dir='ltr'>Marie</span> <span class='ocrx_word' id='word_1_137' title='bbox 434 1206 465 1234; x_wconf 94' lang='lat' dir='ltr'>in</span> <span class='ocrx_word' id='word_1_138' title='bbox 483 1205 539 1233; x_wconf 76' lang='lat' dir='ltr'>via</span> <span class='ocrx_word' id='word_1_139' title='bbox 556 1205 617 1233; x_wconf 87' lang='lat' dir='ltr'>lata</span> <span class='ocrx_word' id='word_1_140' title='bbox 633 1205 785 1234; x_wconf 72' lang='lat' dir='ltr'>diaconus</span> <span class='ocrx_word' id='word_1_141' title='bbox 801 1204 984 1242; x_wconf 85' lang='lat' dir='ltr'>cardinalis,</span> <span class='ocrx_word' id='word_1_142' title='bbox 999 1214 1041 1234; x_wconf 90' lang='lat' dir='ltr'>ss.</span> <span class='ocrx_word' id='word_1_143' title='bbox 1057 1205 1119 1243; x_wconf 82' lang='lat' dir='ltr'>Ego</span> <span class='ocrx_word' id='word_1_144' title='bbox 1133 1206 1197 1235; x_wconf 90' lang='lat' dir='ltr'>Na-</span> 
     </span>
     <span class='ocr_line' id='line_1_19' title="bbox 188 1257 1194 1297; baseline 0 -9"><span class='ocrx_word' id='word_1_145' title='bbox 188 1258 296 1297; x_wconf 64' lang='lat' dir='ltr'>Peleo,</span> <span class='ocrx_word' id='word_1_146' title='bbox 315 1258 423 1288; x_wconf 71' lang='lat' dir='ltr'>Sancti</span> <span class='ocrx_word' id='word_1_147' title='bbox 449 1258 584 1287; x_wconf 72' lang='lat' dir='ltr'>Adriani</span> <span class='ocrx_word' id='word_1_148' title='bbox 602 1258 754 1287; x_wconf 73' lang='lat' dir='ltr'>diaconus</span> <span class='ocrx_word' id='word_1_149' title='bbox 770 1257 961 1295; x_wconf 76' lang='lat' dir='ltr'>cardinalis,</span> <span class='ocrx_word' id='word_1_150' title='bbox 982 1267 1023 1287; x_wconf 90' lang='lat' dir='ltr'>ss.</span> <span class='ocrx_word' id='word_1_151' title='bbox 1050 1258 1114 1297; x_wconf 84' lang='lat' dir='ltr'>Ego</span> <span class='ocrx_word' id='word_1_152' title='bbox 1134 1259 1194 1288; x_wconf 85' lang='lat' dir='ltr'>Pe-</span> 
     </span>
     <span class='ocr_line' id='line_1_20' title="bbox 191 1311 1034 1348; baseline -0.001 -7"><span class='ocrx_word' id='word_1_153' title='bbox 191 1318 267 1347; x_wconf 74' lang='lat' dir='ltr'>trus,</span> <span class='ocrx_word' id='word_1_154' title='bbox 287 1311 393 1341; x_wconf 82' lang='lat' dir='ltr'>Sancti</span> <span class='ocrx_word' id='word_1_155' title='bbox 411 1311 575 1340; x_wconf 74' lang='lat' dir='ltr'>Eustachii</span> <span class='ocrx_word' id='word_1_156' title='bbox 592 1311 745 1340; x_wconf 86' lang='lat' dir='ltr'>diaconus</span> <span class='ocrx_word' id='word_1_157' title='bbox 762 1311 947 1348; x_wconf 86' lang='lat' dir='ltr'>cardinalis,</span> <span class='ocrx_word' id='word_1_158' title='bbox 959 1320 999 1340; x_wconf 91' lang='lat' dir='ltr'>ss.</span> <span class='ocrx_word' id='word_1_159' title='bbox 1020 1324 1034 1337; x_wconf 89' lang='lat'>»</span> 
     </span>
    </p>

    <p class='ocr_par' dir='ltr' id='par_1_3' title="bbox 185 1364 1195 1617">
     <span class='ocr_line' id='line_1_21' title="bbox 230 1364 1195 1404; baseline 0.004 -13"><span class='ocrx_word' id='word_1_160' title='bbox 230 1378 243 1391; x_wconf 70' lang='grc' dir='ltr'>«ι</span> <span class='ocrx_word' id='word_1_161' title='bbox 265 1364 451 1400; x_wconf 74' lang='lat' dir='ltr'>Quotiensa</span> <span class='ocrx_word' id='word_1_162' title='bbox 468 1364 597 1394; x_wconf 81' lang='lat' dir='ltr'>nobis...</span> <span class='ocrx_word' id='word_1_163' title='bbox 616 1381 654 1385; x_wconf 98' lang='lat'><strong>—</strong></span> <span class='ocrx_word' id='word_1_164' title='bbox 670 1364 740 1393; x_wconf 81' lang='lat' dir='ltr'>Dat.</span> <span class='ocrx_word' id='word_1_165' title='bbox 761 1364 845 1403; x_wconf 88' lang='lat' dir='ltr'>apud</span> <span class='ocrx_word' id='word_1_166' title='bbox 862 1365 1125 1395; x_wconf 88' lang='lat' dir='ltr'>Urbemveterem</span> <span class='ocrx_word' id='word_1_167' title='bbox 1141 1375 1195 1404; x_wconf 86' lang='lat' dir='ltr'>per</span> 
     </span>
     <span class='ocr_line' id='line_1_22' title="bbox 187 1417 1194 1457; baseline 0.001 -10"><span class='ocrx_word' id='word_1_168' title='bbox 187 1426 320 1447; x_wconf 84' lang='lat' dir='ltr'>manum</span> <span class='ocrx_word' id='word_1_169' title='bbox 338 1417 481 1455; x_wconf 74' lang='lat' dir='ltr'>magistri</span> <span class='ocrx_word' id='word_1_170' title='bbox 495 1417 666 1453; x_wconf 81' lang='lat' dir='ltr'>Joliannis,</span> <span class='ocrx_word' id='word_1_171' title='bbox 684 1418 796 1447; x_wconf 86' lang='lat' dir='ltr'>decani</span> <span class='ocrx_word' id='word_1_172' title='bbox 815 1418 1011 1457; x_wconf 75' lang='lat' dir='ltr'>BaJOcensiS‚</span> <span class='ocrx_word' id='word_1_173' title='bbox 1025 1423 1133 1449; x_wconf 88' lang='lat' dir='ltr'>sancte</span> <span class='ocrx_word' id='word_1_174' title='bbox 1147 1428 1194 1449; x_wconf 86' lang='lat' dir='ltr'>ro-</span> 
     </span>
     <span class='ocr_line' id='line_1_23' title="bbox 187 1470 1194 1510; baseline 0.003 -11"><span class='ocrx_word' id='word_1_175' title='bbox 187 1479 281 1500; x_wconf 88' lang='lat' dir='ltr'>mane</span> <span class='ocrx_word' id='word_1_176' title='bbox 293 1470 423 1501; x_wconf 74' lang='lat' dir='ltr'>ecclesie</span> <span class='ocrx_word' id='word_1_177' title='bbox 436 1470 698 1507; x_wconf 65' lang='lat' dir='ltr'>vicecancellarii,</span> <span class='ocrx_word' id='word_1_178' title='bbox 714 1480 753 1500; x_wconf 75' lang='lat' dir='ltr'>xv</span> <span class='ocrx_word' id='word_1_179' title='bbox 766 1470 920 1501; x_wconf 81' lang='lat' dir='ltr'>kalendas</span> <span class='ocrx_word' id='word_1_180' title='bbox 936 1472 1137 1510; x_wconf 83' lang='lat' dir='ltr'>septembriS‚</span> <span class='ocrx_word' id='word_1_181' title='bbox 1147 1473 1194 1502; x_wconf 91' lang='lat' dir='ltr'>in-</span> 
     </span>
     <span class='ocr_line' id='line_1_24' title="bbox 185 1524 1191 1563; baseline 0.002 -10"><span class='ocrx_word' id='word_1_182' title='bbox 185 1524 321 1554; x_wconf 78' lang='lat' dir='ltr'>dictione</span> <span class='ocrx_word' id='word_1_183' title='bbox 330 1529 452 1562; x_wconf 79' lang='lat' dir='ltr'>quarta‚</span> <span class='ocrx_word' id='word_1_184' title='bbox 465 1524 696 1553; x_wconf 78' lang='lat' dir='ltr'>incarnationis</span> <span class='ocrx_word' id='word_1_185' title='bbox 705 1524 867 1555; x_wconf 89' lang='lat' dir='ltr'>dominice</span> <span class='ocrx_word' id='word_1_186' title='bbox 875 1534 962 1555; x_wconf 90' lang='lat' dir='ltr'>anno</span> <span class='ocrx_word' id='word_1_187' title='bbox 971 1529 1191 1563; x_wconf 72' lang='lat' dir='ltr'>m⁰cc⁰Lxxxm⁰‚</span> 
     </span>
     <span class='ocr_line' id='line_1_25' title="bbox 188 1571 1190 1617; baseline 0 -11"><span class='ocrx_word' id='word_1_188' title='bbox 188 1577 390 1615; x_wconf 84' lang='lat' dir='ltr'>pontificatus</span> <span class='ocrx_word' id='word_1_189' title='bbox 403 1585 476 1606; x_wconf 84' lang='lat' dir='ltr'>vero</span> <span class='ocrx_word' id='word_1_190' title='bbox 487 1571 588 1607; x_wconf 85' lang='lat' dir='ltr'>donni</span> <span class='ocrx_word' id='word_1_191' title='bbox 604 1577 731 1607; x_wconf 89' lang='lat' dir='ltr'>Nicolai</span> <span class='ocrx_word' id='word_1_192' title='bbox 743 1578 1162 1617; x_wconf 64' lang='grc' dir='ltr'>1131100031·ῑί301101103110.</span> <span class='ocrx_word' id='word_1_193' title='bbox 1177 1591 1190 1606; x_wconf 66' lang='grc' dir='ltr'><strong>η</strong></span> 
     </span>
    </p>
   </div>
   <div class='ocr_carea' id='block_1_3' title="bbox 255 1769 372 1798">
    <p class='ocr_par' dir='ltr' id='par_1_4' title="bbox 255 1769 372 1798">
     <span class='ocr_line' id='line_1_26' title="bbox 255 1769 372 1798; baseline -0.017 0"><span class='ocrx_word' id='word_1_194' title='bbox 255 1769 340 1798; x_wconf 75' lang='grc'>609</span> <span class='ocrx_word' id='word_1_195' title='bbox 345 1769 372 1796; x_wconf 75' lang='lat'>5</span> 
     </span>
    </p>
   </div>
   <div class='ocr_carea' id='block_1_4' title="bbox 222 1831 1050 1868">
    <p class='ocr_par' dir='ltr' id='par_1_5' title="bbox 222 1831 1050 1868">
     <span class='ocr_line' id='line_1_27' title="bbox 222 1831 1050 1868; baseline 0.005 -12"><span class='ocrx_word' id='word_1_196' title='bbox 222 1831 404 1865; x_wconf 77' lang='lat' dir='ltr'>Dispensatio</span> <span class='ocrx_word' id='word_1_197' title='bbox 421 1832 605 1858; x_wconf 78' lang='lat' dir='ltr'>matrimonii.</span> <span class='ocrx_word' id='word_1_198' title='bbox 623 1831 705 1863; x_wconf 74' lang='lat' dir='ltr'>(Res.</span> <span class='ocrx_word' id='word_1_199' title='bbox 723 1833 765 1864; x_wconf 71' lang='lat'>46,</span> <span class='ocrx_word' id='word_1_200' title='bbox 782 1842 806 1859; x_wconf 89' lang='lat' dir='ltr'>c.</span> <span class='ocrx_word' id='word_1_201' title='bbox 826 1834 886 1864; x_wconf 61' lang='lat'>7220,</span> <span class='ocrx_word' id='word_1_202' title='bbox 904 1834 923 1860; x_wconf 83' lang='lat' dir='ltr'>s.</span> <span class='ocrx_word' id='word_1_203' title='bbox 939 1834 988 1861; x_wconf 83' lang='lat'>103</span> <span class='ocrx_word' id='word_1_204' title='bbox 1005 1835 1050 1868; x_wconf 79' lang='lat' dir='ltr'>r0.)</span> 
     </span>
    </p>
   </div>
   <div class='ocr_carea' id='block_1_5' title="bbox 683 1769 1118 1806">
    <p class='ocr_par' dir='ltr' id='par_1_6' title="bbox 683 1769 1118 1806">
     <span class='ocr_line' id='line_1_28' title="bbox 683 1769 1118 1806; baseline 0.005 -9"><span class='ocrx_word' id='word_1_205' title='bbox 683 1769 809 1801; x_wconf 83' lang='lat' dir='ltr'>Orvieto,</span> <span class='ocrx_word' id='word_1_206' title='bbox 827 1770 843 1796; x_wconf 70' lang='grc' dir='ltr'>ἰ).</span> <span class='ocrx_word' id='word_1_207' title='bbox 860 1771 1024 1806; x_wconf 81' lang='lat' dir='ltr'>septembre</span> <span class='ocrx_word' id='word_1_208' title='bbox 1042 1772 1118 1799; x_wconf 72' lang='lat'>1291.</span> 
     </span>
    </p>
   </div>
   <div class='ocr_carea' id='block_1_6' title="bbox 182 1934 1192 2451">
    <p class='ocr_par' dir='ltr' id='par_1_7' title="bbox 182 1934 1192 2451">
     <span class='ocr_line' id='line_1_29' title="bbox 225 1934 1192 1970; baseline 0.006 -8"><span class='ocrx_word' id='word_1_209' title='bbox 225 1955 245 1962; x_wconf 91' lang='lat'>..</span> <span class='ocrx_word' id='word_1_210' title='bbox 266 1934 398 1970; x_wconf 83' lang='lat' dir='ltr'>episcopo</span> <span class='ocrx_word' id='word_1_211' title='bbox 412 1935 555 1963; x_wconf 74' lang='lat' dir='ltr'>Abutensi</span> <span class='ocrx_word' id='word_1_212' title='bbox 576 1935 746 1965; x_wconf 86' lang='lat' dir='ltr'>committit</span> <span class='ocrx_word' id='word_1_213' title='bbox 769 1940 802 1965; x_wconf 92' lang='lat' dir='ltr'>nt</span> <span class='ocrx_word' id='word_1_214' title='bbox 821 1945 893 1965; x_wconf 94' lang='lat' dir='ltr'>cum</span> <span class='ocrx_word' id='word_1_215' title='bbox 919 1937 1021 1967; x_wconf 90' lang='lat' dir='ltr'>nobili</span> <span class='ocrx_word' id='word_1_216' title='bbox 1041 1938 1109 1968; x_wconf 86' lang='lat' dir='ltr'>viro</span> <span class='ocrx_word' id='word_1_217' title='bbox 1129 1938 1192 1968; x_wconf 90' lang='lat' dir='ltr'>Go-</span> 
     </span>
     <span class='ocr_line' id='line_1_30' title="bbox 183 1986 1191 2030; baseline 0.006 -15"><span class='ocrx_word' id='word_1_218' title='bbox 183 1987 279 2016; x_wconf 89' lang='lat' dir='ltr'>metio</span> <span class='ocrx_word' id='word_1_219' title='bbox 299 1986 410 2023; x_wconf 87' lang='lat' dir='ltr'>Numi,</span> <span class='ocrx_word' id='word_1_220' title='bbox 430 1986 546 2025; x_wconf 91' lang='lat' dir='ltr'>milite,</span> <span class='ocrx_word' id='word_1_221' title='bbox 565 1992 594 2017; x_wconf 87' lang='lat' dir='ltr'>et</span> <span class='ocrx_word' id='word_1_222' title='bbox 614 1988 712 2018; x_wconf 90' lang='lat' dir='ltr'>nobili</span> <span class='ocrx_word' id='word_1_223' title='bbox 734 1988 869 2019; x_wconf 86' lang='lat' dir='ltr'>muliere</span> <span class='ocrx_word' id='word_1_224' title='bbox 890 1989 1003 2020; x_wconf 89' lang='lat' dir='ltr'>Viraca</span> <span class='ocrx_word' id='word_1_225' title='bbox 1020 1992 1101 2030; x_wconf 78' lang='lat' dir='ltr'>(sic),</span> <span class='ocrx_word' id='word_1_226' title='bbox 1119 1997 1191 2021; x_wconf 83' lang='lat' dir='ltr'>nata</span> 
     </span>
     <span class='ocr_line' id='line_1_31' title="bbox 184 2039 1192 2082; baseline 0.008 -15"><span class='ocrx_word' id='word_1_227' title='bbox 184 2039 288 2077; x_wconf 85' lang='lat' dir='ltr'>Egidii</span> <span class='ocrx_word' id='word_1_228' title='bbox 304 2040 479 2077; x_wconf 70' lang='lat' dir='ltr'>Fet-nandi,</span> <span class='ocrx_word' id='word_1_229' title='bbox 494 2041 631 2070; x_wconf 85' lang='lat' dir='ltr'>civitatis</span> <span class='ocrx_word' id='word_1_230' title='bbox 647 2042 834 2079; x_wconf 74' lang='lat' dir='ltr'>Abulensis,</span> <span class='ocrx_word' id='word_1_231' title='bbox 849 2043 1011 2082; x_wconf 83' lang='lat' dir='ltr'>dispenset</span> <span class='ocrx_word' id='word_1_232' title='bbox 1027 2045 1107 2075; x_wconf 90' lang='lat' dir='ltr'>utin</span> <span class='ocrx_word' id='word_1_233' title='bbox 1127 2055 1192 2075; x_wconf 87' lang='lat' dir='ltr'>ma-</span> 
     </span>
     <span class='ocr_line' id='line_1_32' title="bbox 184 2093 1191 2135; baseline 0.008 -14"><span class='ocrx_word' id='word_1_234' title='bbox 184 2093 337 2122; x_wconf 90' lang='lat' dir='ltr'>trimonio</span> <span class='ocrx_word' id='word_1_235' title='bbox 356 2093 439 2131; x_wconf 81' lang='lat' dir='ltr'>quod</span> <span class='ocrx_word' id='word_1_236' title='bbox 461 2093 549 2130; x_wconf 80' lang='lat' dir='ltr'>olim,</span> <span class='ocrx_word' id='word_1_237' title='bbox 569 2094 755 2132; x_wconf 78' lang='lat' dir='ltr'>ignorantes</span> <span class='ocrx_word' id='word_1_238' title='bbox 771 2096 1038 2134; x_wconf 78' lang='lat' dir='ltr'>impedimentum</span> <span class='ocrx_word' id='word_1_239' title='bbox 1056 2107 1135 2135; x_wconf 84' lang='lat' dir='ltr'>esse,</span> <span class='ocrx_word' id='word_1_240' title='bbox 1152 2099 1191 2129; x_wconf 90' lang='lat' dir='ltr'>ad</span> 
     </span>
     <span class='ocr_line' id='line_1_33' title="bbox 184 2145 1192 2189; baseline 0.009 -15"><span class='ocrx_word' id='word_1_241' title='bbox 184 2145 340 2175; x_wconf 78' lang='lat' dir='ltr'>sedandas</span> <span class='ocrx_word' id='word_1_242' title='bbox 365 2155 476 2184; x_wconf 81' lang='lat' dir='ltr'>graves</span> <span class='ocrx_word' id='word_1_243' title='bbox 502 2147 689 2178; x_wconf 77' lang='lat' dir='ltr'>inimicitias</span> <span class='ocrx_word' id='word_1_244' title='bbox 713 2149 798 2179; x_wconf 90' lang='lat' dir='ltr'>inter</span> <span class='ocrx_word' id='word_1_245' title='bbox 823 2150 927 2189; x_wconf 90' lang='lat' dir='ltr'>ipsum</span> <span class='ocrx_word' id='word_1_246' title='bbox 951 2151 1135 2182; x_wconf 90' lang='lat' dir='ltr'>Gometium</span> <span class='ocrx_word' id='word_1_247' title='bbox 1162 2158 1192 2183; x_wconf 87' lang='lat' dir='ltr'>et</span> 
     </span>
     <span class='ocr_line' id='line_1_34' title="bbox 183 2200 1189 2245; baseline 0.01 -18"><span class='ocrx_word' id='word_1_248' title='bbox 183 2200 439 2235; x_wconf 84' lang='lat' dir='ltr'>consanguineos</span> <span class='ocrx_word' id='word_1_249' title='bbox 457 2200 595 2230; x_wconf 82' lang='lat' dir='ltr'>Veracae</span> <span class='ocrx_word' id='word_1_250' title='bbox 608 2201 688 2240; x_wconf 78' lang='lat' dir='ltr'>(sic),</span> <span class='ocrx_word' id='word_1_251' title='bbox 704 2207 930 2234; x_wconf 76' lang='lat' dir='ltr'>contraxerunt</span> <span class='ocrx_word' id='word_1_252' title='bbox 946 2209 975 2234; x_wconf 90' lang='lat' dir='ltr'>et</span> <span class='ocrx_word' id='word_1_253' title='bbox 991 2205 1025 2234; x_wconf 89' lang='lat' dir='ltr'>in</span> <span class='ocrx_word' id='word_1_254' title='bbox 1043 2215 1106 2245; x_wconf 90' lang='lat' dir='ltr'>quo</span> <span class='ocrx_word' id='word_1_255' title='bbox 1123 2216 1189 2245; x_wconf 86' lang='lat' dir='ltr'>pro-</span> 
     </span>
     <span class='ocr_line' id='line_1_35' title="bbox 185 2252 1190 2298; baseline 0.011 -18"><span class='ocrx_word' id='word_1_256' title='bbox 185 2252 245 2281; x_wconf 78' lang='lat' dir='ltr'>lem</span> <span class='ocrx_word' id='word_1_257' title='bbox 263 2259 469 2291; x_wconf 76' lang='lat' dir='ltr'>procrearunt</span> <span class='ocrx_word' id='word_1_258' title='bbox 486 2263 652 2285; x_wconf 84' lang='lat' dir='ltr'>remanere</span> <span class='ocrx_word' id='word_1_259' title='bbox 673 2257 809 2293; x_wconf 80' lang='lat' dir='ltr'>valeant,</span> <span class='ocrx_word' id='word_1_260' title='bbox 824 2266 1008 2298; x_wconf 83' lang='lat' dir='ltr'>quanquam</span> <span class='ocrx_word' id='word_1_261' title='bbox 1027 2261 1190 2298; x_wconf 83' lang='lat' dir='ltr'>quondam</span> 
     </span>
     <span class='ocr_line' id='line_1_36' title="bbox 185 2305 1192 2350; baseline 0.012 -17"><span class='ocrx_word' id='word_1_262' title='bbox 185 2305 309 2334; x_wconf 83' lang='lat' dir='ltr'>Blasins</span> <span class='ocrx_word' id='word_1_263' title='bbox 335 2306 508 2343; x_wconf 74' lang='lat' dir='ltr'>Jonannis,</span> <span class='ocrx_word' id='word_1_264' title='bbox 533 2308 620 2345; x_wconf 88' lang='lat' dir='ltr'>prior</span> <span class='ocrx_word' id='word_1_265' title='bbox 647 2310 780 2339; x_wconf 88' lang='lat' dir='ltr'>maritus</span> <span class='ocrx_word' id='word_1_266' title='bbox 801 2311 958 2349; x_wconf 73' lang='lat' dir='ltr'>Veracae,</span> <span class='ocrx_word' id='word_1_267' title='bbox 979 2313 1140 2350; x_wconf 75' lang='lat' dir='ltr'>Gometio,</span> <span class='ocrx_word' id='word_1_268' title='bbox 1162 2321 1192 2345; x_wconf 87' lang='lat' dir='ltr'>et</span> 
     </span>
     <span class='ocr_line' id='line_1_37' title="bbox 183 2358 1192 2407; baseline 0.013 -21"><span class='ocrx_word' id='word_1_269' title='bbox 183 2358 344 2396; x_wconf 82' lang='lat' dir='ltr'>quondam</span> <span class='ocrx_word' id='word_1_270' title='bbox 364 2359 539 2395; x_wconf 71' lang='lat' dir='ltr'>Anderaza,</span> <span class='ocrx_word' id='word_1_271' title='bbox 560 2363 645 2399; x_wconf 90' lang='lat' dir='ltr'>prior</span> <span class='ocrx_word' id='word_1_272' title='bbox 665 2371 743 2392; x_wconf 81' lang='lat' dir='ltr'>uxor</span> <span class='ocrx_word' id='word_1_273' title='bbox 758 2363 908 2402; x_wconf 78' lang='lat' dir='ltr'>Gometii‚</span> <span class='ocrx_word' id='word_1_274' title='bbox 926 2366 1064 2397; x_wconf 86' lang='lat' dir='ltr'>Veracae</span> <span class='ocrx_word' id='word_1_275' title='bbox 1078 2373 1192 2407; x_wconf 88' lang='lat' dir='ltr'>quarto</span> 
     </span>
     <span class='ocr_line' id='line_1_38' title="bbox 182 2413 795 2451; baseline 0.01 -11"><span class='ocrx_word' id='word_1_276' title='bbox 182 2413 473 2449; x_wconf 76' lang='lat' dir='ltr'>consanguinitatis</span> <span class='ocrx_word' id='word_1_277' title='bbox 492 2414 591 2451; x_wconf 81' lang='lat' dir='ltr'>gradu</span> <span class='ocrx_word' id='word_1_278' title='bbox 608 2416 795 2446; x_wconf 79' lang='lat' dir='ltr'>attinebant.</span> 
     </span>
    </p>
   </div>
   <div class='ocr_carea' id='block_1_7' title="bbox 184 2465 1190 2561">
    <p class='ocr_par' dir='ltr' id='par_1_8' title="bbox 184 2465 1190 2561">
     <span class='ocr_line' id='line_1_39' title="bbox 226 2465 1190 2514; baseline 0.015 -21"><span class='ocrx_word' id='word_1_279' title='bbox 226 2477 238 2491; x_wconf 80' lang='grc' dir='ltr'>ι</span> <span class='ocrx_word' id='word_1_280' title='bbox 258 2465 374 2495; x_wconf 84' lang='lat' dir='ltr'>Petitio</span> <span class='ocrx_word' id='word_1_281' title='bbox 397 2466 502 2496; x_wconf 88' lang='lat' dir='ltr'>dilecti</span> <span class='ocrx_word' id='word_1_282' title='bbox 526 2467 622 2498; x_wconf 83' lang='lat' dir='ltr'>filii...</span> <span class='ocrx_word' id='word_1_283' title='bbox 648 2486 686 2490; x_wconf 97' lang='lat'><strong>—</strong></span> <span class='ocrx_word' id='word_1_284' title='bbox 709 2471 778 2500; x_wconf 89' lang='lat' dir='ltr'>Dat.</span> <span class='ocrx_word' id='word_1_285' title='bbox 805 2472 887 2510; x_wconf 90' lang='lat' dir='ltr'>apud</span> <span class='ocrx_word' id='word_1_286' title='bbox 911 2473 1190 2514; x_wconf 66' lang='lat' dir='ltr'>Urbemveterem,</span> 
     </span>
     <span class='ocr_line' id='line_1_40' title="bbox 184 2519 837 2561; baseline 0.008 -15"><span class='ocrx_word' id='word_1_287' title='bbox 184 2527 228 2547; x_wconf 92' lang='grc'>1111</span> <span class='ocrx_word' id='word_1_288' title='bbox 245 2526 346 2548; x_wconf 72' lang='lat' dir='ltr'>nonae</span> <span class='ocrx_word' id='word_1_289' title='bbox 362 2519 566 2557; x_wconf 79' lang='lat' dir='ltr'>septembris,</span> <span class='ocrx_word' id='word_1_290' title='bbox 583 2529 668 2551; x_wconf 87' lang='lat' dir='ltr'>anno</span> <span class='ocrx_word' id='word_1_291' title='bbox 683 2528 804 2561; x_wconf 84' lang='lat' dir='ltr'>quarto.</span> <span class='ocrx_word' id='word_1_292' title='bbox 825 2536 837 2551; x_wconf 67' lang='lat' dir='ltr'>n</span> 
     </span>
    </p>
   </div>
   <div class='ocr_carea' id='block_1_8' title="bbox 253 2689 371 2719">
    <p class='ocr_par' dir='ltr' id='par_1_9' title="bbox 253 2689 371 2719">
     <span class='ocr_line' id='line_1_41' title="bbox 253 2689 371 2719; baseline 0.008 -1"><span class='ocrx_word' id='word_1_293' title='bbox 253 2689 371 2719; x_wconf 72' lang='lat'><strong>(3096</strong></span> 
     </span>
    </p>
   </div>
   <div class='ocr_carea' id='block_1_9' title="bbox 182 2751 1192 2889">
    <p class='ocr_par' dir='ltr' id='par_1_10' title="bbox 182 2751 1192 2889">
     <span class='ocr_line' id='line_1_42' title="bbox 220 2751 1192 2794; baseline 0.015 -17"><span class='ocrx_word' id='word_1_294' title='bbox 220 2751 406 2788; x_wconf 80' lang='lat' dir='ltr'>Buguzsnus,</span> <span class='ocrx_word' id='word_1_295' title='bbox 423 2754 480 2780; x_wconf 89' lang='lat' dir='ltr'>dux</span> <span class='ocrx_word' id='word_1_296' title='bbox 497 2754 662 2786; x_wconf 78' lang='lat' dir='ltr'>Slavoruin,</span> <span class='ocrx_word' id='word_1_297' title='bbox 681 2763 835 2794; x_wconf 83' lang='lat' dir='ltr'>usurpator</span> <span class='ocrx_word' id='word_1_298' title='bbox 856 2761 996 2789; x_wconf 86' lang='lat' dir='ltr'>bonorum</span> <span class='ocrx_word' id='word_1_299' title='bbox 1017 2763 1122 2791; x_wconf 86' lang='lat' dir='ltr'>domus</span> <span class='ocrx_word' id='word_1_300' title='bbox 1137 2766 1192 2792; x_wconf 88' lang='lat' dir='ltr'>mi-</span> 
     </span>
     <span class='ocr_line' id='line_1_43' title="bbox 184 2801 1192 2847; baseline 0.016 -21"><span class='ocrx_word' id='word_1_301' title='bbox 184 2801 259 2827; x_wconf 84' lang='lat' dir='ltr'>litiae</span> <span class='ocrx_word' id='word_1_302' title='bbox 273 2801 383 2837; x_wconf 84' lang='lat' dir='ltr'>Templi</span> <span class='ocrx_word' id='word_1_303' title='bbox 399 2803 426 2829; x_wconf 92' lang='lat' dir='ltr'>in</span> <span class='ocrx_word' id='word_1_304' title='bbox 444 2803 594 2831; x_wconf 81' lang='lat' dir='ltr'>Alamania</span> <span class='ocrx_word' id='word_1_305' title='bbox 610 2809 637 2832; x_wconf 84' lang='lat' dir='ltr'>et</span> <span class='ocrx_word' id='word_1_306' title='bbox 654 2806 761 2839; x_wconf 82' lang='lat' dir='ltr'>Slavia,</span> <span class='ocrx_word' id='word_1_307' title='bbox 779 2816 872 2836; x_wconf 83' lang='lat' dir='ltr'>coram</span> <span class='ocrx_word' id='word_1_308' title='bbox 892 2811 960 2838; x_wconf 85' lang='lat' dir='ltr'>sede</span> <span class='ocrx_word' id='word_1_309' title='bbox 979 2814 1136 2847; x_wconf 84' lang='lat' dir='ltr'>apostolica</span> <span class='ocrx_word' id='word_1_310' title='bbox 1151 2816 1192 2843; x_wconf 87' lang='lat' dir='ltr'>ci-</span> 
     </span>
     <span class='ocr_line' id='line_1_44' title="bbox 182 2848 721 2889; baseline 0.011 -14"><span class='ocrx_word' id='word_1_311' title='bbox 182 2853 267 2876; x_wconf 87' lang='lat' dir='ltr'>tatur.</span> <span class='ocrx_word' id='word_1_312' title='bbox 283 2848 366 2882; x_wconf 77' lang='lat' dir='ltr'>(Rsc.</span> <span class='ocrx_word' id='word_1_313' title='bbox 383 2851 427 2882; x_wconf 70' lang='lat'>⁴6,</span> <span class='ocrx_word' id='word_1_314' title='bbox 443 2860 468 2878; x_wconf 91' lang='lat' dir='ltr'>c.</span> <span class='ocrx_word' id='word_1_315' title='bbox 487 2852 553 2886; x_wconf 72' lang='lat'>521,</span> <span class='ocrx_word' id='word_1_316' title='bbox 571 2854 590 2880; x_wconf 80' lang='lat' dir='ltr'>f.</span> <span class='ocrx_word' id='word_1_317' title='bbox 610 2854 658 2881; x_wconf 80' lang='lat'>103</span> <span class='ocrx_word' id='word_1_318' title='bbox 675 2856 721 2889; x_wconf 72' lang='lat' dir='ltr'>ro.)</span> 
     </span>
    </p>
   </div>
   <div class='ocr_carea' id='block_1_10' title="bbox 667 2696 1119 2734">
    <p class='ocr_par' dir='ltr' id='par_1_11' title="bbox 667 2696 1119 2734">
     <span class='ocr_line' id='line_1_45' title="bbox 667 2696 1119 2734; baseline 0.02 -14"><span class='ocrx_word' id='word_1_319' title='bbox 667 2696 793 2727; x_wconf 80' lang='lat' dir='ltr'>Orvieto,</span> <span class='ocrx_word' id='word_1_320' title='bbox 811 2697 843 2724; x_wconf 73' lang='lat'>27</span> <span class='ocrx_word' id='word_1_321' title='bbox 861 2700 1024 2734; x_wconf 81' lang='lat' dir='ltr'>septembre</span> <span class='ocrx_word' id='word_1_322' title='bbox 1042 2701 1119 2729; x_wconf 69' lang='lat'><strong>1291.</strong></span> 
     </span>
    </p>
   </div>
   <div class='ocr_carea' id='block_1_11' title="bbox 223 2953 1191 2998">
    <p class='ocr_par' dir='ltr' id='par_1_12' title="bbox 223 2953 1191 2998">
     <span class='ocr_line' id='line_1_46' title="bbox 223 2953 1191 2998; baseline 0.018 -17"><span class='ocrx_word' id='word_1_323' title='bbox 223 2976 242 2981; x_wconf 90' lang='lat'>..</span> <span class='ocrx_word' id='word_1_324' title='bbox 264 2953 372 2983; x_wconf 79' lang='lat' dir='ltr'>decano</span> <span class='ocrx_word' id='word_1_325' title='bbox 396 2956 514 2985; x_wconf 75' lang='lat' dir='ltr'>ecclesie</span> <span class='ocrx_word' id='word_1_326' title='bbox 533 2957 692 2987; x_wconf 76' lang='lat' dir='ltr'>Beatornm</span> <span class='ocrx_word' id='word_1_327' title='bbox 713 2960 921 2998; x_wconf 73' lang='lat' dir='ltr'>Apostolorum</span> <span class='ocrx_word' id='word_1_328' title='bbox 951 2964 1032 2994; x_wconf 74' lang='lat' dir='ltr'>Petri</span> <span class='ocrx_word' id='word_1_329' title='bbox 1053 2972 1078 2997; x_wconf 82' lang='lat' dir='ltr'>et</span> <span class='ocrx_word' id='word_1_330' title='bbox 1102 2967 1191 2998; x_wconf 75' lang='lat' dir='ltr'>Pauli</span> 
     </span>
    </p>
   </div>
   <div class='ocr_carea' id='block_1_12' title="bbox 1279 355 2337 1351">
    <p class='ocr_par' dir='ltr' id='par_1_13' title="bbox 1279 355 2337 1351">
     <span class='ocr_line' id='line_1_47' title="bbox 1288 355 2291 393; baseline 0.008 -11"><span class='ocrx_word' id='word_1_331' title='bbox 1288 362 1361 383; x_wconf 79' lang='lat' dir='ltr'>nove</span> <span class='ocrx_word' id='word_1_332' title='bbox 1377 355 1511 383; x_wconf 76' lang='lat' dir='ltr'>civitatis</span> <span class='ocrx_word' id='word_1_333' title='bbox 1530 355 1802 393; x_wconf 60' lang='lat' dir='ltr'>illaydeburqensis.</span> <span class='ocrx_word' id='word_1_334' title='bbox 1825 367 1838 382; x_wconf 75' lang='grc' dir='ltr'><strong>α</strong></span> <span class='ocrx_word' id='word_1_335' title='bbox 1861 356 1926 386; x_wconf 85' lang='lat' dir='ltr'>Sua</span> <span class='ocrx_word' id='word_1_336' title='bbox 1947 356 2041 386; x_wconf 89' lang='lat' dir='ltr'>nobis</span> <span class='ocrx_word' id='word_1_337' title='bbox 2061 356 2168 386; x_wconf 87' lang='lat' dir='ltr'>dilecti</span> <span class='ocrx_word' id='word_1_338' title='bbox 2190 357 2249 388; x_wconf 81' lang='lat' dir='ltr'>filii</span> <span class='ocrx_word' id='word_1_339' title='bbox 2271 383 2291 390; x_wconf 91' lang='lat'>..</span> 
     </span>
     <span class='ocr_line' id='line_1_48' title="bbox 1287 407 2296 448; baseline 0.007 -13"><span class='ocrx_word' id='word_1_340' title='bbox 1287 411 1450 445; x_wconf 84' lang='lat' dir='ltr'>preceptor</span> <span class='ocrx_word' id='word_1_341' title='bbox 1470 412 1500 436; x_wconf 88' lang='lat' dir='ltr'>et</span> <span class='ocrx_word' id='word_1_342' title='bbox 1523 407 1634 437; x_wconf 85' lang='lat' dir='ltr'>fratres</span> <span class='ocrx_word' id='word_1_343' title='bbox 1652 407 1766 438; x_wconf 89' lang='lat' dir='ltr'>domus</span> <span class='ocrx_word' id='word_1_344' title='bbox 1792 408 1908 438; x_wconf 85' lang='lat' dir='ltr'>militie</span> <span class='ocrx_word' id='word_1_345' title='bbox 1923 409 2048 448; x_wconf 88' lang='lat' dir='ltr'>Templi</span> <span class='ocrx_word' id='word_1_346' title='bbox 2069 409 2101 438; x_wconf 89' lang='lat' dir='ltr'>in</span> <span class='ocrx_word' id='word_1_347' title='bbox 2125 409 2296 443; x_wconf 85' lang='lat' dir='ltr'>Alamania</span> 
     </span>
     <span class='ocr_line' id='line_1_49' title="bbox 1285 458 2295 500; baseline 0.008 -13"><span class='ocrx_word' id='word_1_348' title='bbox 1285 463 1315 488; x_wconf 87' lang='lat' dir='ltr'>et</span> <span class='ocrx_word' id='word_1_349' title='bbox 1342 458 1449 488; x_wconf 85' lang='lat' dir='ltr'>Slavia</span> <span class='ocrx_word' id='word_1_350' title='bbox 1477 460 1628 498; x_wconf 88' lang='lat' dir='ltr'>petitione</span> <span class='ocrx_word' id='word_1_351' title='bbox 1655 465 1877 491; x_wconf 90' lang='lat' dir='ltr'>monstrarunt</span> <span class='ocrx_word' id='word_1_352' title='bbox 1901 461 1986 500; x_wconf 89' lang='lat' dir='ltr'>qnod</span> <span class='ocrx_word' id='word_1_353' title='bbox 2011 463 2206 494; x_wconf 84' lang='lat' dir='ltr'>venerabilis</span> <span class='ocrx_word' id='word_1_354' title='bbox 2230 464 2295 495; x_wconf 81' lang='lat' dir='ltr'>sra-</span> 
     </span>
     <span class='ocr_line' id='line_1_50' title="bbox 1285 513 2294 556; baseline 0.008 -16"><span class='ocrx_word' id='word_1_355' title='bbox 1285 515 1332 540; x_wconf 87' lang='lat' dir='ltr'>ter</span> <span class='ocrx_word' id='word_1_356' title='bbox 1348 515 1454 541; x_wconf 79' lang='lat' dir='ltr'>noster</span> <span class='ocrx_word' id='word_1_357' title='bbox 1471 535 1490 542; x_wconf 88' lang='lat'>..</span> <span class='ocrx_word' id='word_1_358' title='bbox 1509 513 1674 551; x_wconf 86' lang='lat' dir='ltr'>episcopus</span> <span class='ocrx_word' id='word_1_359' title='bbox 1688 513 1978 548; x_wconf 60' lang='lat' dir='ltr'>Halberstfflensis,</span> <span class='ocrx_word' id='word_1_360' title='bbox 1996 520 2106 545; x_wconf 91' lang='lat' dir='ltr'>contra</span> <span class='ocrx_word' id='word_1_361' title='bbox 2122 518 2294 556; x_wconf 79' lang='lat' dir='ltr'>raptorum,</span> 
     </span>
     <span class='ocr_line' id='line_1_51' title="bbox 1286 564 2296 602; baseline 0.008 -9"><span class='ocrx_word' id='word_1_362' title='bbox 1286 564 1462 602; x_wconf 87' lang='lat' dir='ltr'>predonum</span> <span class='ocrx_word' id='word_1_363' title='bbox 1478 570 1508 594; x_wconf 85' lang='lat' dir='ltr'>et</span> <span class='ocrx_word' id='word_1_364' title='bbox 1524 566 1708 596; x_wconf 86' lang='lat' dir='ltr'>invasorum</span> <span class='ocrx_word' id='word_1_365' title='bbox 1728 566 1890 596; x_wconf 85' lang='lat' dir='ltr'>audatiam</span> <span class='ocrx_word' id='word_1_366' title='bbox 1908 567 1954 596; x_wconf 89' lang='lat' dir='ltr'>eis</span> <span class='ocrx_word' id='word_1_367' title='bbox 1971 573 2176 599; x_wconf 87' lang='lat' dir='ltr'>conservator</span> <span class='ocrx_word' id='word_1_368' title='bbox 2189 578 2207 599; x_wconf 89' lang='lat' dir='ltr'>a</span> <span class='ocrx_word' id='word_1_369' title='bbox 2223 570 2296 602; x_wconf 84' lang='lat' dir='ltr'>sede</span> 
     </span>
     <span class='ocr_line' id='line_1_52' title="bbox 1283 617 2330 660; baseline 0.007 -14"><span class='ocrx_word' id='word_1_370' title='bbox 1283 617 1455 656; x_wconf 86' lang='lat' dir='ltr'>apostolica</span> <span class='ocrx_word' id='word_1_371' title='bbox 1472 618 1652 657; x_wconf 83' lang='lat' dir='ltr'>deputatus,</span> <span class='ocrx_word' id='word_1_372' title='bbox 1670 619 1703 648; x_wconf 92' lang='lat' dir='ltr'>in</span> <span class='ocrx_word' id='word_1_373' title='bbox 1719 619 1860 649; x_wconf 85' lang='lat' dir='ltr'>nobilem</span> <span class='ocrx_word' id='word_1_374' title='bbox 1879 619 1985 650; x_wconf 89' lang='lat' dir='ltr'>virum</span> <span class='ocrx_word' id='word_1_375' title='bbox 2003 620 2218 659; x_wconf 82' lang='lat' dir='ltr'>Buguzsaum,</span> <span class='ocrx_word' id='word_1_376' title='bbox 2237 622 2295 654; x_wconf 88' lang='lat' dir='ltr'>du·</span> <span class='ocrx_word' id='word_1_377' title='bbox 2327 653 2330 660; x_wconf 76' lang='grc'><strong>,</strong></span> 
     </span>
     <span class='ocr_line' id='line_1_53' title="bbox 1283 670 2337 710; baseline 0.006 -10"><span class='ocrx_word' id='word_1_378' title='bbox 1283 679 1351 700; x_wconf 90' lang='grc'>00111</span> <span class='ocrx_word' id='word_1_379' title='bbox 1368 670 1536 700; x_wconf 83' lang='lat' dir='ltr'>Slavorum</span> <span class='ocrx_word' id='word_1_380' title='bbox 1553 676 1584 701; x_wconf 89' lang='lat' dir='ltr'>et</span> <span class='ocrx_word' id='word_1_381' title='bbox 1599 671 1767 702; x_wconf 89' lang='lat' dir='ltr'>dominnm</span> <span class='ocrx_word' id='word_1_382' title='bbox 1780 672 1819 702; x_wconf 89' lang='lat' dir='ltr'>de</span> <span class='ocrx_word' id='word_1_383' title='bbox 1831 672 1959 710; x_wconf 88' lang='lat' dir='ltr'>Stetim‚</span> <span class='ocrx_word' id='word_1_384' title='bbox 1973 673 2177 704; x_wconf 85' lang='lat' dir='ltr'>Caminensis</span> <span class='ocrx_word' id='word_1_385' title='bbox 2194 675 2295 707; x_wconf 92' lang='lat' dir='ltr'>dioce-</span> <span class='ocrx_word' id='word_1_386' title='bbox 2319 677 2337 686; x_wconf 62' lang='lat'>⁴¹</span> 
     </span>
     <span class='ocr_line' id='line_1_54' title="bbox 1283 723 2296 767; baseline 0.006 -15"><span class='ocrx_word' id='word_1_387' title='bbox 1283 723 1336 759; x_wconf 80' lang='lat' dir='ltr'>sis,</span> <span class='ocrx_word' id='word_1_388' title='bbox 1357 732 1410 761; x_wconf 85' lang='lat' dir='ltr'>pro</span> <span class='ocrx_word' id='word_1_389' title='bbox 1427 732 1463 753; x_wconf 90' lang='lat' dir='ltr'>eo</span> <span class='ocrx_word' id='word_1_390' title='bbox 1477 724 1560 762; x_wconf 82' lang='lat' dir='ltr'>quod</span> <span class='ocrx_word' id='word_1_391' title='bbox 1572 724 1640 762; x_wconf 87' lang='lat' dir='ltr'>ipse</span> <span class='ocrx_word' id='word_1_392' title='bbox 1657 725 1813 763; x_wconf 83' lang='lat' dir='ltr'>predictos</span> <span class='ocrx_word' id='word_1_393' title='bbox 1829 730 2043 764; x_wconf 83' lang='lat' dir='ltr'>preceptorem</span> <span class='ocrx_word' id='word_1_394' title='bbox 2058 730 2088 758; x_wconf 88' lang='lat' dir='ltr'>et</span> <span class='ocrx_word' id='word_1_395' title='bbox 2102 727 2215 758; x_wconf 84' lang='lat' dir='ltr'>fratres</span> <span class='ocrx_word' id='word_1_396' title='bbox 2224 728 2296 767; x_wconf 85' lang='lat' dir='ltr'>qui-</span> 
     </span>
     <span class='ocr_line' id='line_1_55' title="bbox 1282 776 2293 820; baseline 0.006 -15"><span class='ocrx_word' id='word_1_397' title='bbox 1282 776 1415 806; x_wconf 87' lang='lat' dir='ltr'>busdam</span> <span class='ocrx_word' id='word_1_398' title='bbox 1436 777 1538 815; x_wconf 79' lang='lat' dir='ltr'>equis,</span> <span class='ocrx_word' id='word_1_399' title='bbox 1556 777 1667 814; x_wconf 88' lang='lat' dir='ltr'>bobus,</span> <span class='ocrx_word' id='word_1_400' title='bbox 1687 779 1801 815; x_wconf 85' lang='lat' dir='ltr'>vaccis,</span> <span class='ocrx_word' id='word_1_401' title='bbox 1822 779 1937 817; x_wconf 88' lang='lat' dir='ltr'>porcis,</span> <span class='ocrx_word' id='word_1_402' title='bbox 1955 780 2081 817; x_wconf 85' lang='lat' dir='ltr'>ovibus,</span> <span class='ocrx_word' id='word_1_403' title='bbox 2099 781 2293 820; x_wconf 83' lang='lat' dir='ltr'>redditibus,</span> 
     </span>
     <span class='ocr_line' id='line_1_56' title="bbox 1284 830 2296 871; baseline 0.007 -13"><span class='ocrx_word' id='word_1_404' title='bbox 1284 830 1499 868; x_wconf 81' lang='lat' dir='ltr'>proventibus,</span> <span class='ocrx_word' id='word_1_405' title='bbox 1514 831 1779 869; x_wconf 84' lang='lat' dir='ltr'>possessionibus,</span> <span class='ocrx_word' id='word_1_406' title='bbox 1793 841 1902 862; x_wconf 88' lang='lat' dir='ltr'>annua</span> <span class='ocrx_word' id='word_1_407' title='bbox 1915 833 2067 871; x_wconf 86' lang='lat' dir='ltr'>pensione</span> <span class='ocrx_word' id='word_1_408' title='bbox 2080 833 2296 866; x_wconf 80' lang='lat' dir='ltr'>acrebusaliis</span> 
     </span>
     <span class='ocr_line' id='line_1_57' title="bbox 1281 883 2302 926; baseline 0.006 -14"><span class='ocrx_word' id='word_1_409' title='bbox 1281 883 1320 912; x_wconf 89' lang='lat' dir='ltr'>ad</span> <span class='ocrx_word' id='word_1_410' title='bbox 1340 884 1470 913; x_wconf 86' lang='lat' dir='ltr'>domum</span> <span class='ocrx_word' id='word_1_411' title='bbox 1491 884 1592 922; x_wconf 86' lang='lat' dir='ltr'>ipsam</span> <span class='ocrx_word' id='word_1_412' title='bbox 1615 885 1830 923; x_wconf 86' lang='lat' dir='ltr'>spectantibus</span> <span class='ocrx_word' id='word_1_413' title='bbox 1847 890 1957 916; x_wconf 90' lang='lat' dir='ltr'>contra</span> <span class='ocrx_word' id='word_1_414' title='bbox 1970 887 2130 925; x_wconf 87' lang='lat' dir='ltr'>justitiam</span> <span class='ocrx_word' id='word_1_415' title='bbox 2153 895 2206 926; x_wconf 86' lang='lat' dir='ltr'>per</span> <span class='ocrx_word' id='word_1_416' title='bbox 2228 887 2302 918; x_wconf 86' lang='lat' dir='ltr'>vio-·</span> 
     </span>
     <span class='ocr_line' id='line_1_58' title="bbox 1282 937 2297 980; baseline 0.006 -14"><span class='ocrx_word' id='word_1_417' title='bbox 1282 937 1415 967; x_wconf 90' lang='lat' dir='ltr'>lentiam</span> <span class='ocrx_word' id='word_1_418' title='bbox 1433 937 1592 976; x_wconf 88' lang='lat' dir='ltr'>spoliavit,</span> <span class='ocrx_word' id='word_1_419' title='bbox 1610 943 1641 967; x_wconf 88' lang='lat' dir='ltr'>et</span> <span class='ocrx_word' id='word_1_420' title='bbox 1658 938 1831 977; x_wconf 81' lang='lat' dir='ltr'>diligenter</span> <span class='ocrx_word' id='word_1_421' title='bbox 1846 940 1886 969; x_wconf 89' lang='lat' dir='ltr'>ab</span> <span class='ocrx_word' id='word_1_422' title='bbox 1904 940 2015 970; x_wconf 89' lang='lat' dir='ltr'>eodem</span> <span class='ocrx_word' id='word_1_423' title='bbox 2033 941 2178 980; x_wconf 88' lang='lat' dir='ltr'>episcopo</span> <span class='ocrx_word' id='word_1_424' title='bbox 2195 941 2297 972; x_wconf 86' lang='lat' dir='ltr'>moni-</span> 
     </span>
     <span class='ocr_line' id='line_1_59' title="bbox 1283 990 2297 1031; baseline 0.006 -12"><span class='ocrx_word' id='word_1_425' title='bbox 1283 995 1331 1020; x_wconf 85' lang='lat' dir='ltr'>tus</span> <span class='ocrx_word' id='word_1_426' title='bbox 1355 990 1411 1020; x_wconf 93' lang='lat' dir='ltr'>illa</span> <span class='ocrx_word' id='word_1_427' title='bbox 1430 991 1524 1021; x_wconf 90' lang='lat' dir='ltr'>dictis</span> <span class='ocrx_word' id='word_1_428' title='bbox 1543 993 1718 1031; x_wconf 84' lang='lat' dir='ltr'>preceptori</span> <span class='ocrx_word' id='word_1_429' title='bbox 1744 997 1774 1022; x_wconf 90' lang='lat' dir='ltr'>et</span> <span class='ocrx_word' id='word_1_430' title='bbox 1798 993 1947 1023; x_wconf 80' lang='lat' dir='ltr'>fratribus</span> <span class='ocrx_word' id='word_1_431' title='bbox 1968 994 2135 1024; x_wconf 86' lang='lat' dir='ltr'>restituere</span> <span class='ocrx_word' id='word_1_432' title='bbox 2155 994 2297 1026; x_wconf 82' lang='lat' dir='ltr'>indebite</span> 
     </span>
     <span class='ocr_line' id='line_1_60' title="bbox 1282 1044 2296 1087; baseline 0.006 -15"><span class='ocrx_word' id='word_1_433' title='bbox 1282 1044 1465 1082; x_wconf 76' lang='lat' dir='ltr'>denegavit,</span> <span class='ocrx_word' id='word_1_434' title='bbox 1484 1053 1555 1074; x_wconf 89' lang='lat' dir='ltr'>cum</span> <span class='ocrx_word' id='word_1_435' title='bbox 1574 1044 1633 1074; x_wconf 90' lang='lat' dir='ltr'>hoc</span> <span class='ocrx_word' id='word_1_436' title='bbox 1648 1050 1730 1075; x_wconf 85' lang='lat' dir='ltr'>esset</span> <span class='ocrx_word' id='word_1_437' title='bbox 1744 1045 1824 1076; x_wconf 89' lang='lat' dir='ltr'>adeo</span> <span class='ocrx_word' id='word_1_438' title='bbox 1840 1047 2003 1076; x_wconf 88' lang='lat' dir='ltr'>notorium</span> <span class='ocrx_word' id='word_1_439' title='bbox 2019 1047 2102 1086; x_wconf 90' lang='lat' dir='ltr'>qnod</span> <span class='ocrx_word' id='word_1_440' title='bbox 2119 1047 2209 1078; x_wconf 91' lang='lat' dir='ltr'>nulla</span> <span class='ocrx_word' id='word_1_441' title='bbox 2225 1056 2296 1087; x_wconf 89' lang='lat' dir='ltr'>pos-</span> 
     </span>
     <span class='ocr_line' id='line_1_61' title="bbox 1281 1099 2294 1137; baseline 0.007 -10"><span class='ocrx_word' id='word_1_442' title='bbox 1281 1103 1328 1128; x_wconf 85' lang='lat' dir='ltr'>set</span> <span class='ocrx_word' id='word_1_443' title='bbox 1345 1099 1606 1137; x_wconf 77' lang='lat' dir='ltr'>tergiversatione</span> <span class='ocrx_word' id='word_1_444' title='bbox 1622 1100 1731 1137; x_wconf 85' lang='lat' dir='ltr'>celari,</span> <span class='ocrx_word' id='word_1_445' title='bbox 1748 1102 2091 1133; x_wconf 79' lang='lat' dir='ltr'>excommunicationis</span> <span class='ocrx_word' id='word_1_446' title='bbox 2103 1103 2294 1134; x_wconf 84' lang='lat' dir='ltr'>sententiam</span> 
     </span>
     <span class='ocr_line' id='line_1_62' title="bbox 1280 1151 2293 1194; baseline 0.005 -14"><span class='ocrx_word' id='word_1_447' title='bbox 1280 1151 1468 1181; x_wconf 85' lang='lat' dir='ltr'>auctoritate</span> <span class='ocrx_word' id='word_1_448' title='bbox 1491 1152 1741 1182; x_wconf 83' lang='lat' dir='ltr'>conservationis</span> <span class='ocrx_word' id='word_1_449' title='bbox 1765 1153 1967 1192; x_wconf 85' lang='lat' dir='ltr'>hujusmodi,</span> <span class='ocrx_word' id='word_1_450' title='bbox 1988 1154 2135 1192; x_wconf 81' lang='lat' dir='ltr'>exigente</span> <span class='ocrx_word' id='word_1_451' title='bbox 2150 1154 2293 1194; x_wconf 80' lang='lat' dir='ltr'>justitia.</span> 
     </span>
     <span class='ocr_line' id='line_1_63' title="bbox 1280 1205 2296 1248; baseline 0.006 -15"><span class='ocrx_word' id='word_1_452' title='bbox 1280 1205 1504 1243; x_wconf 83' lang='lat' dir='ltr'>promulgavit.</span> <span class='ocrx_word' id='word_1_453' title='bbox 1533 1205 1679 1244; x_wconf 83' lang='lat' dir='ltr'>Cumque</span> <span class='ocrx_word' id='word_1_454' title='bbox 1708 1206 1786 1236; x_wconf 85' lang='lat' dir='ltr'>dicti</span> <span class='ocrx_word' id='word_1_455' title='bbox 1814 1212 1977 1246; x_wconf 88' lang='lat' dir='ltr'>preceptor</span> <span class='ocrx_word' id='word_1_456' title='bbox 2005 1212 2036 1238; x_wconf 89' lang='lat' dir='ltr'>et</span> <span class='ocrx_word' id='word_1_457' title='bbox 2061 1208 2173 1239; x_wconf 89' lang='lat' dir='ltr'>fratres</span> <span class='ocrx_word' id='word_1_458' title='bbox 2199 1216 2296 1248; x_wconf 83' lang='lat' dir='ltr'>super</span> 
     </span>
     <span class='ocr_line' id='line_1_64' title="bbox 1279 1259 2294 1301; baseline 0.004 -13"><span class='ocrx_word' id='word_1_459' title='bbox 1279 1259 1501 1289; x_wconf 86' lang='lat' dir='ltr'>observatione</span> <span class='ocrx_word' id='word_1_460' title='bbox 1518 1259 1618 1297; x_wconf 88' lang='lat' dir='ltr'>ipsius</span> <span class='ocrx_word' id='word_1_461' title='bbox 1634 1260 1809 1297; x_wconf 86' lang='lat' dir='ltr'>sententie,</span> <span class='ocrx_word' id='word_1_462' title='bbox 1828 1269 1924 1299; x_wconf 84' lang='lat' dir='ltr'>quam</span> <span class='ocrx_word' id='word_1_463' title='bbox 1947 1261 2050 1291; x_wconf 90' lang='lat' dir='ltr'>dictus</span> <span class='ocrx_word' id='word_1_464' title='bbox 2071 1261 2134 1292; x_wconf 92' lang='lat' dir='ltr'>dux</span> <span class='ocrx_word' id='word_1_465' title='bbox 2159 1270 2213 1301; x_wconf 88' lang='lat' dir='ltr'>per</span> <span class='ocrx_word' id='word_1_466' title='bbox 2234 1271 2294 1292; x_wconf 83' lang='lat' dir='ltr'>an-</span> 
     </span>
     <span class='ocr_line' id='line_1_65' title="bbox 1280 1312 2294 1351; baseline 0.004 -10"><span class='ocrx_word' id='word_1_467' title='bbox 1280 1321 1359 1342; x_wconf 87' lang='lat' dir='ltr'>num</span> <span class='ocrx_word' id='word_1_468' title='bbox 1384 1317 1414 1341; x_wconf 89' lang='lat' dir='ltr'>et</span> <span class='ocrx_word' id='word_1_469' title='bbox 1438 1312 1576 1351; x_wconf 87' lang='lat' dir='ltr'>amplius</span> <span class='ocrx_word' id='word_1_470' title='bbox 1601 1312 1808 1351; x_wconf 86' lang='lat' dir='ltr'>pertinaciter</span> <span class='ocrx_word' id='word_1_471' title='bbox 1832 1313 1991 1350; x_wconf 81' lang='lat' dir='ltr'>toleravit,</span> <span class='ocrx_word' id='word_1_472' title='bbox 2012 1314 2051 1343; x_wconf 91' lang='lat' dir='ltr'>ad</span> <span class='ocrx_word' id='word_1_473' title='bbox 2075 1314 2294 1345; x_wconf 86' lang='lat' dir='ltr'>venerabilem</span> 
     </span>
    </p>
   </div>
   <div class='ocr_carea' id='block_1_13' title="bbox 1279 1365 2343 1407">
    <p class='ocr_par' dir='ltr' id='par_1_14' title="bbox 1279 1365 2343 1407">
     <span class='ocr_line' id='line_1_66' title="bbox 1279 1365 2343 1407; baseline 0.004 -13"><span class='ocrx_word' id='word_1_474' title='bbox 1279 1365 1409 1395; x_wconf 84' lang='lat' dir='ltr'>fratrem</span> <span class='ocrx_word' id='word_1_475' title='bbox 1426 1370 1571 1396; x_wconf 88' lang='lat' dir='ltr'>nostrum</span> <span class='ocrx_word' id='word_1_476' title='bbox 1595 1388 1616 1396; x_wconf 85' lang='lat'>..</span> <span class='ocrx_word' id='word_1_477' title='bbox 1635 1366 1949 1404; x_wconf 88' lang='lat' dir='ltr'>Magdeburgensem</span> <span class='ocrx_word' id='word_1_478' title='bbox 1967 1367 2243 1407; x_wconf 87' lang='lat' dir='ltr'>archiepiscopum</span> <span class='ocrx_word' id='word_1_479' title='bbox 2258 1368 2293 1398; x_wconf 88' lang='lat' dir='ltr'>in</span> <span class='ocrx_word' id='word_1_480' title='bbox 2339 1395 2343 1403; x_wconf 83' lang='lat'>‚</span> 
     </span>
    </p>
   </div>
   <div class='ocr_carea' id='block_1_14' title="bbox 1273 1419 2293 3011">
    <p class='ocr_par' dir='ltr' id='par_1_15' title="bbox 1273 1419 2293 3011">
     <span class='ocr_line' id='line_1_67' title="bbox 1278 1419 2293 1459; baseline 0.004 -11"><span class='ocrx_word' id='word_1_481' title='bbox 1278 1419 1444 1449; x_wconf 88' lang='lat' dir='ltr'>communi</span> <span class='ocrx_word' id='word_1_482' title='bbox 1470 1419 1571 1449; x_wconf 81' lang='lat' dir='ltr'>forma</span> <span class='ocrx_word' id='word_1_483' title='bbox 1594 1419 1784 1458; x_wconf 87' lang='lat' dir='ltr'>apostolicas</span> <span class='ocrx_word' id='word_1_484' title='bbox 1806 1420 1928 1450; x_wconf 82' lang='lat' dir='ltr'>litteras</span> <span class='ocrx_word' id='word_1_485' title='bbox 1948 1421 2188 1459; x_wconf 87' lang='lat' dir='ltr'>impetrassent,</span> <span class='ocrx_word' id='word_1_486' title='bbox 2206 1421 2293 1452; x_wconf 85' lang='lat' dir='ltr'>idem</span> 
     </span>
     <span class='ocr_line' id='line_1_68' title="bbox 1277 1472 2292 1514; baseline 0.004 -12"><span class='ocrx_word' id='word_1_487' title='bbox 1277 1472 1554 1512; x_wconf 87' lang='lat' dir='ltr'>archiepiscopus,</span> <span class='ocrx_word' id='word_1_488' title='bbox 1588 1474 1664 1512; x_wconf 87' lang='lat' dir='ltr'>qnia</span> <span class='ocrx_word' id='word_1_489' title='bbox 1689 1473 1751 1503; x_wconf 89' lang='lat' dir='ltr'>sibi</span> <span class='ocrx_word' id='word_1_490' title='bbox 1777 1473 1920 1512; x_wconf 84' lang='lat' dir='ltr'>legitime</span> <span class='ocrx_word' id='word_1_491' title='bbox 1947 1475 2090 1505; x_wconf 88' lang='lat' dir='ltr'>constitit</span> <span class='ocrx_word' id='word_1_492' title='bbox 2117 1475 2292 1514; x_wconf 87' lang='lat' dir='ltr'>predictam</span> 
     </span>
     <span class='ocr_line' id='line_1_69' title="bbox 1277 1526 2291 1567; baseline 0.003 -12"><span class='ocrx_word' id='word_1_493' title='bbox 1277 1528 1469 1556; x_wconf 87' lang='lat' dir='ltr'>sententiam</span> <span class='ocrx_word' id='word_1_494' title='bbox 1494 1526 1729 1557; x_wconf 85' lang='lat' dir='ltr'>rationabiliter</span> <span class='ocrx_word' id='word_1_495' title='bbox 1744 1527 1811 1557; x_wconf 83' lang='lat' dir='ltr'>fore</span> <span class='ocrx_word' id='word_1_496' title='bbox 1827 1526 1934 1563; x_wconf 86' lang='lat' dir='ltr'>latam,</span> <span class='ocrx_word' id='word_1_497' title='bbox 1953 1536 2036 1565; x_wconf 89' lang='lat' dir='ltr'>eam,</span> <span class='ocrx_word' id='word_1_498' title='bbox 2054 1529 2202 1566; x_wconf 80' lang='lat' dir='ltr'>exigente</span> <span class='ocrx_word' id='word_1_499' title='bbox 2224 1527 2291 1567; x_wconf 85' lang='lat' dir='ltr'>jus-</span> 
     </span>
     <span class='ocr_line' id='line_1_70' title="bbox 1278 1580 2292 1621; baseline 0.002 -11"><span class='ocrx_word' id='word_1_500' title='bbox 1278 1581 1361 1617; x_wconf 87' lang='lat' dir='ltr'>titia,</span> <span class='ocrx_word' id='word_1_501' title='bbox 1385 1580 1549 1610; x_wconf 85' lang='lat' dir='ltr'>mandavit</span> <span class='ocrx_word' id='word_1_502' title='bbox 1570 1580 1802 1611; x_wconf 83' lang='lat' dir='ltr'>inviolabiliter</span> <span class='ocrx_word' id='word_1_503' title='bbox 1823 1581 2004 1618; x_wconf 87' lang='lat' dir='ltr'>observari,</span> <span class='ocrx_word' id='word_1_504' title='bbox 2027 1581 2218 1621; x_wconf 84' lang='lat' dir='ltr'>dictumque</span> <span class='ocrx_word' id='word_1_505' title='bbox 2234 1581 2292 1612; x_wconf 90' lang='lat' dir='ltr'>du-</span> 
     </span>
     <span class='ocr_line' id='line_1_71' title="bbox 1276 1634 2292 1672; baseline 0.001 -8"><span class='ocrx_word' id='word_1_506' title='bbox 1276 1643 1344 1664; x_wconf 89' lang='lat' dir='ltr'>cem</span> <span class='ocrx_word' id='word_1_507' title='bbox 1363 1643 1462 1672; x_wconf 88' lang='lat' dir='ltr'>usque</span> <span class='ocrx_word' id='word_1_508' title='bbox 1484 1634 1523 1663; x_wconf 88' lang='lat' dir='ltr'>ad</span> <span class='ocrx_word' id='word_1_509' title='bbox 1540 1635 1787 1665; x_wconf 77' lang='lat' dir='ltr'>satisfactionem</span> <span class='ocrx_word' id='word_1_510' title='bbox 1804 1634 1998 1672; x_wconf 84' lang='lat' dir='ltr'>condignam</span> <span class='ocrx_word' id='word_1_511' title='bbox 2013 1636 2292 1666; x_wconf 83' lang='lat' dir='ltr'>excomunicatum</span> 
     </span>
     <span class='ocr_line' id='line_1_72' title="bbox 1275 1687 2291 1727; baseline 0.002 -10"><span class='ocrx_word' id='word_1_512' title='bbox 1275 1687 1403 1726; x_wconf 86' lang='lat' dir='ltr'>publice</span> <span class='ocrx_word' id='word_1_513' title='bbox 1420 1688 1577 1717; x_wconf 86' lang='lat' dir='ltr'>nuntiari.</span> <span class='ocrx_word' id='word_1_514' title='bbox 1595 1689 1717 1718; x_wconf 84' lang='lat' dir='ltr'>Verum</span> <span class='ocrx_word' id='word_1_515' title='bbox 1733 1688 1796 1718; x_wconf 83' lang='lat' dir='ltr'>dux</span> <span class='ocrx_word' id='word_1_516' title='bbox 1816 1688 1885 1727; x_wconf 87' lang='lat' dir='ltr'>ipse</span> <span class='ocrx_word' id='word_1_517' title='bbox 1908 1689 2011 1727; x_wconf 90' lang='lat' dir='ltr'>primo</span> <span class='ocrx_word' id='word_1_518' title='bbox 2037 1688 2141 1718; x_wconf 89' lang='lat' dir='ltr'>eidem</span> <span class='ocrx_word' id='word_1_519' title='bbox 2165 1688 2291 1720; x_wconf 89' lang='lat' dir='ltr'>archie-</span> 
     </span>
     <span class='ocr_line' id='line_1_73' title="bbox 1275 1735 2292 1782; baseline 0.003 -12"><span class='ocrx_word' id='word_1_520' title='bbox 1275 1742 1402 1780; x_wconf 87' lang='lat' dir='ltr'>piscopo</span> <span class='ocrx_word' id='word_1_521' title='bbox 1419 1742 1503 1779; x_wconf 90' lang='lat' dir='ltr'>quod</span> <span class='ocrx_word' id='word_1_522' title='bbox 1522 1741 1710 1781; x_wconf 88' lang='lat' dir='ltr'>hujusmodi</span> <span class='ocrx_word' id='word_1_523' title='bbox 1728 1742 1855 1780; x_wconf 87' lang='lat' dir='ltr'>questio</span> <span class='ocrx_word' id='word_1_524' title='bbox 1877 1746 1944 1772; x_wconf 87' lang='lat' dir='ltr'>erat</span> <span class='ocrx_word' id='word_1_525' title='bbox 1959 1742 2046 1772; x_wconf 88' lang='lat' dir='ltr'>inter</span> <span class='ocrx_word' id='word_1_526' title='bbox 2060 1743 2144 1782; x_wconf 88' lang='lat' dir='ltr'>ipsos</span> <span class='ocrx_word' id='word_1_527' title='bbox 2162 1735 2292 1782; x_wconf 83' lang='lat' dir='ltr'>precep-</span> 
     </span>
     <span class='ocr_line' id='line_1_74' title="bbox 1275 1795 2292 1836; baseline 0.003 -12"><span class='ocrx_word' id='word_1_528' title='bbox 1275 1799 1374 1826; x_wconf 84' lang='lat' dir='ltr'>torem</span> <span class='ocrx_word' id='word_1_529' title='bbox 1393 1800 1422 1825; x_wconf 88' lang='lat' dir='ltr'>et</span> <span class='ocrx_word' id='word_1_530' title='bbox 1434 1795 1547 1825; x_wconf 79' lang='lat' dir='ltr'>fratres</span> <span class='ocrx_word' id='word_1_531' title='bbox 1563 1805 1599 1825; x_wconf 89' lang='grc'>30</span> <span class='ocrx_word' id='word_1_532' title='bbox 1615 1795 1735 1825; x_wconf 87' lang='lat' dir='ltr'>dictum</span> <span class='ocrx_word' id='word_1_533' title='bbox 1755 1795 1868 1825; x_wconf 88' lang='lat' dir='ltr'>ducem</span> <span class='ocrx_word' id='word_1_534' title='bbox 1883 1795 2046 1826; x_wconf 87' lang='lat' dir='ltr'>amicabili</span> <span class='ocrx_word' id='word_1_535' title='bbox 2060 1796 2292 1836; x_wconf 85' lang='lat' dir='ltr'>compositione</span> 
     </span>
     <span class='ocr_line' id='line_1_75' title="bbox 1276 1849 2292 1889; baseline 0.002 -11"><span class='ocrx_word' id='word_1_536' title='bbox 1276 1850 1376 1887; x_wconf 87' lang='lat' dir='ltr'>sopita</span> <span class='ocrx_word' id='word_1_537' title='bbox 1398 1853 1428 1878; x_wconf 89' lang='lat' dir='ltr'>et</span> <span class='ocrx_word' id='word_1_538' title='bbox 1454 1859 1471 1878; x_wconf 88' lang='lat' dir='ltr'>a</span> <span class='ocrx_word' id='word_1_539' title='bbox 1492 1849 1635 1887; x_wconf 89' lang='lat' dir='ltr'>partibus</span> <span class='ocrx_word' id='word_1_540' title='bbox 1657 1854 1833 1888; x_wconf 87' lang='lat' dir='ltr'>acceptata,</span> <span class='ocrx_word' id='word_1_541' title='bbox 1859 1854 1889 1879; x_wconf 91' lang='lat' dir='ltr'>et</span> <span class='ocrx_word' id='word_1_542' title='bbox 1914 1849 1999 1888; x_wconf 87' lang='lat' dir='ltr'>quod</span> <span class='ocrx_word' id='word_1_543' title='bbox 2022 1854 2148 1889; x_wconf 87' lang='lat' dir='ltr'>propter</span> <span class='ocrx_word' id='word_1_544' title='bbox 2169 1849 2232 1880; x_wconf 88' lang='lat' dir='ltr'>hoc</span> <span class='ocrx_word' id='word_1_545' title='bbox 2252 1849 2292 1880; x_wconf 84' lang='lat' dir='ltr'>de</span> 
     </span>
     <span class='ocr_line' id='line_1_76' title="bbox 1275 1902 2292 1942; baseline 0.001 -10"><span class='ocrx_word' id='word_1_546' title='bbox 1275 1903 1443 1942; x_wconf 63' lang='lat' dir='ltr'>qvuestione</span> <span class='ocrx_word' id='word_1_547' title='bbox 1458 1902 1526 1941; x_wconf 83' lang='lat' dir='ltr'>ipsa</span> <span class='ocrx_word' id='word_1_548' title='bbox 1542 1911 1576 1932; x_wconf 90' lang='lat' dir='ltr'>se</span> <span class='ocrx_word' id='word_1_549' title='bbox 1598 1902 1814 1932; x_wconf 87' lang='lat' dir='ltr'>intromittere</span> <span class='ocrx_word' id='word_1_550' title='bbox 1839 1902 1878 1932; x_wconf 92' lang='lat' dir='ltr'>de</span> <span class='ocrx_word' id='word_1_551' title='bbox 1900 1903 1974 1941; x_wconf 88' lang='lat' dir='ltr'>jure</span> <span class='ocrx_word' id='word_1_552' title='bbox 2003 1910 2066 1933; x_wconf 89' lang='lat' dir='ltr'>non</span> <span class='ocrx_word' id='word_1_553' title='bbox 2089 1906 2213 1942; x_wconf 82' lang='lat' dir='ltr'>poterat</span> <span class='ocrx_word' id='word_1_554' title='bbox 2232 1911 2292 1933; x_wconf 88' lang='lat' dir='ltr'>nec</span> 
     </span>
     <span class='ocr_line' id='line_1_77' title="bbox 1275 1955 2290 1994; baseline 0.001 -9"><span class='ocrx_word' id='word_1_555' title='bbox 1275 1955 1422 1992; x_wconf 87' lang='lat' dir='ltr'>debebat;</span> <span class='ocrx_word' id='word_1_556' title='bbox 1443 1964 1478 1985; x_wconf 89' lang='lat' dir='ltr'>ac</span> <span class='ocrx_word' id='word_1_557' title='bbox 1497 1955 1699 1994; x_wconf 87' lang='lat' dir='ltr'>postmodum</span> <span class='ocrx_word' id='word_1_558' title='bbox 1718 1955 1917 1985; x_wconf 86' lang='lat' dir='ltr'>mendaciter</span> <span class='ocrx_word' id='word_1_559' title='bbox 1934 1964 2080 1986; x_wconf 86' lang='lat' dir='ltr'>asserens</span> <span class='ocrx_word' id='word_1_560' title='bbox 2097 1955 2182 1994; x_wconf 86' lang='lat' dir='ltr'>quod</span> <span class='ocrx_word' id='word_1_561' title='bbox 2204 1955 2290 1986; x_wconf 87' lang='lat' dir='ltr'>idem</span> 
     </span>
     <span class='ocr_line' id='line_1_78' title="bbox 1275 2009 2288 2048; baseline 0.001 -10"><span class='ocrx_word' id='word_1_562' title='bbox 1275 2009 1532 2048; x_wconf 85' lang='lat' dir='ltr'>archiepiscopus</span> <span class='ocrx_word' id='word_1_563' title='bbox 1546 2018 1619 2039; x_wconf 87' lang='lat' dir='ltr'>eum</span> <span class='ocrx_word' id='word_1_564' title='bbox 1636 2018 1731 2047; x_wconf 88' lang='lat' dir='ltr'>super</span> <span class='ocrx_word' id='word_1_565' title='bbox 1747 2009 1806 2039; x_wconf 86' lang='lat' dir='ltr'>hoc</span> <span class='ocrx_word' id='word_1_566' title='bbox 1823 2009 1934 2039; x_wconf 89' lang='lat' dir='ltr'>audire</span> <span class='ocrx_word' id='word_1_567' title='bbox 1952 2009 2098 2039; x_wconf 86' lang='lat' dir='ltr'>indebite</span> <span class='ocrx_word' id='word_1_568' title='bbox 2115 2013 2288 2047; x_wconf 84' lang='lat' dir='ltr'>recusarat,</span> 
     </span>
     <span class='ocr_line' id='line_1_79' title="bbox 1275 2061 2288 2101; baseline 0.001 -10"><span class='ocrx_word' id='word_1_569' title='bbox 1275 2062 1424 2101; x_wconf 85' lang='lat' dir='ltr'>qnodque</span> <span class='ocrx_word' id='word_1_570' title='bbox 1443 2066 1567 2100; x_wconf 89' lang='lat' dir='ltr'>propter</span> <span class='ocrx_word' id='word_1_571' title='bbox 1583 2061 1643 2091; x_wconf 86' lang='lat' dir='ltr'>hoc</span> <span class='ocrx_word' id='word_1_572' title='bbox 1662 2062 1728 2100; x_wconf 90' lang='lat' dir='ltr'>ipse</span> <span class='ocrx_word' id='word_1_573' title='bbox 1746 2061 1785 2090; x_wconf 86' lang='lat' dir='ltr'>ad</span> <span class='ocrx_word' id='word_1_574' title='bbox 1803 2061 1910 2091; x_wconf 86' lang='lat' dir='ltr'>sedem</span> <span class='ocrx_word' id='word_1_575' title='bbox 1933 2061 2108 2100; x_wconf 87' lang='lat' dir='ltr'>appellarat</span> <span class='ocrx_word' id='word_1_576' title='bbox 2131 2061 2268 2092; x_wconf 87' lang='lat' dir='ltr'>eandem</span> <span class='ocrx_word' id='word_1_577' title='bbox 2280 2085 2288 2100; x_wconf 84' lang='lat'>,</span> 
     </span>
     <span class='ocr_line' id='line_1_80' title="bbox 1274 2115 2288 2155; baseline 0.001 -9"><span class='ocrx_word' id='word_1_578' title='bbox 1274 2116 1441 2155; x_wconf 86' lang='lat' dir='ltr'>dictusque</span> <span class='ocrx_word' id='word_1_579' title='bbox 1466 2116 1723 2155; x_wconf 87' lang='lat' dir='ltr'>archiepiscopus</span> <span class='ocrx_word' id='word_1_580' title='bbox 1737 2140 1744 2153; x_wconf 85' lang='lat'>,</span> <span class='ocrx_word' id='word_1_581' title='bbox 1772 2115 1959 2154; x_wconf 82' lang='lat' dir='ltr'>hujusmodi</span> <span class='ocrx_word' id='word_1_582' title='bbox 1981 2115 2193 2155; x_wconf 86' lang='lat' dir='ltr'>appellatione</span> <span class='ocrx_word' id='word_1_583' title='bbox 2213 2124 2288 2147; x_wconf 86' lang='lat' dir='ltr'>con-</span> 
     </span>
     <span class='ocr_line' id='line_1_81' title="bbox 1276 2169 2289 2208; baseline 0.001 -9"><span class='ocrx_word' id='word_1_584' title='bbox 1276 2174 1404 2208; x_wconf 74' lang='lat' dir='ltr'>tempta,</span> <span class='ocrx_word' id='word_1_585' title='bbox 1417 2169 1452 2198; x_wconf 87' lang='lat' dir='ltr'>in</span> <span class='ocrx_word' id='word_1_586' title='bbox 1466 2169 1587 2199; x_wconf 88' lang='lat' dir='ltr'>dictum</span> <span class='ocrx_word' id='word_1_587' title='bbox 1604 2169 1717 2199; x_wconf 90' lang='lat' dir='ltr'>ducem</span> <span class='ocrx_word' id='word_1_588' title='bbox 1736 2169 2079 2199; x_wconf 86' lang='lat' dir='ltr'>excommunicationis</span> <span class='ocrx_word' id='word_1_589' title='bbox 2094 2169 2289 2200; x_wconf 82' lang='lat' dir='ltr'>sententiam</span> 
     </span>
     <span class='ocr_line' id='line_1_82' title="bbox 1275 2222 2289 2262; baseline 0.001 -10"><span class='ocrx_word' id='word_1_590' title='bbox 1275 2222 1505 2262; x_wconf 85' lang='lat' dir='ltr'>promulgavit,</span> <span class='ocrx_word' id='word_1_591' title='bbox 1525 2222 1696 2260; x_wconf 86' lang='lat' dir='ltr'>ipsumque</span> <span class='ocrx_word' id='word_1_592' title='bbox 1720 2222 1836 2252; x_wconf 78' lang='lat' dir='ltr'>fecerat</span> <span class='ocrx_word' id='word_1_593' title='bbox 1858 2222 2137 2252; x_wconf 84' lang='lat' dir='ltr'>excomunicatum</span> <span class='ocrx_word' id='word_1_594' title='bbox 2160 2222 2289 2261; x_wconf 87' lang='lat' dir='ltr'>publice</span> 
     </span>
     <span class='ocr_line' id='line_1_83' title="bbox 1275 2272 2289 2315; baseline 0 -9"><span class='ocrx_word' id='word_1_595' title='bbox 1275 2277 1434 2313; x_wconf 83' lang='lat' dir='ltr'>nuntiari,</span> <span class='ocrx_word' id='word_1_596' title='bbox 1453 2285 1548 2315; x_wconf 87' lang='lat' dir='ltr'>super</span> <span class='ocrx_word' id='word_1_597' title='bbox 1573 2277 1632 2306; x_wconf 90' lang='lat' dir='ltr'>hoc</span> <span class='ocrx_word' id='word_1_598' title='bbox 1654 2276 1692 2306; x_wconf 89' lang='lat' dir='ltr'>ad</span> <span class='ocrx_word' id='word_1_599' title='bbox 1714 2298 1733 2305; x_wconf 91' lang='lat'>..</span> <span class='ocrx_word' id='word_1_600' title='bbox 1761 2276 1968 2310; x_wconf 89' lang='lat' dir='ltr'>Lubicensis,</span> <span class='ocrx_word' id='word_1_601' title='bbox 1991 2298 2011 2305; x_wconf 93' lang='lat'>..</span> <span class='ocrx_word' id='word_1_602' title='bbox 2035 2272 2289 2306; x_wconf 82' lang='lat' dir='ltr'>Hildesemensis</span> 
     </span>
     <span class='ocr_line' id='line_1_84' title="bbox 1275 2329 2288 2360; baseline 0 0"><span class='ocrx_word' id='word_1_603' title='bbox 1275 2330 1483 2360; x_wconf 88' lang='lat' dir='ltr'>ecclesiarum</span> <span class='ocrx_word' id='word_1_604' title='bbox 1507 2330 1644 2360; x_wconf 84' lang='lat' dir='ltr'>decanos</span> <span class='ocrx_word' id='word_1_605' title='bbox 1671 2335 1702 2359; x_wconf 90' lang='lat' dir='ltr'>et</span> <span class='ocrx_word' id='word_1_606' title='bbox 1723 2353 1743 2360; x_wconf 90' lang='lat'>..</span> <span class='ocrx_word' id='word_1_607' title='bbox 1761 2329 2027 2359; x_wconf 87' lang='lat' dir='ltr'>archidiaconum</span> <span class='ocrx_word' id='word_1_608' title='bbox 2049 2329 2088 2359; x_wconf 89' lang='lat' dir='ltr'>de</span> <span class='ocrx_word' id='word_1_609' title='bbox 2113 2329 2234 2360; x_wconf 82' lang='lat' dir='ltr'>Robele</span> <span class='ocrx_word' id='word_1_610' title='bbox 2251 2329 2288 2359; x_wconf 86' lang='lat' dir='ltr'>in</span> 
     </span>
     <span class='ocr_line' id='line_1_85' title="bbox 1275 2381 2289 2421; baseline 0 -8"><span class='ocrx_word' id='word_1_611' title='bbox 1275 2383 1408 2413; x_wconf 81' lang='lat' dir='ltr'>ecclesia</span> <span class='ocrx_word' id='word_1_612' title='bbox 1426 2382 1676 2421; x_wconf 84' lang='lat' dir='ltr'>Havelbergensi</span> <span class='ocrx_word' id='word_1_613' title='bbox 1699 2384 1733 2412; x_wconf 91' lang='lat' dir='ltr'>in</span> <span class='ocrx_word' id='word_1_614' title='bbox 1750 2386 1902 2412; x_wconf 84' lang='lat' dir='ltr'>consueta</span> <span class='ocrx_word' id='word_1_615' title='bbox 1924 2382 2026 2412; x_wconf 86' lang='lat' dir='ltr'>forma</span> <span class='ocrx_word' id='word_1_616' title='bbox 2044 2381 2188 2421; x_wconf 88' lang='lat' dir='ltr'>ejusdem</span> <span class='ocrx_word' id='word_1_617' title='bbox 2204 2382 2289 2413; x_wconf 82' lang='lat' dir='ltr'>sedis</span> 
     </span>
     <span class='ocr_line' id='line_1_86' title="bbox 1274 2435 2288 2475; baseline 0 -9"><span class='ocrx_word' id='word_1_618' title='bbox 1274 2435 1397 2466; x_wconf 82' lang='lat' dir='ltr'>litteras</span> <span class='ocrx_word' id='word_1_619' title='bbox 1420 2436 1613 2475; x_wconf 88' lang='lat' dir='ltr'>impetravit.</span> <span class='ocrx_word' id='word_1_620' title='bbox 1644 2435 1792 2474; x_wconf 83' lang='lat' dir='ltr'>Cumque</span> <span class='ocrx_word' id='word_1_621' title='bbox 1819 2435 1919 2465; x_wconf 87' lang='lat' dir='ltr'>iidem</span> <span class='ocrx_word' id='word_1_622' title='bbox 1942 2435 2130 2466; x_wconf 84' lang='lat' dir='ltr'>Lubicensis</span> <span class='ocrx_word' id='word_1_623' title='bbox 2160 2458 2180 2465; x_wconf 91' lang='lat'>..</span> <span class='ocrx_word' id='word_1_624' title='bbox 2202 2435 2288 2466; x_wconf 91' lang='lat' dir='ltr'>Gus-</span> 
     </span>
     <span class='ocr_line' id='line_1_87' title="bbox 1277 2487 2288 2526; baseline -0.001 -7"><span class='ocrx_word' id='word_1_625' title='bbox 1277 2490 1417 2526; x_wconf 86' lang='lat' dir='ltr'>truensi‚</span> <span class='ocrx_word' id='word_1_626' title='bbox 1434 2489 1639 2520; x_wconf 87' lang='lat' dir='ltr'>Caminensis</span> <span class='ocrx_word' id='word_1_627' title='bbox 1658 2489 1810 2525; x_wconf 84' lang='lat' dir='ltr'>diocesis,</span> <span class='ocrx_word' id='word_1_628' title='bbox 1830 2488 1966 2519; x_wconf 84' lang='lat' dir='ltr'>totaliter</span> <span class='ocrx_word' id='word_1_629' title='bbox 1980 2496 2018 2519; x_wconf 90' lang='lat' dir='ltr'>ac</span> <span class='ocrx_word' id='word_1_630' title='bbox 2034 2487 2288 2519; x_wconf 82' lang='lat' dir='ltr'>Hildesemensis</span> 
     </span>
     <span class='ocr_line' id='line_1_88' title="bbox 1275 2541 2288 2573; baseline -0.001 0"><span class='ocrx_word' id='word_1_631' title='bbox 1275 2543 1388 2573; x_wconf 86' lang='lat' dir='ltr'>decani</span> <span class='ocrx_word' id='word_1_632' title='bbox 1407 2566 1426 2572; x_wconf 95' lang='lat'>..</span> <span class='ocrx_word' id='word_1_633' title='bbox 1444 2543 1560 2573; x_wconf 83' lang='lat' dir='ltr'>Sancte</span> <span class='ocrx_word' id='word_1_634' title='bbox 1580 2543 1682 2573; x_wconf 85' lang='lat' dir='ltr'>Marie</span> <span class='ocrx_word' id='word_1_635' title='bbox 1701 2541 1980 2572; x_wconf 85' lang='lat' dir='ltr'>Halberstadensis</span> <span class='ocrx_word' id='word_1_636' title='bbox 1997 2541 2129 2572; x_wconf 88' lang='lat' dir='ltr'>decanis</span> <span class='ocrx_word' id='word_1_637' title='bbox 2150 2541 2288 2572; x_wconf 88' lang='lat' dir='ltr'>commi-</span> 
     </span>
     <span class='ocr_line' id='line_1_89' title="bbox 1275 2594 2288 2636; baseline -0.002 -10"><span class='ocrx_word' id='word_1_638' title='bbox 1275 2597 1393 2627; x_wconf 88' lang='lat' dir='ltr'>sissent</span> <span class='ocrx_word' id='word_1_639' title='bbox 1413 2605 1508 2636; x_wconf 89' lang='lat' dir='ltr'>super</span> <span class='ocrx_word' id='word_1_640' title='bbox 1525 2596 1604 2634; x_wconf 91' lang='lat' dir='ltr'>hoc,</span> <span class='ocrx_word' id='word_1_641' title='bbox 1626 2604 1690 2626; x_wconf 88' lang='lat' dir='ltr'>non</span> <span class='ocrx_word' id='word_1_642' title='bbox 1715 2600 1822 2626; x_wconf 89' lang='lat' dir='ltr'>tamen</span> <span class='ocrx_word' id='word_1_643' title='bbox 1843 2595 1999 2633; x_wconf 84' lang='lat' dir='ltr'>totaliter,</span> <span class='ocrx_word' id='word_1_644' title='bbox 2024 2594 2109 2625; x_wconf 86' lang='lat' dir='ltr'>vices</span> <span class='ocrx_word' id='word_1_645' title='bbox 2128 2603 2202 2625; x_wconf 87' lang='lat' dir='ltr'>suas</span> <span class='ocrx_word' id='word_1_646' title='bbox 2216 2618 2224 2632; x_wconf 91' lang='lat'>‚</span> <span class='ocrx_word' id='word_1_647' title='bbox 2250 2603 2288 2626; x_wconf 84' lang='lat' dir='ltr'>ex</span> 
     </span>
     <span class='ocr_line' id='line_1_90' title="bbox 1275 2647 2288 2688; baseline -0.001 -9"><span class='ocrx_word' id='word_1_648' title='bbox 1275 2653 1362 2688; x_wconf 88' lang='lat' dir='ltr'>parte</span> <span class='ocrx_word' id='word_1_649' title='bbox 1378 2649 1534 2680; x_wconf 86' lang='lat' dir='ltr'>dictorum</span> <span class='ocrx_word' id='word_1_650' title='bbox 1551 2649 1744 2688; x_wconf 89' lang='lat' dir='ltr'>preceptoris</span> <span class='ocrx_word' id='word_1_651' title='bbox 1762 2653 1792 2679; x_wconf 88' lang='lat' dir='ltr'>et</span> <span class='ocrx_word' id='word_1_652' title='bbox 1814 2649 1949 2679; x_wconf 81' lang='lat' dir='ltr'>fratrum</span> <span class='ocrx_word' id='word_1_653' title='bbox 1966 2648 2031 2678; x_wconf 72' lang='lat' dir='ltr'>fui-t</span> <span class='ocrx_word' id='word_1_654' title='bbox 2042 2656 2150 2678; x_wconf 84' lang='lat' dir='ltr'>coram</span> <span class='ocrx_word' id='word_1_655' title='bbox 2167 2647 2288 2679; x_wconf 87' lang='lat' dir='ltr'>eisdem</span> 
     </span>
     <span class='ocr_line' id='line_1_91' title="bbox 1275 2701 2289 2742; baseline 0 -10"><span class='ocrx_word' id='word_1_656' title='bbox 1275 2702 1502 2733; x_wconf 86' lang='lat' dir='ltr'>archidiacono</span> <span class='ocrx_word' id='word_1_657' title='bbox 1518 2708 1548 2733; x_wconf 83' lang='lat' dir='ltr'>et</span> <span class='ocrx_word' id='word_1_658' title='bbox 1561 2702 1788 2741; x_wconf 84' lang='lat' dir='ltr'>subdelegatis,</span> <span class='ocrx_word' id='word_1_659' title='bbox 1807 2702 1840 2732; x_wconf 92' lang='lat' dir='ltr'>in</span> <span class='ocrx_word' id='word_1_660' title='bbox 1857 2710 1995 2741; x_wconf 90' lang='lat' dir='ltr'>quorum</span> <span class='ocrx_word' id='word_1_661' title='bbox 2014 2701 2149 2732; x_wconf 88' lang='lat' dir='ltr'>fuerunt</span> <span class='ocrx_word' id='word_1_662' title='bbox 2161 2707 2289 2742; x_wconf 86' lang='lat' dir='ltr'>propter</span> 
     </span>
     <span class='ocr_line' id='line_1_92' title="bbox 1274 2754 2289 2795; baseline 0 -9"><span class='ocrx_word' id='word_1_663' title='bbox 1274 2756 1334 2786; x_wconf 89' lang='lat' dir='ltr'>hoc</span> <span class='ocrx_word' id='word_1_664' title='bbox 1359 2756 1447 2786; x_wconf 88' lang='lat' dir='ltr'>citati</span> <span class='ocrx_word' id='word_1_665' title='bbox 1471 2757 1647 2795; x_wconf 87' lang='lat' dir='ltr'>presentia,</span> <span class='ocrx_word' id='word_1_666' title='bbox 1667 2755 1857 2795; x_wconf 88' lang='lat' dir='ltr'>excipiendo</span> <span class='ocrx_word' id='word_1_667' title='bbox 1879 2754 2076 2794; x_wconf 88' lang='lat' dir='ltr'>propositum</span> <span class='ocrx_word' id='word_1_668' title='bbox 2095 2754 2198 2794; x_wconf 86' lang='lat' dir='ltr'>quod,</span> <span class='ocrx_word' id='word_1_669' title='bbox 2213 2763 2289 2786; x_wconf 87' lang='lat' dir='ltr'>cum</span> 
     </span>
     <span class='ocr_line' id='line_1_93' title="bbox 1273 2807 2289 2848; baseline -0.001 -9"><span class='ocrx_word' id='word_1_670' title='bbox 1273 2809 1359 2840; x_wconf 90' lang='lat' dir='ltr'>idem</span> <span class='ocrx_word' id='word_1_671' title='bbox 1376 2810 1623 2841; x_wconf 86' lang='lat' dir='ltr'>archidiaconus</span> <span class='ocrx_word' id='word_1_672' title='bbox 1641 2815 1780 2848; x_wconf 88' lang='lat' dir='ltr'>tempore</span> <span class='ocrx_word' id='word_1_673' title='bbox 1796 2808 2031 2848; x_wconf 87' lang='lat' dir='ltr'>impetrationis</span> <span class='ocrx_word' id='word_1_674' title='bbox 2047 2807 2226 2839; x_wconf 85' lang='lat' dir='ltr'>litterarum</span> <span class='ocrx_word' id='word_1_675' title='bbox 2240 2807 2289 2848; x_wconf 84' lang='lat' dir='ltr'>ip-</span> 
     </span>
     <span class='ocr_line' id='line_1_94' title="bbox 1274 2861 2289 2901; baseline -0.001 -8"><span class='ocrx_word' id='word_1_676' title='bbox 1274 2871 1382 2893; x_wconf 84' lang='lat' dir='ltr'>sarum</span> <span class='ocrx_word' id='word_1_677' title='bbox 1400 2864 1440 2894; x_wconf 86' lang='lat' dir='ltr'>ad</span> <span class='ocrx_word' id='word_1_678' title='bbox 1463 2873 1537 2894; x_wconf 90' lang='lat' dir='ltr'>eum</span> <span class='ocrx_word' id='word_1_679' title='bbox 1558 2869 1589 2894; x_wconf 89' lang='lat' dir='ltr'>et</span> <span class='ocrx_word' id='word_1_680' title='bbox 1608 2864 1708 2894; x_wconf 88' lang='lat' dir='ltr'>dictos</span> <span class='ocrx_word' id='word_1_681' title='bbox 1733 2872 1807 2894; x_wconf 87' lang='lat' dir='ltr'>suos</span> <span class='ocrx_word' id='word_1_682' title='bbox 1833 2863 1971 2901; x_wconf 88' lang='lat' dir='ltr'>collegas</span> <span class='ocrx_word' id='word_1_683' title='bbox 1993 2862 2187 2893; x_wconf 86' lang='lat' dir='ltr'>directarum</span> <span class='ocrx_word' id='word_1_684' title='bbox 2207 2861 2289 2893; x_wconf 77' lang='lat' dir='ltr'>foret</span> 
     </span>
     <span class='ocr_line' id='line_1_95' title="bbox 1274 2915 2288 2956; baseline 0 -10"><span class='ocrx_word' id='word_1_685' title='bbox 1274 2916 1403 2948; x_wconf 91' lang='lat' dir='ltr'>vinculo</span> <span class='ocrx_word' id='word_1_686' title='bbox 1421 2917 1552 2956; x_wconf 88' lang='lat' dir='ltr'>majoris</span> <span class='ocrx_word' id='word_1_687' title='bbox 1569 2917 1881 2948; x_wconf 87' lang='lat' dir='ltr'>excomunicationis</span> <span class='ocrx_word' id='word_1_688' title='bbox 1899 2915 2066 2954; x_wconf 84' lang='lat' dir='ltr'>astrictus,</span> <span class='ocrx_word' id='word_1_689' title='bbox 2085 2920 2176 2955; x_wconf 87' lang='lat' dir='ltr'>prout</span> <span class='ocrx_word' id='word_1_690' title='bbox 2195 2919 2288 2946; x_wconf 80' lang='lat' dir='ltr'>erant</span> 
     </span>
     <span class='ocr_line' id='line_1_96' title="bbox 1274 2968 2287 3011; baseline 0 -12"><span class='ocrx_word' id='word_1_691' title='bbox 1274 2969 1490 3001; x_wconf 85' lang='lat' dir='ltr'>incontinenti</span> <span class='ocrx_word' id='word_1_692' title='bbox 1508 2970 1651 3011; x_wconf 90' lang='lat' dir='ltr'>legitime</span> <span class='ocrx_word' id='word_1_693' title='bbox 1667 2970 1801 3010; x_wconf 87' lang='lat' dir='ltr'>probare</span> <span class='ocrx_word' id='word_1_694' title='bbox 1825 2969 1944 3010; x_wconf 86' lang='lat' dir='ltr'>parati,</span> <span class='ocrx_word' id='word_1_695' title='bbox 1971 2968 2069 2999; x_wconf 83' lang='lat' dir='ltr'>iidem</span> <span class='ocrx_word' id='word_1_696' title='bbox 2090 2968 2287 3008; x_wconf 81' lang='lat' dir='ltr'>subdelegati</span> 
     </span>
    </p>
   </div>
   <div class='ocr_carea' id='block_1_15' title="bbox 2300 0 2393 3496">
    <p class='ocr_par' dir='ltr' id='par_1_16' title="bbox 2300 0 2393 3496">
     <span class='ocr_line' id='line_1_97' title="bbox 2300 0 2393 3496; baseline 0 0"><span class='ocrx_word' id='word_1_697' title='bbox 2300 0 2393 3496; x_wconf 95' lang='lat' dir='ltr'> </span> 
     </span>
    </p>
   </div>
  </div>
 </body>
</html>
