2393 3496
263 332 321 362 912
1010 322 1244 355 REGISTRES
1267 321 1321 351 DE
1344 320 1527 350 NICOLAS
1550 320 1606 349 lV.

266 407 351 427 ιιιιιι.
372 397 414 426 L’t
429 401 534 426 autem
552 393 734 432 hujusmodi
753 397 858 422 noster
878 400 1056 430 processiiS,
1074 395 1146 426 etc.,
1167 397 1265 425 usque

265 450 481 488 publii-abnui.
506 450 547 477 lia
565 447 645 485 qnod
664 447 746 475 idem
765 444 971 482 Maynardus,
991 452 1085 481 quem
1102 450 1266 480 processus

264 504 332 541 ipse
351 503 517 538 contingit.
539 507 608 534 etc„
630 508 728 536 usqne
747 497 779 526 iu
798 498 906 526 tinem.

282 677 533 707 88⁴z-(58-17
573 674 930 707 Saiiite-Mai·ie-Majcure,
949 674 980 699 :²7
997 673 1151 699 novembre
1170 672 1246 700 1291.

301 742 459 767 processus¹
480 744 577 765 contra
596 738 795 773 maynardum,
813 737 914 764 ducem
933 737 1110 771 Corinthiae,
1128 737 1266 771 publicari

263 790 339 816 facit.
359 789 438 819 (Ιίι-ιι,
457 788 499 818 46,
517 796 542 814 c.
559 788 601 820 81,
621 788 638 814 f.
660 787 706 814 183
723 788 770 819 ro.)

309 891 475 919 Venerabili
499 891 595 926 fratri
621 912 640 919 ..
667 889 841 926 patriarche
866 889 1056 925 Aquileqensi
1080 887 1211 916 mandat
1232 891 1266 916 nt

263 952 441 982 processum
470 948 579 972 contra
608 942 820 979 Maynardum
832 965 839 979 ,
865 942 978 971 ducem
1004 941 1202 977 Carintbiae,
1232 941 1264 969 in

262 1006 318 1025 sua
334 997 411 1026 etin
429 996 499 1025 aliis
515 995 656 1026 ecclesiis
670 996 780 1024 diebus
797 995 970 1024 dominicis
988 995 1137 1032 publicet.

303 1061 316 1075 α
336 1049 438 1078 Habet
455 1054 560 1079 nostre
577 1049 724 1077 tidutie...
742 1064 781 1069 -—
798 1048 866 1077 Dat.
888 1049 998 1084 Rome,
1015 1047 1097 1085 apud
1115 1049 1264 1077 sanctam

262 1102 396 1132 Mariam
415 1102 580 1140 Majorem,
601 1111 619 1130 v
636 1101 789 1130 kalendas
804 1100 992 1136 decembris,
1009 1109 1094 1130 anno
1110 1104 1233 1138 quarto.
1251 1112 1264 1126 »

302 1155 339 1184 In
359 1164 385 1185 e.
404 1164 446 1183 m.
469 1178 487 1184 ..
508 1154 743 1191 archiepiscopo
762 1153 1015 1190 Salzeburgensi.

302 1209 338 1238 In
357 1218 383 1237 e.
402 1218 444 1237 m.
468 1231 487 1237 ..
508 1208 661 1237 Feltrensi
679 1212 707 1235 et
728 1206 914 1235 Bellunensi
935 1206 1089 1244 episcopo.

303 1262 337 1290 In
356 1272 382 1290 e.
402 1272 443 1290 in.
466 1285 485 1291 ..
506 1261 650 1298 episcopo
668 1260 829 1289 Padnano.

303 1315 337 1343 In
357 1325 383 1343 e.
403 1324 445 1343 m.
465 1337 483 1342 ..
502 1314 645 1352 episcopo
662 1314 850 1342 Veronensi.

302 1369 337 1397 ln
356 1377 381 1397 e.
400 1377 442 1396 ιιι.
464 1390 484 1396 ..
502 1367 646 1404 episcopo
664 1366 836 1401 Brixiensi.

331 1547 446 1574 (38⁴8

295 1609 413 1639 Jacobo,
432 1609 553 1634 Sanctae
570 1608 675 1634 Mariae
692 1609 718 1634 in
732 1608 786 1634 Via
803 1609 857 1635 lata
873 1609 992 1635 diacono
1009 1610 1154 1645 cardinali,
1168 1610 1267 1637 defen-

814 1545 939 1577 Orvieto,
960 1546 991 1572 ‘23
1004 1546 1100 1581 juillet
1118 1548 1193 1575 1291.

260 1659 369 1685 sionem
388 1658 551 1683 monasterii
569 1657 767 1689 Sublacensis,
780 1657 944 1684 'l'iburtinae
960 1658 1112 1690 dioecesis,
1127 1660 1266 1686 ecclesiae

259 1715 391 1733 romanae
403 1706 565 1732 immediate
575 1706 709 1740 subjecti,
723 1707 884 1733 committit.
895 1706 978 1740 (Rae.
993 1707 1149 1742 46‚c.8‘2‚f.
1162 1709 1264 1741 1831·⁰.)

301 1808 406 1838 inlecto
422 1809 486 1846 lilio
498 1809 613 1845 Jacobs),
629 1809 735 1838 Sancte
750 1810 844 1838 ilar-ie
862 1810 893 1838 ιή
917 1810 966 1838 l'i'a
983 1811 1043 1839 lala
1061 1811 1186 1840 diacono
1202 1820 1267 1841 car-

257 1863 369 1892 dinali.

300 1928 313 1941 «
334 1916 379 1944 De
398 1919 478 1945 statu
498 1915 722 1945 monasterii...
740 1932 779 1937 —
796 1916 868 1945 Dat.
886 1917 969 1955 apud
987 1917 1263 1956 Urbemveterem,

257 1978 275 1997 x
291 1968 445 1998 kalendas
465 1969 603 2007 augusti,
620 1977 706 1999 anno
725 1974 850 2008 quarto.
871 1982 883 1995 ν)

326 2156 442 2184 6849

291 2218 364 2251 Regi
382 2217 532 2251 Franciac,
550 2218 598 2252 qui
615 2218 724 2252 petivit,
746 2218 780 2243 ad
804 2220 949 2251 negotium
972 2220 1136 2253 Aragoniae
1164 2228 1265 2254 prose—

517 2155 877 2189 Saintc-Marie-Majenre,
899 2156 927 2182 13
943 2156 1095 2183 decembre
1113 2157 1191 2184 1291.

255 2267 415 2301 quendum,
433 2267 572 2293 decimam
588 2267 716 2293 omnium
730 2266 892 2293 reddituum
907 2268 1170 2294 ecclesiasticorum
1181 2269 1263 2303 regni

257 2315 390 2342 Franciae
407 2324 456 2350 per
476 2324 527 2341 sex
549 2323 641 2341 annos
665 2315 718 2341 sibi
736 2315 855 2341 concedi
874 2324 1048 2351 crucemque
1070 2321 1170 2344 contra
1189 2317 1264 2344 Ara-

255 2372 345 2399 goncs
361 2364 388 2389 in
403 2363 519 2389 Francia
535 2363 701 2398 praedicari,
715 2364 869 2398 respondet
883 2374 914 2390 se
929 2365 1053 2391 diversis
1065 2367 1162 2392 causis
1175 2367 1221 2401 huj
1229 2374 1262 2393 us

256 2414 402 2448 petitionis
426 2413 637 2439 exauditionem
663 2413 785 2440 differre.
809 2413 893 2446 (Rau.
917 2414 966 2448 46,
989 2423 1014 2442 c.
1038 2415 1084 2447 83,
1103 2415 1122 2442 s.
1146 2415 1194 2442 183
1214 2422 1260 2448 νος

254 2462 370 2493 Purra..
388 2462 496 2496 23874.)

295 2565 461 2595 Carissimo
476 2565 507 2594 in
522 2564 639 2593 Christo
653 2565 716 2602 filio
732 2566 892 2603 Pltyli'ppo„
908 2567 973 2603 νομί
989 2567 1115 2596 Francie
1129 2568 1259 2598 illustri.

255 2630 268 2645 ιι
290 2617 491 2648 Venerabilis
513 2617 609 2647 frater
636 2622 742 2647 noster
766 2618 819 2654 P„
841 2618 1024 2657 episcopus,
1048 2624 1122 2649 tunc
1143 2619 1261 2650 electus

254 2671 529 2707 Car‹:assonensis,
547 2675 577 2700 et
593 2670 701 2700 dilecti
718 2671 777 2700 filii
794 2672 946 2709 magister
960 2672 1126 2703 «Iohannes
1144 2674 1182 2703 de
1201 2674 1260 2704 Fo-

254 2730 347 2760 resta‚
366 2723 510 2760 clericus,
529 2732 564 2753 ac
582 2723 712 2761 Egidius
728 2723 766 2753 de
781 2723 991 2763 Compenffio,
1008 2725 1120 2762 laicus,
1138 2727 1260 2757 sereni-

255 2778 324 2808 tatis
359 2777 445 2815 regie
480 2776 610 2813 nuntii,
643 2785 722 2815 quos
754 2777 911 2807 mittentis
943 2783 972 2807 et
1005 2788 1060 2809 sue
1095 2780 1260 2817 probitatis

252 2833 383 2863 obtentu
401 2831 540 2868 benigne
557 2829 748 2868 recepimus,
768 2831 939 2869 prudenter
955 2841 991 2862 ea
1009 2841 1064 2871 pro
1081 2833 1197 2872 quibus
1213 2843 1258 2863 as-

252 2894 381 2915 seruere
405 2892 437 2914 se
460 2884 573 2914 missos
595 2884 628 2913 in
652 2888 759 2913 nostra
780 2888 809 2913 et
828 2884 959 2914 sratrum
984 2890 1165 2916 nostrorum
1188 2896 1259 2925 pre-

251 2939 355 2968 sentia
371 2941 581 2977 exponentes,
602 2946 637 2966 ex
655 2941 742 2975 parte
758 2937 872 2975 regalis
888 2937 1087 2968 celsitudinis
1106 2939 1191 2969 inter
1208 2949 1258 2970 ce-

254 2997 318 3021 tera
335 2992 495 3030 petierunt
513 2995 558 3028 ut,
574 2990 614 3020 ad
630 2990 792 3029 negotium
810 2991 972 3029 Aragonie
988 2993 1256 3032 prosequendum,

1351 385 1407 414 tibi
1439 395 1492 423 per
1524 394 1577 414 sex
1606 393 1709 414 annos
1741 384 1988 414 concederemus
2020 383 2177 413 decimam
2209 384 2352 416 omnium

1349 437 1634 467 ecclesiasticorum
1649 437 1833 466 reddituum
1847 436 1938 474 regui
1953 436 1996 465 tui
2009 440 2039 465 et
2054 436 2230 465 faceremus
2245 443 2352 468 eontra

1349 490 1422 519 illos
1447 490 1484 519 de
1509 490 1673 527 Aragonia
1697 498 1825 519 crucem
1853 490 1887 518 in
1915 490 2066 519 omnibus
2094 489 2237 527 ejusdem
2263 491 2352 529 regni

1350 542 1492 580 partibus
1514 542 1681 580 predicari.
1705 542 1805 577 Sane,
1824 541 1872 570 fili
1895 541 2077 572 carissime.
2097 540 2171 570 licet
2189 542 2352 581 antiquam

1350 595 1394 623 tui
1419 594 1546 632 generis
1566 594 1851 632 continuatamque
1869 593 1992 623 diutius
2014 597 2043 623 et
2061 602 2116 632 per
2139 598 2165 622 te
2193 594 2258 623 Deo
2279 603 2352 626 anc—

1350 651 1414 676 tore
1440 646 1692 675 continuandam
1714 646 1849 676 sollicite
1876 646 1914 675 ad
1940 655 2105 676 romanam
2135 645 2300 676 ecclesiam
2323 652 2352 679 et

1349 699 1595 729 ecclesiasticam
1612 699 1792 728 libertatem
1809 699 2011 729 devotionem
2028 704 2058 728 et
2071 699 2272 728 allectionem
2287 699 2352 740 dig-

1350 753 1400 781 nis
1418 752 1567 781 laudibus
1584 752 1791 781 attollendam
1812 753 1946 782 memori
1963 752 2117 782 memoria
2133 757 2350 792 recensentes,

1349 815 1411 836 non
1429 806 1563 843 indigne
1576 806 1615 835 ad
1630 805 1827 844 singularem
1844 815 1919 844 erga
1936 810 2021 835 tuam
2035 814 2203 844 personam
2218 809 2248 835 et
2261 805 2352 845 regni

1348 859 1491 897 ejusdem
1518 864 1634 888 statum
1664 868 1850 897 prosperum
1880 868 2067 888 moveamur
2095 858 2262 895 affectum,
2288 867 2352 891 uon

1348 912 1509 941 immerito
1534 912 1572 941 ad
1598 912 1767 941 efficaciter
1794 912 2008 951 promovenda
2029 917 2081 941 tna
2103 917 2133 941 et
2157 916 2283 942 tuorum
2300 920 2352 944 co-

1349 965 1443 993 moda
1467 965 1730 1003 exaudiendaque
1753 964 1911 995 desideria
1934 966 2129 1002 excitemur3
2152 964 2227 1003 quia
2250 969 2353 996 tamen

1348 1027 1411 1046 ιιοιι
1430 1026 1555 1055 semper
1570 1018 1651 1047 ratio
1666 1026 1740 1047 cum
1758 1018 1926 1048 affectione
1941 1017 2121 1054 concurrit,
2139 1017 2288 1056 diligenti
2300 1026 2354 1049 su-

1348 1080 1403 1109 per
1419 1071 1513 1100 dictis
1525 1071 1731 1109 petitionibus
1745 1080 1818 1101 cum
1830 1072 1949 1101 eisdem
1964 1071 2116 1100 fratribus
2126 1070 2354 1102 deliberatione

1348 1124 1532 1162 pieliabita,
1567 1124 1803 1154 exauditionem
1837 1125 1980 1164 ipsarum
2010 1124 2286 1155 consideravimus
2317 1133 2352 1155 ex

1348 1178 1451 1207 causis
1469 1178 1563 1207 variis
1580 1178 1803 1208 differendam.
1822 1178 1975 1208 Infaustis
1996 1178 2155 1217 siquidem
2174 1177 2353 1209 rumoribus

1348 1231 1387 1260 ad
1411 1232 1518 1261 sedem
1544 1231 1748 1270 apostolicam
1771 1232 1810 1261 de
1832 1232 1971 1261 civitatis
1995 1232 2190 1261 Acconeusis
2210 1230 2361 1269 captione

1348 1284 1495 1323 perlatis,
1515 1293 1571 1314 nos
1591 1290 1619 1314 et
1637 1285 1735 1314 iidem
1755 1285 1885 1321 fratres,
1903 1285 1942 1314 de
1962 1289 2044 1314 statu
2061 1283 2240 1314 miserabili
2258 1283 2354 1314 Terre

1349 1338 1475 1374 Sancte,
1494 1338 1587 1368 totius
1606 1338 1741 1368 totaliter
1757 1339 1897 1377 exposite
1914 1339 2062 1368 manibus
2078 1339 2266 1377 impiorum,
2283 1345 2357 1382 pro-

1348 1390 1439 1421 fundi
1458 1396 1488 1421 et
1503 1392 1655 1421 immensi
1675 1393 1743 1422 tacti
1764 1392 1882 1422 doloris
1898 1392 2020 1422 aculeis
2031 1415 2039 1429 ‚
2057 1400 2153 1430 quem
2169 1400 2206 1422 ex
2221 1390 2282 1421 hoc
2297 1390 2353 1421 ob-

1347 1445 1468 1483 probrii
1483 1445 1623 1475 nominis
1637 1445 1803 1475 christiani
1817 1445 2017 1484 profunditas
2033 1449 2062 1474 et
2075 1444 2233 1484 dispendii
2247 1439 2379 1478 Chris-⁴.

1350 1499 1503 1528 tianitatis
1525 1499 1747 1528 subministrat
1764 1499 1984 1531 immensitas:
2005 1499 2090 1528 inter
2109 1502 2213 1528 cetera
2234 1506 2296 1537 que
2315 1495 2354 1528 ad
2367 1498 2377 1529 .’

1348 1551 1582 1590 reparationem
1601 1557 1685 1582 tante
1704 1553 1796 1582 ruine
1812 1562 1884 1582 cum
1901 1553 2060 1582 anxietate
2077 1551 2266 1582 multimoda
2283 1558 2354 1590 pro-

1347 1605 1489 1634 vidimus
1512 1606 1713 1644 exequenda,
1736 1606 1975 1636 considerantes
1997 1605 2229 1644 reparationem
2253 1604 2372 1649 ipsam.

1348 1667 1459 1688 omnes
1482 1660 1667 1697 contingere
1692 1660 1766 1689 fidei
1791 1647 1966 1689 christiane
1988 1659 2125 1689 cultores
2149 1663 2180 1688 et
2205 1657 2375 1701 precipuel·

1348 1722 1436 1751 reges
1459 1716 1488 1742 et
1509 1713 1686 1751 principes,
1707 1713 1842 1751 prelatos
1863 1718 2048 1751 ceterosque
2067 1716 2250 1749 magnate5‚
2270 1710 2373 1750 ipsos·-

1349 1775 1445 1804 super
1467 1766 1528 1795 viis
1551 1770 1581 1795 et
1607 1766 1709 1796 modis
1729 1776 1782 1804 per
1805 1775 1885 1804 quos
1907 1766 2063 1804 reparatio
2084 1765 2194 1795 eadem
2212 1769 2276 1794 tam
2296 1767 2374 1794 nis-³

1349 1819 1495 1855 cessaria,
1511 1824 1573 1848 tam
1587 1819 1822 1848 Christianitati
1841 1820 1894 1849 toti
1909 1820 2023 1855 votiva,
2036 1819 2204 1858 provenire
2219 1817 2355 1848 celerius
2367 1841 2379 1858 ‚.

1349 1877 1379 1902 et
1403 1873 1558 1902 efficatius
1586 1873 1651 1902 Deo
1672 1874 1802 1911 auspice
1826 1873 1928 1903 valeat
1947 1873 2098 1903 duximus
2122 1870 2379 1910 consulendos,2l

1351 1926 1405 1955 tibi
1428 1931 1458 1955 et
1483 1925 1557 1955 aliis
1584 1926 1713 1964 regibus
1740 1931 1770 1955 et
1795 1926 2006 1965 principibus,
2030 1925 2159 1965 prelatis
2179 1926 2371 1964 ceterisque

1348 1980 1553 2017 magnatibus
1575 1980 1692 2010 nostris
1712 1990 1807 2019 super
1827 1980 1904 2017 hoc,
1921 1984 2013 2019 prout
2032 1980 2180 2019 expedire
2197 1979 2353 2016 vidimus,
2372 2014 2377 2025 x

1347 2033 1463 2063 litteris
1484 2033 1661 2063 destinatis.
1687 2034 1748 2064 Per
1773 2034 1916 2063 diversas
1937 2035 2031 2063 etiam
2059 2033 2175 2063 mundi
2196 2037 2298 2071 partes
2320 2031 2354 2062 in
2374 2040 2379 2066 ι

1347 2087 1490 2126 ejusdem
1513 2088 1610 2117 Terre
1632 2088 1746 2118 Sancte
1768 2087 1950 2117 subsidium
1974 2086 2108 2126 proponi
2129 2083 2378 2116 mandavimus}

1301 2168 1304 2182 ι
1348 2141 1480 2170 verbum
1502 2142 1615 2171 crucis.
1639 2142 1735 2171 Decet
1753 2142 1878 2180 itaque,
1898 2141 2007 2179 procul
2024 2140 2122 2170 dubio
2144 2139 2234 2169 decet
2251 2143 2281 2169 et
2301 2147 2353 2168 ex-

1346 2194 1433 2233 pedit
1448 2204 1543 2232 super
1556 2194 1790 2224 consultatione
1804 2194 1943 2233 predicta
1957 2198 2138 2232 exspectare
2152 2199 2352 2231 responsum,

1346 2256 1405 2284 ne,
1426 2248 1493 2286 ipsa
1516 2248 1694 2286 pendente,
1715 2248 1926 2286 petitionibus
1950 2246 2140 2285 supradictis
2159 2245 2199 2275 ad
2219 2245 2355 2283 gratiam

1345 2301 1560 2331 exauditionis
1575 2301 1738 2337 admissis,
1753 2301 1908 2330 consultis
1918 2300 2018 2330 dandi
2031 2299 2156 2329 consilii
2171 2299 2354 2329 videremur

1345 2354 1487 2384 adimere
1520 2354 1716 2391 libertatem,
1749 2355 1825 2384 dum
1857 2364 1911 2393 per
1940 2353 2179 2384 exauditionem
2210 2353 2380 2391 ipsarum3

1344 2411 1465 2437 certum
1497 2408 1535 2437 de
1565 2407 1785 2437 subveniendo
1812 2412 1894 2436 terre
1924 2407 2063 2446 predicte
2089 2405 2286 2445 propositum
2313 2394 2381 2434 aff*

1344 2461 1431 2491 aliud
1455 2466 1518 2490 tani
1541 2462 1661 2499 grande
1680 2461 1894 2491 convertendo
1912 2461 2073 2499 negotium
2093 2465 2352 2499 presumeremur
2368 2501 2377 2506 -

1344 2516 1450 2546 forsan
1473 2520 1615 2545 avertere
1636 2515 1676 2545 ab
1698 2515 1824 2554 incepto
1842 2520 1873 2545 et
1890 2515 1993 2545 crucis
2009 2513 2183 2554 predicatio
2198 2512 2352 2542 adversus

1343 2569 1423 2599 alios
1438 2569 1609 2598 indicenda
1627 2573 1689 2598 tam
1707 2569 1865 2598 carissimi
1881 2569 1912 2598 in
1930 2568 2058 2598 Christo
2070 2566 2128 2597 filii
2143 2565 2243 2596 nostri
2259 2565 2294 2596 E.
2306 2572 2362 2606 re·⁴

1343 2622 1391 2660 gis
1414 2622 1532 2660 Auglie
1554 2621 1688 2652 illustris
1716 2631 1814 2661 qnam
1845 2621 1982 2651 aliorum
2005 2620 2060 2660 qui
2082 2619 2223 2659 ejusdem
2247 2615 2377 2656 crucisa>

1345 2675 1497 2705 vexillum
1519 2675 1557 2704 ad
1578 2675 1836 2707 subveniendum
1864 2679 1945 2705 terre
1968 2674 2086 2713 prefate
2108 2670 2350 2703 necessitatibus

1342 2733 1546 2768 receperunt,
1566 2733 1650 2759 certo
1666 2729 1705 2758 ad
1724 2727 1995 2758 transfretandum
2018 2726 2156 2756 termino
2172 2727 2348 2763 acceptato,

1343 2791 1406 2812 non
1423 2781 1527 2812 solum
1544 2782 1726 2812 debilitaret
1743 2782 1867 2812 animos
1883 2785 1914 2811 et
1931 2781 1966 2810 iu
1982 2778 2189 2810 acceleranda
2207 2779 2351 2816 suscepta

1342 2835 1551 2865 subventione
1575 2836 1774 2866 remissiores
1795 2835 1950 2872 efficeret,
1968 2833 2022 2864 sed
2043 2837 2073 2863 et
2095 2832 2198 2871 ipsam
2217 2830 2349 2861 forsitan

1343 2888 1480 2919 totaliter
1499 2889 1688 2927 impediret,
1707 2898 1769 2919 non
1790 2889 1910 2928 absque
1930 2887 2018 2926 gravi
2042 2886 2137 2917 totius
2152 2882 2347 2915 Christiani·
2372 2908 2373 2911 ,

1343 2942 1413 2971 tatis
1433 2942 1582 2972 scandalo
1595 2967 1601 2980 ,
1619 2952 1679 2981 que
1694 2942 1733 2972 ad
1750 2942 1840 2972 illam
1855 2942 2020 2972 affectibus
2035 2938 2173 2970 intensis
2188 2936 2344 2973 afficitur,

1341 2995 1381 3025 ad
1396 2995 1486 3025 illam
1502 2996 1599 3026 anxia
1614 2996 1793 3027 intentione
1811 2995 1960 3035 suspirat.
1982 2992 2200 3024 Differendam
2215 2991 2347 3029 insuper
