2393 3496
208 296 264 324 778
949 287 1180 319 REfflSTRES
1203 286 1256 316 DE
1279 285 1460 315 NICOLAS
1483 286 1538 314 lv.

208 362 360 391 exhiberi.
379 361 646 393 contradictores,
666 363 723 386 etc.
745 356 814 386 Non
833 355 1014 385 obstante...
1034 353 1104 382 Dat.
1123 352 1206 391 apud

211 413 479 446 Urbemveterem,
497 421 515 440 x
529 409 680 440 kalendas
695 407 833 444 augusti,
849 414 935 436 anno
949 410 1072 444 quarto.
1092 417 1105 430 »ι

279 582 398 610 ὔῖῧξ)
754 576 884 609 Orvieto,
901 575 934 602 ‘35
946 575 1041 609 juillet
1057 575 1134 602 1291.

244 645 284 670 De
299 643 445 669 canonicis
462 642 488 666 in
506 639 678 666 monasterio
697 638 818 664 Sanctae
838 637 937 664 Gildae
956 637 1090 669 Rivensi,
1109 635 1206 663 Vene-

207 694 295 719 tensis
311 690 460 721 dioecesis,
479 687 659 722 recipiendis.
678 686 760 720 (Rae.
777 686 818 717 46,
837 695 860 712 c.
880 686 946 719 380,
963 686 982 713 s.
1000 687 1030 711 77
1048 687 1099 718 νῦ.)

246 815 266 820 ..
287 791 389 820 abbati
408 795 433 819 ct
457 791 618 819 conventui
638 791 816 818 monasterii
835 788 940 818 Sancte
957 789 1039 818 Gilde
1055 789 1204 824 Rivensis,

205 845 323 873 ordinis
339 844 368 873 S.
389 843 552 879 Benedicti,
575 843 738 871 Venetensis
754 843 886 872 diocesis.
906 854 919 868 α
940 841 1116 879 Religionis
1134 850 1204 871 ves-

205 902 248 927 tre
270 897 417 926 merita...
447 895 490 925 Ex
515 900 600 934 parte
623 895 783 934 siquidem
809 899 911 924 vestra
932 895 990 924 t'uit
1010 894 1205 933 propositum

203 959 307 980 coram
326 950 415 979 nobis
433 949 514 987 quod
534 957 587 979 vos
603 949 636 978 in
656 949 847 978 monasterio
864 953 966 978 vestro
979 952 1130 977 statutum
1149 948 1204 978 ba-

204 1004 282 1034 betis
308 1004 490 1042 juramento
514 1002 676 1031 firmatum
703 1001 785 1040 quod
813 1001 921 1031 nullus
946 1001 978 1030 in
1011 1001 1204 1031 monachum

205 1056 300 1094 recipi
322 1055 422 1085 valeat
443 1055 475 1084 in
497 1054 606 1085 eodem
626 1054 690 1083 nisi
709 1054 806 1084 semel
826 1055 858 1083 in
875 1063 974 1090 auno,
997 1059 1071 1084 tunc
1087 1054 1207 1085 scilicet

204 1118 277 1139 cum
292 1108 470 1138 celebratur
487 1107 603 1137 ibidem
625 1107 800 1145 capitulum
818 1106 977 1145 generale.
999 1106 1080 1137 Cum
1097 1111 1205 1137 autem

204 1163 235 1191 in
261 1162 369 1192 eodem
395 1160 532 1200 capitulo
557 1161 594 1190 de
617 1160 807 1198 recipiendis
831 1160 948 1190 ibidem
974 1161 1117 1198 personis
1141 1169 1204 1191 non

205 1214 330 1254 possitis
343 1213 515 1253 aliquando
531 1213 726 1242 unanimiter
742 1212 944 1246 concordare,
962 1221 1035 1251 sepe
1050 1213 1206 1251 contingit

201 1267 284 1306 quod
299 1267 528 1297 monasterinm
544 1266 648 1305 ipsum
666 1269 790 1304 propter
805 1274 935 1295 causam
949 1265 1136 1304 hujusmodi
1154 1266 1206 1297 de-

203 1320 319 1349 sectum
341 1320 457 1357 patitur
475 1319 696 1348 ministrorum
711 1342 718 1355 ‚
738 1327 832 1357 super
851 1327 913 1357 quo
935 1319 1099 1349 subveniri
1118 1320 1205 1350 vobis

202 1382 258 1412 per
284 1372 453 1411 apostolice
481 1373 563 1403 sedis
588 1371 764 1402 remedium
792 1372 977 1411 suppliciter
1000 1372 1204 1412 implorastis.

204 1428 268 1457 Nos
286 1428 408 1465 itaque,
439 1427 550 1456 vestris
574 1425 857 1464 supplicationibus
876 1426 1039 1463 inclinati,
1061 1428 1146 1466 quod
1170 1428 1205 1457 in

202 1480 311 1510 eodem
336 1480 526 1510 monasterio
543 1480 666 1518 possitis
683 1480 822 1519 recipere
841 1489 990 1518 personas
1010 1481 1150 1520 ydoneas
1171 1482 1206 1511 in

203 1533 372 1563 monachos
395 1537 425 1562 et
443 1533 475 1562 in
497 1533 607 1562 fratres
629 1533 778 1572 quotiens
794 1538 823 1563 et
841 1533 969 1572 quando
992 1534 1090 1564 fuerit
1111 1543 1205 1574 opor-

202 1590 354 1616 tunum...
389 1586 479 1615 vobis
511 1586 694 1616 auctoritate
727 1587 922 1624 presentium
957 1587 1204 1624 indulgemus...

203 1640 271 1669 Dat.
292 1639 375 1677 apud
400 1639 679 1676 Urbemveterem,
696 1649 751 1669 viii
775 1639 928 1669 kalendas
949 1641 1098 1678 augusti,
1120 1649 1206 1671 anno

201 1698 323 1730 quarto.
347 1707 358 1716 »w

270 1864 390 1893 526⁰
793 1867 920 1899 Orvieto.
939 1869 953 1894 5
973 1869 1040 1895 aosit
1057 1869 1134 1896 1291.

235 1926 386 1953 Absolutio
398 1928 564 1962 juramenti.
581 1927 664 1962 (Rea.
683 1929 725 1962 46,
742 1937 768 1955 c.
786 1929 858 1963 389²,
876 1930 894 1956 f.
913 1930 945 1957 78
962 1932 1008 1964 νο.)

245 2030 408 2059 Venerabili
420 2032 515 2066 fratri
528 2052 548 2060 ..
559 2032 735 2068 patriarche
751 2032 911 2069 Gradensi,
930 2033 985 2071 qui
999 2033 1038 2062 ab
1053 2033 1204 2072 Henrico,

197 2082 360 2120 Clugiensi
377 2083 531 2122 episcopo,
549 2084 882 2122 exegitjuramentnm
900 2091 987 2116 extra
999 2086 1134 2117 formam
1152 2097 1203 2118 ca-

199 2136 347 2165 nonicam
365 2144 383 2165 a
399 2136 492 2166 certis
513 2137 725 2175 suffraganeis
741 2138 806 2168 suis
825 2139 1078 2178 metropolitanis
1097 2150 1205 2179 praes-

199 2189 257 2217 tari
278 2188 425 2225 solitam,
443 2190 570 2219 nuntiat
590 2199 623 2220 se
644 2191 793 2220 eumdem
818 2192 1002 2231 episcopum
1028 2194 1067 2223 ab
1091 2193 1204 2233 hujus—

198 2242 283 2271 modi
296 2243 479 2280 jnramento
495 2243 677 2273 absolvisse.

239 2306 251 2320 a
273 2295 473 2325 Venerabilis
494 2297 590 2326 frater
613 2302 756 2328 noster...
775 2315 813 2319 -—
833 2299 903 2328 Dat.
923 2300 1006 2338 apud
1025 2301 1204 2332 Urbemve-

199 2351 312 2382 terem,
332 2349 423 2378 nonis
439 2351 584 2387 augusti,
601 2359 686 2380 anno
702 2355 824 2389 quarto.
845 2364 858 2378 »

269 2520 380 2549 526¹
747 2524 875 2557 Oi-viem,
894 2526 927 2553 28
939 2527 1033 2560 juillet
1054 2510 1138 2555 1291J

237 2581 422 2615 FranciscuS,
438 2583 526 2609 abbas
544 2586 710 2612 monasterii
733 2585 854 2614 Sanctae
875 2588 1022 2616 Trinitatis
1047 2589 1202 2622 Venusini,

197 2629 384 2657 benedicitur.
404 2630 485 2662 (stau.
504 2633 547 2664 46,
565 2641 590 2659 c.
608 2633 669 2664 390,
686 2635 704 2661 f.
722 2635 753 2661 78
771 2636 816 2670 νῦ.)

240 2756 256 2760 ..
277 2735 411 2770 episcopo
427 2735 569 2771 Melfiensi
592 2736 722 2766 mandat
745 2742 777 2766 ut
800 2738 982 2777 Francisco,
1005 2740 1111 2770 abbati
1137 2750 1203 2772 mo-

198 2785 332 2814 nasterii
370 2786 503 2816 Sanctae
540 2788 704 2818 Trinitatis
743 2790 926 2829 Venusini,
962 2793 1002 2823 ad
1037 2802 1204 2824 romanam

197 2838 362 2868 ecclesiam
381 2839 469 2870 nullo
487 2841 592 2871 medio
610 2842 813 2880 pertinentis,
829 2845 953 2875 ordinis
970 2846 1002 2876 S.
1024 2847 1203 2884 Benedicti,

196 2899 315 2921 munus
339 2892 589 2932 benedictionis,
607 2904 679 2925 cum
697 2896 736 2926 ab
757 2906 793 2927 co
815 2898 853 2927 de
875 2898 932 2928 hoc
953 2900 1046 2930 suerit
1070 2902 1204 2940 requisi-

198 2948 263 2979 tus,
291 2945 465 2983 impendat.
494 2947 630 2978 Vacante
653 2951 846 2980 monasterio
867 2960 921 2989 per
938 2953 1058 2983 obitum
1083 2954 1204 2984 Barna-

1291 351 1360 387 bae,
1380 355 1570 387 conventus,
1588 360 1643 390 per
1658 351 1743 380 viam
1756 350 1975 389 compromissi
1989 350 2173 389 procedens,
2192 350 2292 383 bonae

1290 403 1464 434 memoriae
1485 403 1642 441 Berardo,
1662 403 1806 442 episcopo
1827 402 2031 439 Penestrino,
2055 407 2129 433 tnnc
2144 403 2178 432 in
2196 405 2292 442 parti-

1290 455 1348 485 bus
1367 455 1432 486 illis
1449 455 1638 495 apostolicae
1661 455 1745 485 sedis
1765 455 1885 493 legato,
1903 455 2044 494 eligendi
2068 456 2213 487 abbatem
2235 465 2291 496 po—

1290 512 1433 539 testatem
1455 509 1631 545 commisit;
1656 509 1741 538 idem
1764 509 1862 547 igitur
1888 508 2046 539 Berardus
2068 509 2290 548 Franciscum‚

1289 561 1489 601 capellanum
1507 571 1614 600 sunm,
1635 567 1709 592 tunc
1725 561 1869 592 abbatem
1887 563 2071 592 monasterii
2089 563 2197 593 Sancti
2214 563 2292 594 Eua·
2334 583 2338 585 -

1289 615 1354 645 ticii
1371 615 1408 645 de
1425 615 1553 652 Nursia,
1571 615 1694 645 ordinis
1710 615 1742 645 S.
1767 615 1946 650 Benedicti,
1964 615 2153 655 Spoletanae
2168 616 2293 648 dioeee-
2316 615 2318 617 ’
2345 618 2347 623 ’

1289 668 1343 704 sis,
1357 667 1502 697 abbatem
1517 667 1623 706 elegit,
1641 668 1694 698 sed
1711 671 1856 698 mortuus
1872 673 1919 698 est
1931 669 2116 708 prinsquam
2133 669 2161 699 ei
2177 678 2294 701 munus

1288 720 1523 751 benedictionis
1541 721 1689 750 dedisset.

1331 786 1344 800 α
1363 773 1511 803 Exhibita
1523 774 1613 804 nobis
1630 773 1775 804 dilecti...
1788 792 1826 796 —
1841 774 1912 804 Dat.
1924 775 2008 814 apud
2020 775 2293 813 Urbemveterem,

1289 836 1308 856 v
1323 826 1477 857 kalendas
1492 827 1634 865 augusti,
1654 836 1739 858 anno
1754 832 1877 866 quarto.
1897 840 1910 854 n

1359 986 1476 1016 5262
1844 986 1976 1021 Orvieto‚
1992 987 2025 1014 28
2037 987 2133 1022 Juillet
2148 987 2226 1015 1291.

1326 1049 1461 1076 Inhibitio
1477 1049 1619 1076 vendendi
1640 1049 1683 1075 vel
1704 1049 1874 1084 pignorandi
1895 1049 2098 1084 possessiones
2119 1049 2223 1078 domus
2242 1050 2298 1078 mi-

1289 1099 1365 1126 litiae
1381 1098 1501 1134 Templi.
1520 1098 1603 1134 (Rso.
1621 1098 1664 1131 46,
1682 1107 1708 1125 c.
1725 1099 1786 1133 39¹1,
1801 1098 1820 1124 s.
1837 1098 1870 1124 78
1886 1099 1934 1133 νο.)

1331 1223 1351 1231 ..
1367 1203 1534 1239 preceptori
1557 1205 1581 1230 et
1605 1202 1756 1238 fratribus
1777 1202 1894 1230 ordinis
1912 1202 2024 1231 militie
2049 1202 2160 1240 Templi
2177 1203 2213 1232 in
2225 1210 2297 1240 pro-

1288 1256 1389 1284 vintia
1412 1255 1557 1284 Romana.
1578 1266 1590 1281 «ι
1609 1254 1840 1292 Indempnitati
1859 1254 2027 1284 domorum
2047 1258 2225 1285 vestrarum
2242 1263 2296 1294 pa-

1289 1311 1379 1338 terna
1393 1307 1609 1338 sollicitudine
1625 1307 1791 1346 providere
1805 1307 1957 1345 volentes,
1971 1308 2158 1338 auctoritate
2169 1316 2296 1347 presen—

1289 1361 1571 1393 tiumjnhibemus
1585 1370 1625 1391 ne
1641 1370 1695 1391 vos
1707 1370 1764 1391 seu
1777 1360 1895 1400 aliquis
1909 1365 2066 1396 vestrum,
2082 1361 2299 1392 communiter
2333 1362 2338 1366 “

1289 1414 1338 1444 vel
1354 1414 1496 1450 divisim,
1511 1414 1632 1450 domos,
1649 1418 1760 1451 terras,
1775 1414 1898 1451 vineas,
1913 1415 2140 1454 possessiones,
2154 1414 2298 1446 redditus

1289 1472 1320 1498 et
1336 1468 1399 1498 alia
1416 1477 1618 1507 quecumque
1638 1468 1723 1499 bona
1746 1468 1934 1498 earumdem
1953 1468 2121 1498 domorum
2139 1468 2295 1506 vendere,

1288 1521 1407 1551 donare
1419 1545 1426 1559 ‚
1447 1522 1632 1560 pignorare,
1655 1522 1688 1551 in
1706 1521 1932 1560 emphiteosim
1948 1522 2133 1559 concedere,
2151 1520 2202 1551 vel
2217 1529 2296 1561 quo-

1288 1583 1426 1613 cumque
1444 1574 1648 1604 alienationis
1669 1574 1757 1604 titulo
1780 1574 1921 1604 alienare
1936 1574 2144 1613 presumatis,
2166 1583 2298 1606 romano

1288 1628 1437 1667 pontifice
1453 1627 1671 1659 inconsulto...
1691 1628 1763 1658 Dat.
1780 1632 1814 1658 ut
1828 1636 1934 1666 snpra.
1955 1640 1968 1655 n

1360 1788 1478 1817 5283
1842 1786 1973 1818 Orviet0‚
1991 1786 2025 1813 28
2037 1786 2132 1821 juillet
2148 1786 2226 1815 1291.
2265 1796 2267 1798 ·

1325 1850 1457 1877 Andreas
1474 1849 1606 1881 Mathiae,
1620 1851 1788 1883 procurator
1803 1848 1907 1875 domus
1923 1848 2040 1875 militiae
2054 1848 2164 1884 Templi
2178 1848 2299 1876 Jeroso-

1288 1901 1419 1932 limitani,
1437 1899 1632 1926 confirmatur.
1654 1897 1735 1928 (Rue.
1750 1897 1793 1929 46,
1811 1905 1836 1924 c.
1852 1897 1925 1929 3912,
1941 1898 1960 1924 f.
1978 1899 2010 1925 78
2027 1900 2073 1929 r0.)

1328 2004 1427 2032 Andre
1445 2002 1570 2037 Mathie,
1589 2002 1686 2037 fratri
1703 2006 1729 2030 et
1743 2002 1942 2038 procuratori
1958 2001 2064 2030 domus
2081 2001 2193 2030 militie
2213 2002 2298 2031 Tem-

1288 2057 1335 2094 pli
1351 2056 1610 2090 Jerosolimitani,
1633 2062 1730 2092 quem
1748 2053 1826 2084 olim
1846 2053 2044 2084 Guillelmus
2064 2053 2102 2084 de
2120 2053 2296 2093 Bellojoco‚

1288 2109 1458 2147 magister,
1479 2113 1513 2149 et*
1526 2110 1702 2137 conventus
1721 2106 1834 2136 domus
1850 2106 1984 2136 militiae
2001 2106 2125 2145 Templi
2143 2107 2161 2136 J
2166 2106 2296 2137 erosoli-

1287 2163 1424 2198 mitani,
1448 2162 1634 2201 priusquam
1659 2161 1695 2190 in
1717 2159 1801 2190 bello
1819 2168 1893 2190 cum
1918 2160 2102 2190 Sarracenis
2126 2161 2297 2191 commisso

1288 2215 1501 2252 decesserint,
1525 2223 1621 2245 suum
1646 2213 1830 2252 generalem
1850 2217 2105 2252 procuratorem,
2123 2213 2297 2252 syndicum

1288 2274 1318 2299 et
1342 2273 1480 2299 actorem
1497 2277 1533 2298 ac
1561 2267 1715 2297 nuntium
1744 2266 1913 2305 specialem
1937 2267 1973 2296 in
2000 2266 2089 2296 curia
2112 2257 2245 2297 romana
2266 2270 2297 2297 et

1286 2322 1364 2352 alibi
1387 2322 1639 2357 constituerunt,
1665 2320 1808 2350 decernit
1831 2319 2018 2359 hujusmodi
2040 2319 2297 2358 procurationem

1287 2379 1317 2406 et
1333 2379 1518 2414 potestatem
1537 2373 1643 2404 valere
1659 2374 1740 2403 sicut
1757 2377 1830 2403 ante
1849 2373 1994 2411 magistri
2011 2377 2042 2403 et
2055 2373 2191 2403 fratrum
2208 2382 2297 2412 prae-

1287 2429 1443 2459 dictorum
1463 2428 1639 2458 decessum.

1328 2495 1340 2509 a
1359 2482 1450 2512 Circa
1465 2481 1614 2512 ecclesias
1629 2485 1695 2511 et...
1713 2497 1751 2502 —
1768 2480 1839 2510 Dat.
1859 2480 1943 2519 apud
1959 2480 2243 2518 Urbemveterem,
2263 2483 2297 2510 ut

1287 2544 1392 2574 supra.
1413 2547 1426 2561 »

1357 2695 1475 2723 5284
1865 2692 1998 2722 Orvieto.
2013 2691 2047 2718 26
2063 2691 2133 2718 avril
2150 2691 2228 2719 1291.

1324 2757 1496 2788 Henricuni‚
1522 2757 1756 2783 archidiaconum
1780 2755 1980 2782 Nicosiensem
1992 2777 1998 2786 ,
2022 2754 2055 2781 ad
2083 2754 2295 2781 restitutionem

1287 2806 1505 2841 archiepiscopo
1521 2805 1686 2833 Nicosiensi
1700 2805 1860 2833 faciendam
1871 2803 2025 2839 compellit.
2039 2802 2123 2837 (Rau.
2135 2803 2179 2835 46,
2191 2811 2218 2830 c.
2230 2803 2294 2836 392,

1287 2855 1306 2881 f.
1325 2855 1356 2882 78
1375 2862 1419 2885 ru.)

1332 2980 1350 2985 ..
1374 2957 1588 2987 archidiacono
1609 2958 1788 2987 Nimotiensi
1816 2955 1946 2986 mandat
1971 2959 2004 2985 ut
2030 2955 2219 2992 Henricum,
2240 2964 2293 2986 ar-
