<?xml version="1.0" encoding="UTF-8"?>
<!DOCTYPE html PUBLIC "-//W3C//DTD XHTML 1.0 Transitional//EN"
    "http://www.w3.org/TR/xhtml1/DTD/xhtml1-transitional.dtd">
<html xmlns="http://www.w3.org/1999/xhtml" xml:lang="en" lang="en">
 <head>
  <title>
</title>
<meta http-equiv="Content-Type" content="text/html;charset=utf-8" />
  <meta name='ocr-system' content='tesseract 3.04.00' />
  <meta name='ocr-capabilities' content='ocr_page ocr_carea ocr_par ocr_line ocrx_word'/>
</head>
<body>
  <div class='ocr_page' id='page_1' title='image "./lesregistresdeni02romeuoft_0094.png"; bbox 0 0 2393 3496; ppageno 0'>
   <div class='ocr_carea' id='block_1_1' title="bbox 184 307 1521 356">
    <p class='ocr_par' dir='ltr' id='par_1_1' title="bbox 184 307 1521 356">
     <span class='ocr_line' id='line_1_1' title="bbox 184 307 1521 356; baseline -0.015 0"><span class='ocrx_word' id='word_1_1' title='bbox 184 326 241 356; x_wconf 83' lang='lat'>768</span> <span class='ocrx_word' id='word_1_2' title='bbox 925 312 1160 346; x_wconf 81' lang='lat' dir='ltr'>REGISTRES</span> <span class='ocrx_word' id='word_1_3' title='bbox 1182 311 1236 341; x_wconf 85' lang='lat' dir='ltr'>DE</span> <span class='ocrx_word' id='word_1_4' title='bbox 1258 307 1441 339; x_wconf 85' lang='lat' dir='ltr'>NICOLAS</span> <span class='ocrx_word' id='word_1_5' title='bbox 1464 308 1521 338; x_wconf 91' lang='lat' dir='ltr'>IV.</span> 
     </span>
    </p>
   </div>
   <div class='ocr_carea' id='block_1_2' title="bbox 183 381 1182 470">
    <p class='ocr_par' dir='ltr' id='par_1_2' title="bbox 183 381 1182 470">
     <span class='ocr_line' id='line_1_2' title="bbox 183 381 1182 419; baseline -0.016 0"><span class='ocrx_word' id='word_1_6' title='bbox 183 392 261 419; x_wconf 58' lang='grc' dir='ltr'>66111ἱ</span> <span class='ocrx_word' id='word_1_7' title='bbox 287 390 400 417; x_wconf 76' lang='lat' dir='ltr'>mandat</span> <span class='ocrx_word' id='word_1_8' title='bbox 426 394 454 415; x_wconf 86' lang='lat' dir='ltr'>ut</span> <span class='ocrx_word' id='word_1_9' title='bbox 485 388 618 414; x_wconf 59' lang='lat' dir='ltr'>listi-ibus</span> <span class='ocrx_word' id='word_1_10' title='bbox 648 384 806 411; x_wconf 83' lang='lat' dir='ltr'>minoribus</span> <span class='ocrx_word' id='word_1_11' title='bbox 827 382 965 417; x_wconf 82' lang='lat' dir='ltr'>quasdam</span> <span class='ocrx_word' id='word_1_12' title='bbox 989 381 1090 406; x_wconf 82' lang='lat' dir='ltr'>domos</span> <span class='ocrx_word' id='word_1_13' title='bbox 1113 386 1182 404; x_wconf 86' lang='lat' dir='ltr'>ven-</span> 
     </span>
     <span class='ocr_line' id='line_1_3' title="bbox 183 429 950 470; baseline -0.016 -4"><span class='ocrx_word' id='word_1_14' title='bbox 183 440 259 466; x_wconf 75' lang='lat' dir='ltr'>dant.</span> <span class='ocrx_word' id='word_1_15' title='bbox 277 438 359 470; x_wconf 71' lang='lat' dir='ltr'>(Rue.</span> <span class='ocrx_word' id='word_1_16' title='bbox 378 438 419 467; x_wconf 68' lang='lat'>46,</span> <span class='ocrx_word' id='word_1_17' title='bbox 438 445 462 462; x_wconf 89' lang='lat' dir='ltr'>c.</span> <span class='ocrx_word' id='word_1_18' title='bbox 481 436 539 465; x_wconf 76' lang='lat'>369.</span> <span class='ocrx_word' id='word_1_19' title='bbox 560 435 578 461; x_wconf 82' lang='lat' dir='ltr'>f.</span> <span class='ocrx_word' id='word_1_20' title='bbox 596 434 627 460; x_wconf 65' lang='lat'>72²</span> <span class='ocrx_word' id='word_1_21' title='bbox 645 439 690 462; x_wconf 70' lang='grc' dir='ltr'>νος</span> <span class='ocrx_word' id='word_1_22' title='bbox 708 431 822 460; x_wconf 67' lang='lat' dir='ltr'>Poma..</span> <span class='ocrx_word' id='word_1_23' title='bbox 840 429 950 462; x_wconf 67' lang='lat'>23717.)</span> 
     </span>
    </p>
   </div>
   <div class='ocr_carea' id='block_1_3' title="bbox 181 513 1192 2735">
    <p class='ocr_par' dir='ltr' id='par_1_3' title="bbox 181 513 1191 2575">
     <span class='ocr_line' id='line_1_4' title="bbox 224 513 1181 556; baseline -0.017 1"><span class='ocrx_word' id='word_1_24' title='bbox 224 550 245 556; x_wconf 89' lang='lat'>..</span> <span class='ocrx_word' id='word_1_25' title='bbox 263 527 360 556; x_wconf 81' lang='lat' dir='ltr'>abbaci</span> <span class='ocrx_word' id='word_1_26' title='bbox 375 531 399 554; x_wconf 77' lang='lat' dir='ltr'>el</span> <span class='ocrx_word' id='word_1_27' title='bbox 417 524 577 553; x_wconf 72' lang='lat' dir='ltr'>conventus</span> <span class='ocrx_word' id='word_1_28' title='bbox 593 519 769 549; x_wconf 69' lang='lat' dir='ltr'>⁴monasterii</span> <span class='ocrx_word' id='word_1_29' title='bbox 785 518 888 546; x_wconf 76' lang='lat' dir='ltr'>Sancti</span> <span class='ocrx_word' id='word_1_30' title='bbox 902 516 1053 545; x_wconf 75' lang='lat' dir='ltr'>Iohannis</span> <span class='ocrx_word' id='word_1_31' title='bbox 1073 516 1105 542; x_wconf 74' lang='lat' dir='ltr'>ln</span> <span class='ocrx_word' id='word_1_32' title='bbox 1126 513 1181 541; x_wconf 81' lang='lat' dir='ltr'>Va-</span> 
     </span>
     <span class='ocr_line' id='line_1_5' title="bbox 185 566 1181 613; baseline -0.016 -4"><span class='ocrx_word' id='word_1_33' title='bbox 185 581 311 609; x_wconf 69' lang='lat' dir='ltr'>tem—ervis</span> <span class='ocrx_word' id='word_1_34' title='bbox 326 601 333 613; x_wconf 96' lang='lat'>,</span> <span class='ocrx_word' id='word_1_35' title='bbox 367 577 482 606; x_wconf 80' lang='lat' dir='ltr'>ordinis</span> <span class='ocrx_word' id='word_1_36' title='bbox 511 574 540 603; x_wconf 82' lang='lat' dir='ltr'>S.</span> <span class='ocrx_word' id='word_1_37' title='bbox 575 572 757 607; x_wconf 72' lang='lat' dir='ltr'>Auquscini,</span> <span class='ocrx_word' id='word_1_38' title='bbox 791 569 1015 598; x_wconf 78' lang='lat' dir='ltr'><strong><em>Cameracensis</em></strong></span> <span class='ocrx_word' id='word_1_39' title='bbox 1046 566 1181 595; x_wconf 72' lang='lat' dir='ltr'>diocesis.</span> 
     </span>
     <span class='ocr_line' id='line_1_6' title="bbox 187 619 1184 669; baseline -0.013 -10"><span class='ocrx_word' id='word_1_40' title='bbox 187 645 200 659; x_wconf 70' lang='grc' dir='ltr'>ι</span> <span class='ocrx_word' id='word_1_41' title='bbox 221 632 449 669; x_wconf 74' lang='lat' dir='ltr'>Signitiearunt</span> <span class='ocrx_word' id='word_1_42' title='bbox 464 626 555 656; x_wconf 90' lang='lat' dir='ltr'>nobis</span> <span class='ocrx_word' id='word_1_43' title='bbox 577 624 682 654; x_wconf 86' lang='lat' dir='ltr'>dilecti</span> <span class='ocrx_word' id='word_1_44' title='bbox 700 623 755 652; x_wconf 84' lang='lat' dir='ltr'>filii</span> <span class='ocrx_word' id='word_1_45' title='bbox 775 645 794 652; x_wconf 90' lang='lat'>..</span> <span class='ocrx_word' id='word_1_46' title='bbox 812 621 1009 659; x_wconf 87' lang='lat' dir='ltr'>guardianus</span> <span class='ocrx_word' id='word_1_47' title='bbox 1024 623 1054 649; x_wconf 90' lang='lat' dir='ltr'>et</span> <span class='ocrx_word' id='word_1_48' title='bbox 1072 619 1184 648; x_wconf 79' lang='lat' dir='ltr'>fratres</span> 
     </span>
     <span class='ocr_line' id='line_1_7' title="bbox 184 670 1184 715; baseline -0.016 0"><span class='ocrx_word' id='word_1_49' title='bbox 184 685 222 715; x_wconf 89' lang='lat' dir='ltr'>de</span> <span class='ocrx_word' id='word_1_50' title='bbox 239 682 442 715; x_wconf 69' lang='lat' dir='ltr'>Valent-eois,</span> <span class='ocrx_word' id='word_1_51' title='bbox 460 679 581 709; x_wconf 77' lang='lat' dir='ltr'>ordinis</span> <span class='ocrx_word' id='word_1_52' title='bbox 597 677 730 706; x_wconf 78' lang='lat' dir='ltr'>fratrum</span> <span class='ocrx_word' id='word_1_53' title='bbox 745 675 924 710; x_wconf 80' lang='lat' dir='ltr'>minorum,</span> <span class='ocrx_word' id='word_1_54' title='bbox 943 670 1184 702; x_wconf 83' lang='lat' dir='ltr'>Cameracensis</span> 
     </span>
     <span class='ocr_line' id='line_1_8' title="bbox 184 722 1184 772; baseline -0.015 -5"><span class='ocrx_word' id='word_1_55' title='bbox 184 737 333 770; x_wconf 79' lang='lat' dir='ltr'>diocesis,</span> <span class='ocrx_word' id='word_1_56' title='bbox 363 733 445 772; x_wconf 83' lang='lat' dir='ltr'>qnod</span> <span class='ocrx_word' id='word_1_57' title='bbox 472 740 528 761; x_wconf 88' lang='lat' dir='ltr'>nos</span> <span class='ocrx_word' id='word_1_58' title='bbox 553 730 649 763; x_wconf 80' lang='lat' dir='ltr'>olim,</span> <span class='ocrx_word' id='word_1_59' title='bbox 675 728 837 758; x_wconf 87' lang='lat' dir='ltr'>intellecto</span> <span class='ocrx_word' id='word_1_60' title='bbox 860 726 944 766; x_wconf 88' lang='lat' dir='ltr'>quod</span> <span class='ocrx_word' id='word_1_61' title='bbox 969 725 1030 764; x_wconf 86' lang='lat' dir='ltr'>ipsi</span> <span class='ocrx_word' id='word_1_62' title='bbox 1055 725 1089 753; x_wconf 91' lang='lat' dir='ltr'>iu</span> <span class='ocrx_word' id='word_1_63' title='bbox 1116 722 1184 753; x_wconf 92' lang='lat' dir='ltr'>loco</span> 
     </span>
     <span class='ocr_line' id='line_1_9' title="bbox 183 778 1184 824; baseline -0.013 -5"><span class='ocrx_word' id='word_1_64' title='bbox 183 797 311 823; x_wconf 79' lang='lat' dir='ltr'>eorum,</span> <span class='ocrx_word' id='word_1_65' title='bbox 336 792 401 816; x_wconf 82' lang='lat' dir='ltr'>tuni</span> <span class='ocrx_word' id='word_1_66' title='bbox 427 789 552 824; x_wconf 82' lang='lat' dir='ltr'>propter</span> <span class='ocrx_word' id='word_1_67' title='bbox 572 783 670 822; x_wconf 91' lang='lat' dir='ltr'>ipsius</span> <span class='ocrx_word' id='word_1_68' title='bbox 696 782 756 812; x_wconf 91' lang='lat' dir='ltr'>loci</span> <span class='ocrx_word' id='word_1_69' title='bbox 778 781 979 819; x_wconf 75' lang='lat' dir='ltr'><strong>parvitatem,</strong></span> <span class='ocrx_word' id='word_1_70' title='bbox 1002 784 1068 808; x_wconf 89' lang='lat' dir='ltr'>tum</span> <span class='ocrx_word' id='word_1_71' title='bbox 1089 778 1184 806; x_wconf 88' lang='lat' dir='ltr'>etiam</span> 
     </span>
     <span class='ocr_line' id='line_1_10' title="bbox 182 830 1185 881; baseline -0.012 -10"><span class='ocrx_word' id='word_1_72' title='bbox 182 846 306 881; x_wconf 88' lang='lat' dir='ltr'>propter</span> <span class='ocrx_word' id='word_1_73' title='bbox 337 839 502 878; x_wconf 82' lang='lat' dir='ltr'>strepitum</span> <span class='ocrx_word' id='word_1_74' title='bbox 535 845 631 876; x_wconf 89' lang='lat' dir='ltr'>quem</span> <span class='ocrx_word' id='word_1_75' title='bbox 663 835 823 866; x_wconf 83' lang='lat' dir='ltr'>faciebant</span> <span class='ocrx_word' id='word_1_76' title='bbox 855 833 1017 864; x_wconf 87' lang='lat' dir='ltr'>interdum</span> <span class='ocrx_word' id='word_1_77' title='bbox 1049 830 1185 861; x_wconf 86' lang='lat' dir='ltr'>scolares</span> 
     </span>
     <span class='ocr_line' id='line_1_11' title="bbox 182 887 1185 929; baseline -0.012 -5"><span class='ocrx_word' id='word_1_78' title='bbox 182 894 344 925; x_wconf 75' lang='lat' dir='ltr'><strong>studentes</strong></span> <span class='ocrx_word' id='word_1_79' title='bbox 372 894 404 922; x_wconf 91' lang='lat' dir='ltr'>in</span> <span class='ocrx_word' id='word_1_80' title='bbox 433 891 524 922; x_wconf 86' lang='lat' dir='ltr'>scolis</span> <span class='ocrx_word' id='word_1_81' title='bbox 551 899 630 929; x_wconf 85' lang='lat' dir='ltr'>quas</span> <span class='ocrx_word' id='word_1_82' title='bbox 655 899 674 919; x_wconf 91' lang='lat' dir='ltr'>a</span> <span class='ocrx_word' id='word_1_83' title='bbox 702 888 894 918; x_wconf 86' lang='lat' dir='ltr'>monasterio</span> <span class='ocrx_word' id='word_1_84' title='bbox 920 890 1024 916; x_wconf 86' lang='lat' dir='ltr'>vestro</span> <span class='ocrx_word' id='word_1_85' title='bbox 1052 887 1185 914; x_wconf 85' lang='lat' dir='ltr'>semotas</span> 
     </span>
     <span class='ocr_line' id='line_1_12' title="bbox 181 940 1186 987; baseline -0.013 -9"><span class='ocrx_word' id='word_1_86' title='bbox 181 948 270 987; x_wconf 83' lang='lat' dir='ltr'>juxta</span> <span class='ocrx_word' id='word_1_87' title='bbox 299 946 404 977; x_wconf 89' lang='lat' dir='ltr'>locum</span> <span class='ocrx_word' id='word_1_88' title='bbox 433 944 608 984; x_wconf 85' lang='lat' dir='ltr'>predictum</span> <span class='ocrx_word' id='word_1_89' title='bbox 639 942 782 977; x_wconf 86' lang='lat' dir='ltr'>habetis,</span> <span class='ocrx_word' id='word_1_90' title='bbox 809 949 872 970; x_wconf 88' lang='lat' dir='ltr'>non</span> <span class='ocrx_word' id='word_1_91' title='bbox 903 943 1065 978; x_wconf 75' lang='lat' dir='ltr'>poterant,</span> <span class='ocrx_word' id='word_1_92' title='bbox 1095 940 1186 975; x_wconf 91' lang='lat' dir='ltr'>prout</span> 
     </span>
     <span class='ocr_line' id='line_1_13' title="bbox 182 990 1182 1034; baseline -0.012 -4"><span class='ocrx_word' id='word_1_93' title='bbox 182 999 386 1034; x_wconf 80' lang='lat' dir='ltr'>affectabant,</span> <span class='ocrx_word' id='word_1_94' title='bbox 411 998 558 1028; x_wconf 86' lang='lat' dir='ltr'>devotum</span> <span class='ocrx_word' id='word_1_95' title='bbox 583 996 740 1026; x_wconf 86' lang='lat' dir='ltr'>altissimo</span> <span class='ocrx_word' id='word_1_96' title='bbox 764 993 951 1032; x_wconf 85' lang='lat' dir='ltr'>impendere</span> <span class='ocrx_word' id='word_1_97' title='bbox 976 990 1182 1025; x_wconf 81' lang='lat' dir='ltr'>famulatum,</span> 
     </span>
     <span class='ocr_line' id='line_1_14' title="bbox 182 1046 1186 1088; baseline -0.012 -5"><span class='ocrx_word' id='word_1_98' title='bbox 182 1061 252 1087; x_wconf 86' lang='lat' dir='ltr'>nos,</span> <span class='ocrx_word' id='word_1_99' title='bbox 265 1051 447 1082; x_wconf 88' lang='lat' dir='ltr'>eorumdem</span> <span class='ocrx_word' id='word_1_100' title='bbox 461 1049 630 1088; x_wconf 84' lang='lat' dir='ltr'>guardiani</span> <span class='ocrx_word' id='word_1_101' title='bbox 642 1053 672 1078; x_wconf 90' lang='lat' dir='ltr'>et</span> <span class='ocrx_word' id='word_1_102' title='bbox 687 1048 820 1077; x_wconf 77' lang='lat' dir='ltr'>fratrum</span> <span class='ocrx_word' id='word_1_103' title='bbox 837 1046 1002 1085; x_wconf 87' lang='lat' dir='ltr'>cupientes</span> <span class='ocrx_word' id='word_1_104' title='bbox 1015 1053 1068 1083; x_wconf 84' lang='lat' dir='ltr'>per</span> <span class='ocrx_word' id='word_1_105' title='bbox 1079 1046 1186 1073; x_wconf 87' lang='lat' dir='ltr'>nostre</span> 
     </span>
     <span class='ocr_line' id='line_1_15' title="bbox 182 1095 1184 1144; baseline -0.011 -9"><span class='ocrx_word' id='word_1_106' title='bbox 182 1105 375 1144; x_wconf 79' lang='lat' dir='ltr'>provisionis</span> <span class='ocrx_word' id='word_1_107' title='bbox 391 1103 530 1133; x_wconf 88' lang='lat' dir='ltr'>studium</span> <span class='ocrx_word' id='word_1_108' title='bbox 548 1101 647 1140; x_wconf 83' lang='lat' dir='ltr'>quieti</span> <span class='ocrx_word' id='word_1_109' title='bbox 668 1105 698 1130; x_wconf 92' lang='lat' dir='ltr'>et</span> <span class='ocrx_word' id='word_1_110' title='bbox 718 1099 871 1139; x_wconf 81' lang='lat' dir='ltr'>profectui</span> <span class='ocrx_word' id='word_1_111' title='bbox 890 1097 1059 1127; x_wconf 78' lang='lat' dir='ltr'>salubriter</span> <span class='ocrx_word' id='word_1_112' title='bbox 1083 1095 1184 1134; x_wconf 89' lang='lat' dir='ltr'>provi-</span> 
     </span>
     <span class='ocr_line' id='line_1_16' title="bbox 184 1149 1187 1195; baseline -0.012 -7"><span class='ocrx_word' id='word_1_113' title='bbox 184 1158 271 1193; x_wconf 92' lang='lat' dir='ltr'>deri,</span> <span class='ocrx_word' id='word_1_114' title='bbox 291 1157 380 1188; x_wconf 76' lang='lat' dir='ltr'>vobis</span> <span class='ocrx_word' id='word_1_115' title='bbox 397 1165 450 1195; x_wconf 86' lang='lat' dir='ltr'>per</span> <span class='ocrx_word' id='word_1_116' title='bbox 471 1159 594 1186; x_wconf 82' lang='lat' dir='ltr'>nostras</span> <span class='ocrx_word' id='word_1_117' title='bbox 615 1154 738 1183; x_wconf 86' lang='lat' dir='ltr'>litteras</span> <span class='ocrx_word' id='word_1_118' title='bbox 758 1160 865 1190; x_wconf 84' lang='lat' dir='ltr'>preces</span> <span class='ocrx_word' id='word_1_119' title='bbox 881 1151 1031 1180; x_wconf 85' lang='lat' dir='ltr'>duximus</span> <span class='ocrx_word' id='word_1_120' title='bbox 1047 1149 1187 1186; x_wconf 89' lang='lat' dir='ltr'>dirigen-</span> 
     </span>
     <span class='ocr_line' id='line_1_17' title="bbox 184 1201 1186 1246; baseline -0.011 -5"><span class='ocrx_word' id='word_1_121' title='bbox 184 1212 241 1241; x_wconf 86' lang='lat' dir='ltr'>das</span> <span class='ocrx_word' id='word_1_122' title='bbox 252 1215 296 1246; x_wconf 92' lang='lat' dir='ltr'>ut,</span> <span class='ocrx_word' id='word_1_123' title='bbox 313 1211 352 1240; x_wconf 87' lang='lat' dir='ltr'>ob</span> <span class='ocrx_word' id='word_1_124' title='bbox 368 1209 578 1239; x_wconf 82' lang='lat' dir='ltr'>reverentiam</span> <span class='ocrx_word' id='word_1_125' title='bbox 590 1205 758 1245; x_wconf 86' lang='lat' dir='ltr'>apostolice</span> <span class='ocrx_word' id='word_1_126' title='bbox 771 1204 855 1234; x_wconf 85' lang='lat' dir='ltr'>sedis</span> <span class='ocrx_word' id='word_1_127' title='bbox 871 1208 901 1233; x_wconf 92' lang='lat' dir='ltr'>et</span> <span class='ocrx_word' id='word_1_128' title='bbox 912 1207 1065 1238; x_wconf 88' lang='lat' dir='ltr'>nostram,</span> <span class='ocrx_word' id='word_1_129' title='bbox 1080 1201 1186 1231; x_wconf 90' lang='lat' dir='ltr'>locum</span> 
     </span>
     <span class='ocr_line' id='line_1_18' title="bbox 184 1254 1186 1300; baseline -0.011 -6"><span class='ocrx_word' id='word_1_130' title='bbox 184 1265 251 1294; x_wconf 87' lang='lat' dir='ltr'>sive</span> <span class='ocrx_word' id='word_1_131' title='bbox 265 1264 375 1293; x_wconf 88' lang='lat' dir='ltr'>domos</span> <span class='ocrx_word' id='word_1_132' title='bbox 390 1263 423 1291; x_wconf 93' lang='lat' dir='ltr'>in</span> <span class='ocrx_word' id='word_1_133' title='bbox 441 1261 555 1300; x_wconf 85' lang='lat' dir='ltr'>quibus</span> <span class='ocrx_word' id='word_1_134' title='bbox 570 1259 651 1289; x_wconf 90' lang='lat' dir='ltr'>scole</span> <span class='ocrx_word' id='word_1_135' title='bbox 666 1258 806 1297; x_wconf 86' lang='lat' dir='ltr'>predicte</span> <span class='ocrx_word' id='word_1_136' title='bbox 821 1257 1014 1291; x_wconf 87' lang='lat' dir='ltr'>consistunt,</span> <span class='ocrx_word' id='word_1_137' title='bbox 1030 1263 1104 1285; x_wconf 89' lang='lat' dir='ltr'>cum</span> <span class='ocrx_word' id='word_1_138' title='bbox 1120 1254 1186 1284; x_wconf 90' lang='lat' dir='ltr'>solo</span> 
     </span>
     <span class='ocr_line' id='line_1_19' title="bbox 184 1308 1185 1356; baseline -0.01 -11"><span class='ocrx_word' id='word_1_139' title='bbox 184 1316 285 1356; x_wconf 85' lang='lat' dir='ltr'>posito</span> <span class='ocrx_word' id='word_1_140' title='bbox 306 1316 392 1354; x_wconf 82' lang='lat' dir='ltr'>juxta</span> <span class='ocrx_word' id='word_1_141' title='bbox 413 1322 479 1347; x_wconf 80' lang='lat' dir='ltr'>eas,</span> <span class='ocrx_word' id='word_1_142' title='bbox 503 1312 593 1341; x_wconf 81' lang='lat' dir='ltr'>dictis</span> <span class='ocrx_word' id='word_1_143' title='bbox 612 1310 788 1348; x_wconf 87' lang='lat' dir='ltr'>guardiano</span> <span class='ocrx_word' id='word_1_144' title='bbox 809 1314 839 1338; x_wconf 91' lang='lat' dir='ltr'>et</span> <span class='ocrx_word' id='word_1_145' title='bbox 862 1308 1013 1338; x_wconf 82' lang='lat' dir='ltr'>fratribus</span> <span class='ocrx_word' id='word_1_146' title='bbox 1037 1315 1092 1346; x_wconf 92' lang='lat' dir='ltr'>pro</span> <span class='ocrx_word' id='word_1_147' title='bbox 1115 1315 1185 1336; x_wconf 83' lang='lat' dir='ltr'>ani-</span> 
     </span>
     <span class='ocr_line' id='line_1_20' title="bbox 184 1361 1187 1408; baseline -0.009 -9"><span class='ocrx_word' id='word_1_148' title='bbox 184 1368 312 1408; x_wconf 86' lang='lat' dir='ltr'>pliaudo</span> <span class='ocrx_word' id='word_1_149' title='bbox 334 1375 442 1397; x_wconf 88' lang='lat' dir='ltr'>eorum</span> <span class='ocrx_word' id='word_1_150' title='bbox 464 1365 530 1395; x_wconf 92' lang='lat' dir='ltr'>loco</span> <span class='ocrx_word' id='word_1_151' title='bbox 555 1364 693 1403; x_wconf 84' lang='lat' dir='ltr'>predicto</span> <span class='ocrx_word' id='word_1_152' title='bbox 706 1386 714 1400; x_wconf 88' lang='lat'>,</span> <span class='ocrx_word' id='word_1_153' title='bbox 735 1363 774 1392; x_wconf 88' lang='lat' dir='ltr'>ab</span> <span class='ocrx_word' id='word_1_154' title='bbox 794 1362 889 1400; x_wconf 83' lang='lat' dir='ltr'>ipsis,</span> <span class='ocrx_word' id='word_1_155' title='bbox 905 1362 997 1400; x_wconf 82' lang='lat' dir='ltr'>juxta</span> <span class='ocrx_word' id='word_1_156' title='bbox 1015 1361 1187 1400; x_wconf 88' lang='lat' dir='ltr'>proborum</span> 
     </span>
     <span class='ocr_line' id='line_1_21' title="bbox 184 1415 1188 1455; baseline -0.009 -3"><span class='ocrx_word' id='word_1_157' title='bbox 184 1423 328 1452; x_wconf 86' lang='lat' dir='ltr'>virorum</span> <span class='ocrx_word' id='word_1_158' title='bbox 353 1420 603 1453; x_wconf 82' lang='lat' dir='ltr'>estimationem,</span> <span class='ocrx_word' id='word_1_159' title='bbox 629 1418 662 1446; x_wconf 92' lang='lat' dir='ltr'>in</span> <span class='ocrx_word' id='word_1_160' title='bbox 691 1417 825 1455; x_wconf 88' lang='lat' dir='ltr'>pecunia</span> <span class='ocrx_word' id='word_1_161' title='bbox 849 1415 898 1445; x_wconf 92' lang='lat' dir='ltr'>vel</span> <span class='ocrx_word' id='word_1_162' title='bbox 925 1415 997 1445; x_wconf 89' lang='lat' dir='ltr'>aliis</span> <span class='ocrx_word' id='word_1_163' title='bbox 1024 1415 1188 1445; x_wconf 82' lang='lat' dir='ltr'>excambio</span> 
     </span>
     <span class='ocr_line' id='line_1_22' title="bbox 184 1468 1187 1514; baseline -0.009 -8"><span class='ocrx_word' id='word_1_164' title='bbox 184 1474 375 1514; x_wconf 80' lang='lat' dir='ltr'>competenti</span> <span class='ocrx_word' id='word_1_165' title='bbox 394 1477 530 1510; x_wconf 85' lang='lat' dir='ltr'>recepto,</span> <span class='ocrx_word' id='word_1_166' title='bbox 551 1471 620 1500; x_wconf 89' lang='lat' dir='ltr'>sine</span> <span class='ocrx_word' id='word_1_167' title='bbox 645 1469 831 1500; x_wconf 81' lang='lat' dir='ltr'>difficultate</span> <span class='ocrx_word' id='word_1_168' title='bbox 854 1468 997 1507; x_wconf 87' lang='lat' dir='ltr'>qualibet</span> <span class='ocrx_word' id='word_1_169' title='bbox 1013 1468 1187 1498; x_wconf 82' lang='lat' dir='ltr'>concedere</span> 
     </span>
     <span class='ocr_line' id='line_1_23' title="bbox 185 1523 1186 1563; baseline -0.008 -4"><span class='ocrx_word' id='word_1_170' title='bbox 185 1528 355 1563; x_wconf 78' lang='lat' dir='ltr'>curaretis;</span> <span class='ocrx_word' id='word_1_171' title='bbox 378 1527 431 1556; x_wconf 87' lang='lat' dir='ltr'>sed</span> <span class='ocrx_word' id='word_1_172' title='bbox 454 1534 518 1561; x_wconf 84' lang='lat' dir='ltr'>vos,</span> <span class='ocrx_word' id='word_1_173' title='bbox 542 1525 581 1554; x_wconf 88' lang='lat' dir='ltr'>ab</span> <span class='ocrx_word' id='word_1_174' title='bbox 597 1523 781 1562; x_wconf 85' lang='lat' dir='ltr'>hujusmodi</span> <span class='ocrx_word' id='word_1_175' title='bbox 799 1523 917 1552; x_wconf 90' lang='lat' dir='ltr'>nostris</span> <span class='ocrx_word' id='word_1_176' title='bbox 933 1523 1079 1561; x_wconf 84' lang='lat' dir='ltr'>precibus</span> <span class='ocrx_word' id='word_1_177' title='bbox 1094 1531 1186 1552; x_wconf 87' lang='lat' dir='ltr'>aver-</span> 
     </span>
     <span class='ocr_line' id='line_1_24' title="bbox 186 1576 1188 1617; baseline -0.008 -5"><span class='ocrx_word' id='word_1_178' title='bbox 186 1588 286 1613; x_wconf 84' lang='lat' dir='ltr'>tentes</span> <span class='ocrx_word' id='word_1_179' title='bbox 305 1581 446 1610; x_wconf 88' lang='lat' dir='ltr'>auditum</span> <span class='ocrx_word' id='word_1_180' title='bbox 472 1584 502 1608; x_wconf 88' lang='lat' dir='ltr'>et</span> <span class='ocrx_word' id='word_1_181' title='bbox 524 1578 677 1617; x_wconf 87' lang='lat' dir='ltr'>quasdam</span> <span class='ocrx_word' id='word_1_182' title='bbox 697 1577 877 1607; x_wconf 84' lang='lat' dir='ltr'>occasiones</span> <span class='ocrx_word' id='word_1_183' title='bbox 906 1576 1036 1606; x_wconf 83' lang='lat' dir='ltr'>frivolas</span> <span class='ocrx_word' id='word_1_184' title='bbox 1060 1580 1188 1615; x_wconf 87' lang='lat' dir='ltr'>preten-</span> 
     </span>
     <span class='ocr_line' id='line_1_25' title="bbox 185 1629 1189 1670; baseline -0.008 -4"><span class='ocrx_word' id='word_1_185' title='bbox 185 1636 295 1666; x_wconf 84' lang='lat' dir='ltr'>dentes</span> <span class='ocrx_word' id='word_1_186' title='bbox 308 1657 315 1670; x_wconf 91' lang='grc'>,</span> <span class='ocrx_word' id='word_1_187' title='bbox 348 1634 381 1663; x_wconf 89' lang='lat' dir='ltr'>id</span> <span class='ocrx_word' id='word_1_188' title='bbox 409 1634 533 1663; x_wconf 84' lang='lat' dir='ltr'>efficere</span> <span class='ocrx_word' id='word_1_189' title='bbox 561 1640 624 1662; x_wconf 90' lang='lat' dir='ltr'>non</span> <span class='ocrx_word' id='word_1_190' title='bbox 656 1631 809 1665; x_wconf 84' lang='lat' dir='ltr'>curastis,</span> <span class='ocrx_word' id='word_1_191' title='bbox 840 1634 966 1668; x_wconf 88' lang='lat' dir='ltr'>propter</span> <span class='ocrx_word' id='word_1_192' title='bbox 997 1629 1080 1668; x_wconf 88' lang='lat' dir='ltr'>quod</span> <span class='ocrx_word' id='word_1_193' title='bbox 1112 1629 1189 1659; x_wconf 85' lang='lat' dir='ltr'>dicti</span> 
     </span>
     <span class='ocr_line' id='line_1_26' title="bbox 184 1682 1188 1726; baseline -0.007 -8"><span class='ocrx_word' id='word_1_194' title='bbox 184 1688 380 1726; x_wconf 82' lang='lat' dir='ltr'>guardianus</span> <span class='ocrx_word' id='word_1_195' title='bbox 399 1690 430 1715; x_wconf 88' lang='lat' dir='ltr'>et</span> <span class='ocrx_word' id='word_1_196' title='bbox 446 1686 574 1720; x_wconf 79' lang='lat' dir='ltr'>fratres,</span> <span class='ocrx_word' id='word_1_197' title='bbox 592 1683 761 1722; x_wconf 86' lang='lat' dir='ltr'>apostolice</span> <span class='ocrx_word' id='word_1_198' title='bbox 777 1683 860 1712; x_wconf 88' lang='lat' dir='ltr'>sedis</span> <span class='ocrx_word' id='word_1_199' title='bbox 877 1682 1109 1720; x_wconf 88' lang='lat' dir='ltr'>providentiam</span> <span class='ocrx_word' id='word_1_200' title='bbox 1127 1683 1188 1712; x_wconf 92' lang='lat' dir='ltr'>im-</span> 
     </span>
     <span class='ocr_line' id='line_1_27' title="bbox 186 1735 1189 1781; baseline -0.007 -10"><span class='ocrx_word' id='word_1_201' title='bbox 186 1742 363 1781; x_wconf 84' lang='lat' dir='ltr'>plorantes,</span> <span class='ocrx_word' id='word_1_202' title='bbox 396 1739 488 1769; x_wconf 75' lang='grc'><strong>1101115</strong></span> <span class='ocrx_word' id='word_1_203' title='bbox 520 1737 686 1767; x_wconf 87' lang='lat' dir='ltr'>humiliter</span> <span class='ocrx_word' id='word_1_204' title='bbox 715 1736 934 1774; x_wconf 83' lang='lat' dir='ltr'>supplicarunt</span> <span class='ocrx_word' id='word_1_205' title='bbox 961 1740 994 1765; x_wconf 89' lang='lat' dir='ltr'>ut</span> <span class='ocrx_word' id='word_1_206' title='bbox 1022 1735 1189 1774; x_wconf 85' lang='lat' dir='ltr'>providere</span> 
     </span>
     <span class='ocr_line' id='line_1_28' title="bbox 185 1789 1191 1833; baseline -0.006 -9"><span class='ocrx_word' id='word_1_207' title='bbox 185 1794 263 1833; x_wconf 88' lang='lat' dir='ltr'>ipsis</span> <span class='ocrx_word' id='word_1_208' title='bbox 284 1801 378 1832; x_wconf 87' lang='lat' dir='ltr'>super</span> <span class='ocrx_word' id='word_1_209' title='bbox 402 1793 460 1822; x_wconf 89' lang='grc'><strong>1106</strong></span> <span class='ocrx_word' id='word_1_210' title='bbox 475 1791 513 1821; x_wconf 89' lang='grc'>(16</span> <span class='ocrx_word' id='word_1_211' title='bbox 533 1796 686 1830; x_wconf 88' lang='lat' dir='ltr'>oportuno</span> <span class='ocrx_word' id='word_1_212' title='bbox 707 1789 850 1819; x_wconf 88' lang='lat' dir='ltr'>remedio</span> <span class='ocrx_word' id='word_1_213' title='bbox 869 1794 1000 1828; x_wconf 89' lang='lat' dir='ltr'>paterna</span> <span class='ocrx_word' id='word_1_214' title='bbox 1022 1789 1191 1827; x_wconf 84' lang='lat' dir='ltr'>diligentia</span> 
     </span>
     <span class='ocr_line' id='line_1_29' title="bbox 185 1842 1190 1882; baseline -0.006 -5"><span class='ocrx_word' id='word_1_215' title='bbox 185 1855 380 1877; x_wconf 65' lang='lat' dir='ltr'>curaremus</span> <span class='ocrx_word' id='word_1_216' title='bbox 404 1844 486 1874; x_wconf 90' lang='lat' dir='ltr'>Cum</span> <span class='ocrx_word' id='word_1_217' title='bbox 510 1844 608 1882; x_wconf 85' lang='lat' dir='ltr'>igitur</span> <span class='ocrx_word' id='word_1_218' title='bbox 630 1843 767 1873; x_wconf 85' lang='lat' dir='ltr'>salutare</span> <span class='ocrx_word' id='word_1_219' title='bbox 791 1842 916 1881; x_wconf 84' lang='lat' dir='ltr'>pietatis</span> <span class='ocrx_word' id='word_1_220' title='bbox 940 1851 1018 1881; x_wconf 88' lang='lat' dir='ltr'>opus</span> <span class='ocrx_word' id='word_1_221' title='bbox 1039 1842 1139 1880; x_wconf 86' lang='lat' dir='ltr'>agatis</span> <span class='ocrx_word' id='word_1_222' title='bbox 1162 1842 1190 1871; x_wconf 88' lang='lat' dir='ltr'>si</span> 
     </span>
     <span class='ocr_line' id='line_1_30' title="bbox 186 1896 1190 1936; baseline -0.005 -7"><span class='ocrx_word' id='word_1_223' title='bbox 186 1900 276 1930; x_wconf 86' lang='lat' dir='ltr'>dictis</span> <span class='ocrx_word' id='word_1_224' title='bbox 302 1898 476 1936; x_wconf 85' lang='lat' dir='ltr'>guardiano</span> <span class='ocrx_word' id='word_1_225' title='bbox 499 1902 528 1926; x_wconf 90' lang='lat' dir='ltr'>et</span> <span class='ocrx_word' id='word_1_226' title='bbox 547 1896 698 1926; x_wconf 74' lang='lat' dir='ltr'>trau-ihus</span> <span class='ocrx_word' id='word_1_227' title='bbox 721 1896 879 1933; x_wconf 84' lang='lat' dir='ltr'>benignos</span> <span class='ocrx_word' id='word_1_228' title='bbox 903 1900 933 1925; x_wconf 91' lang='lat' dir='ltr'>et</span> <span class='ocrx_word' id='word_1_229' title='bbox 954 1899 1117 1934; x_wconf 88' lang='lat' dir='ltr'>promptos</span> <span class='ocrx_word' id='word_1_230' title='bbox 1136 1904 1190 1925; x_wconf 88' lang='lat' dir='ltr'>vos</span> 
     </span>
     <span class='ocr_line' id='line_1_31' title="bbox 184 1948 1190 1988; baseline -0.004 -6"><span class='ocrx_word' id='word_1_231' title='bbox 184 1952 339 1988; x_wconf 87' lang='lat' dir='ltr'>reddatis,</span> <span class='ocrx_word' id='word_1_232' title='bbox 357 1951 596 1980; x_wconf 82' lang='lat' dir='ltr'>universitatem</span> <span class='ocrx_word' id='word_1_233' title='bbox 613 1954 750 1979; x_wconf 85' lang='lat' dir='ltr'>vestram</span> <span class='ocrx_word' id='word_1_234' title='bbox 768 1950 879 1979; x_wconf 89' lang='lat' dir='ltr'>iterato</span> <span class='ocrx_word' id='word_1_235' title='bbox 895 1957 1046 1986; x_wconf 84' lang='lat' dir='ltr'>rogamus</span> <span class='ocrx_word' id='word_1_236' title='bbox 1066 1953 1096 1978; x_wconf 90' lang='lat' dir='ltr'>et</span> <span class='ocrx_word' id='word_1_237' title='bbox 1113 1948 1190 1978; x_wconf 89' lang='lat' dir='ltr'>hor-</span> 
     </span>
     <span class='ocr_line' id='line_1_32' title="bbox 185 2001 1190 2042; baseline -0.003 -7"><span class='ocrx_word' id='word_1_238' title='bbox 185 2011 290 2036; x_wconf 76' lang='lat' dir='ltr'>tamur</span> <span class='ocrx_word' id='word_1_239' title='bbox 308 2008 443 2040; x_wconf 88' lang='lat' dir='ltr'>attente,</span> <span class='ocrx_word' id='word_1_240' title='bbox 465 2012 520 2042; x_wconf 87' lang='lat' dir='ltr'>per</span> <span class='ocrx_word' id='word_1_241' title='bbox 542 2002 713 2042; x_wconf 85' lang='lat' dir='ltr'>apostolica</span> <span class='ocrx_word' id='word_1_242' title='bbox 740 2002 828 2032; x_wconf 87' lang='lat' dir='ltr'>vobis</span> <span class='ocrx_word' id='word_1_243' title='bbox 851 2002 966 2040; x_wconf 87' lang='lat' dir='ltr'>scripta</span> <span class='ocrx_word' id='word_1_244' title='bbox 986 2001 1190 2041; x_wconf 80' lang='lat' dir='ltr'>precipiendo</span> 
     </span>
     <span class='ocr_line' id='line_1_33' title="bbox 184 2055 1187 2096; baseline -0.004 -8"><span class='ocrx_word' id='word_1_245' title='bbox 184 2058 373 2088; x_wconf 83' lang='lat' dir='ltr'>mandantes</span> <span class='ocrx_word' id='word_1_246' title='bbox 391 2062 548 2096; x_wconf 87' lang='lat' dir='ltr'>quatenus</span> <span class='ocrx_word' id='word_1_247' title='bbox 568 2056 667 2086; x_wconf 84' lang='lat' dir='ltr'>scolas</span> <span class='ocrx_word' id='word_1_248' title='bbox 688 2061 718 2085; x_wconf 89' lang='lat' dir='ltr'>et</span> <span class='ocrx_word' id='word_1_249' title='bbox 737 2056 846 2085; x_wconf 89' lang='lat' dir='ltr'>domos</span> <span class='ocrx_word' id='word_1_250' title='bbox 863 2057 954 2094; x_wconf 79' lang='lat' dir='ltr'>juxta</span> <span class='ocrx_word' id='word_1_251' title='bbox 975 2064 1028 2085; x_wconf 88' lang='lat' dir='ltr'>eas</span> <span class='ocrx_word' id='word_1_252' title='bbox 1050 2055 1187 2094; x_wconf 90' lang='lat' dir='ltr'>positas,</span> 
     </span>
     <span class='ocr_line' id='line_1_34' title="bbox 185 2108 1188 2149; baseline -0.004 -7"><span class='ocrx_word' id='word_1_253' title='bbox 185 2121 258 2143; x_wconf 89' lang='lat' dir='ltr'>cum</span> <span class='ocrx_word' id='word_1_254' title='bbox 273 2111 338 2142; x_wconf 90' lang='lat' dir='ltr'>solo</span> <span class='ocrx_word' id='word_1_255' title='bbox 354 2110 508 2149; x_wconf 88' lang='lat' dir='ltr'>predicto,</span> <span class='ocrx_word' id='word_1_256' title='bbox 525 2118 580 2148; x_wconf 88' lang='lat' dir='ltr'>pro</span> <span class='ocrx_word' id='word_1_257' title='bbox 599 2109 791 2148; x_wconf 86' lang='lat' dir='ltr'>competenti</span> <span class='ocrx_word' id='word_1_258' title='bbox 807 2109 908 2147; x_wconf 87' lang='lat' dir='ltr'>pretio</span> <span class='ocrx_word' id='word_1_259' title='bbox 924 2109 991 2138; x_wconf 89' lang='lat' dir='ltr'>sive</span> <span class='ocrx_word' id='word_1_260' title='bbox 1007 2108 1188 2144; x_wconf 81' lang='lat' dir='ltr'>excambio,</span> 
     </span>
     <span class='ocr_line' id='line_1_35' title="bbox 184 2162 1190 2204; baseline -0.004 -9"><span class='ocrx_word' id='word_1_261' title='bbox 184 2166 263 2196; x_wconf 88' lang='lat' dir='ltr'>alibi</span> <span class='ocrx_word' id='word_1_262' title='bbox 278 2174 372 2204; x_wconf 87' lang='lat' dir='ltr'>quam</span> <span class='ocrx_word' id='word_1_263' title='bbox 390 2164 424 2193; x_wconf 90' lang='lat' dir='ltr'>in</span> <span class='ocrx_word' id='word_1_264' title='bbox 447 2164 529 2193; x_wconf 81' lang='lat' dir='ltr'>dicto</span> <span class='ocrx_word' id='word_1_265' title='bbox 550 2163 616 2193; x_wconf 85' lang='lat' dir='ltr'>loco</span> <span class='ocrx_word' id='word_1_266' title='bbox 635 2164 767 2192; x_wconf 75' lang='lat' dir='ltr'>fratrum</span> <span class='ocrx_word' id='word_1_267' title='bbox 790 2162 969 2200; x_wconf 88' lang='lat' dir='ltr'>guardiano</span> <span class='ocrx_word' id='word_1_268' title='bbox 987 2167 1017 2192; x_wconf 89' lang='lat' dir='ltr'>et</span> <span class='ocrx_word' id='word_1_269' title='bbox 1039 2162 1190 2191; x_wconf 84' lang='lat' dir='ltr'>fratribus</span> 
     </span>
     <span class='ocr_line' id='line_1_36' title="bbox 185 2215 1190 2255; baseline -0.004 -6"><span class='ocrx_word' id='word_1_270' title='bbox 185 2218 363 2249; x_wconf 82' lang='lat' dir='ltr'>concedatis</span> <span class='ocrx_word' id='word_1_271' title='bbox 375 2217 506 2247; x_wconf 85' lang='lat' dir='ltr'>eisdem.</span> <span class='ocrx_word' id='word_1_272' title='bbox 525 2217 679 2255; x_wconf 78' lang='lat' dir='ltr'>Alioquin</span> <span class='ocrx_word' id='word_1_273' title='bbox 694 2216 835 2246; x_wconf 91' lang='lat' dir='ltr'>volentes</span> <span class='ocrx_word' id='word_1_274' title='bbox 849 2215 932 2255; x_wconf 88' lang='lat' dir='ltr'>quod</span> <span class='ocrx_word' id='word_1_275' title='bbox 948 2216 1082 2254; x_wconf 89' lang='lat' dir='ltr'>predicti</span> <span class='ocrx_word' id='word_1_276' title='bbox 1098 2224 1190 2253; x_wconf 86' lang='lat' dir='ltr'>gnar-</span> 
     </span>
     <span class='ocr_line' id='line_1_37' title="bbox 185 2269 1188 2308; baseline -0.004 -6"><span class='ocrx_word' id='word_1_277' title='bbox 185 2273 301 2302; x_wconf 87' lang='lat' dir='ltr'>dianus</span> <span class='ocrx_word' id='word_1_278' title='bbox 323 2277 352 2301; x_wconf 89' lang='lat' dir='ltr'>et</span> <span class='ocrx_word' id='word_1_279' title='bbox 375 2272 486 2300; x_wconf 78' lang='lat' dir='ltr'>iratres</span> <span class='ocrx_word' id='word_1_280' title='bbox 508 2270 546 2300; x_wconf 91' lang='lat' dir='ltr'>de</span> <span class='ocrx_word' id='word_1_281' title='bbox 567 2269 753 2308; x_wconf 86' lang='lat' dir='ltr'>hujusmodi</span> <span class='ocrx_word' id='word_1_282' title='bbox 773 2269 890 2299; x_wconf 90' lang='lat' dir='ltr'>nostris</span> <span class='ocrx_word' id='word_1_283' title='bbox 910 2269 1057 2308; x_wconf 87' lang='lat' dir='ltr'>precibus</span> <span class='ocrx_word' id='word_1_284' title='bbox 1072 2273 1103 2299; x_wconf 86' lang='lat' dir='ltr'>et</span> <span class='ocrx_word' id='word_1_285' title='bbox 1116 2277 1188 2307; x_wconf 90' lang='lat' dir='ltr'>pre-</span> 
     </span>
     <span class='ocr_line' id='line_1_38' title="bbox 185 2322 1188 2364; baseline -0.003 -9"><span class='ocrx_word' id='word_1_286' title='bbox 185 2325 284 2364; x_wconf 85' lang='lat' dir='ltr'>ceptis</span> <span class='ocrx_word' id='word_1_287' title='bbox 306 2329 446 2363; x_wconf 86' lang='lat' dir='ltr'>optatum</span> <span class='ocrx_word' id='word_1_288' title='bbox 470 2323 641 2353; x_wconf 85' lang='lat' dir='ltr'>comodum</span> <span class='ocrx_word' id='word_1_289' title='bbox 662 2328 913 2362; x_wconf 88' lang='lat' dir='ltr'>consequantur,</span> <span class='ocrx_word' id='word_1_290' title='bbox 937 2323 1052 2352; x_wconf 90' lang='lat' dir='ltr'>dilecto</span> <span class='ocrx_word' id='word_1_291' title='bbox 1077 2322 1145 2352; x_wconf 89' lang='lat' dir='ltr'>filio</span> <span class='ocrx_word' id='word_1_292' title='bbox 1169 2345 1188 2352; x_wconf 94' lang='lat'>..</span> 
     </span>
     <span class='ocr_line' id='line_1_39' title="bbox 185 2375 1191 2409; baseline -0.002 -1"><span class='ocrx_word' id='word_1_293' title='bbox 185 2377 568 2409; x_wconf 82' lang='lat' dir='ltr'>caut01·i·Ca1neraceusis</span> <span class='ocrx_word' id='word_1_294' title='bbox 591 2381 622 2406; x_wconf 87' lang='lat' dir='ltr'>et</span> <span class='ocrx_word' id='word_1_295' title='bbox 639 2399 658 2405; x_wconf 91' lang='lat'>..</span> <span class='ocrx_word' id='word_1_296' title='bbox 676 2376 839 2407; x_wconf 86' lang='lat' dir='ltr'>scolastico</span> <span class='ocrx_word' id='word_1_297' title='bbox 861 2377 1073 2406; x_wconf 72' lang='lat' dir='ltr'>&#39;l&#39;ornacensis</span> <span class='ocrx_word' id='word_1_298' title='bbox 1094 2375 1191 2406; x_wconf 81' lang='lat' dir='ltr'>eccle-</span> 
     </span>
     <span class='ocr_line' id='line_1_40' title="bbox 185 2429 1187 2466; baseline -0.003 -4"><span class='ocrx_word' id='word_1_299' title='bbox 185 2433 305 2462; x_wconf 87' lang='lat' dir='ltr'>siarum</span> <span class='ocrx_word' id='word_1_300' title='bbox 328 2431 443 2460; x_wconf 86' lang='lat' dir='ltr'>nostris</span> <span class='ocrx_word' id='word_1_301' title='bbox 464 2431 576 2460; x_wconf 84' lang='lat' dir='ltr'>damus</span> <span class='ocrx_word' id='word_1_302' title='bbox 595 2429 709 2459; x_wconf 86' lang='lat' dir='ltr'>litteris</span> <span class='ocrx_word' id='word_1_303' title='bbox 728 2430 762 2459; x_wconf 93' lang='lat' dir='ltr'>in</span> <span class='ocrx_word' id='word_1_304' title='bbox 783 2429 942 2459; x_wconf 84' lang='lat' dir='ltr'>mandatis</span> <span class='ocrx_word' id='word_1_305' title='bbox 963 2435 997 2459; x_wconf 92' lang='lat' dir='ltr'>ut</span> <span class='ocrx_word' id='word_1_306' title='bbox 1013 2439 1067 2460; x_wconf 92' lang='lat' dir='ltr'>vos</span> <span class='ocrx_word' id='word_1_307' title='bbox 1082 2429 1187 2466; x_wconf 80' lang='lat' dir='ltr'>adid,</span> 
     </span>
     <span class='ocr_line' id='line_1_41' title="bbox 185 2482 1190 2522; baseline -0.002 -8"><span class='ocrx_word' id='word_1_308' title='bbox 185 2484 362 2514; x_wconf 89' lang='lat' dir='ltr'>monitione</span> <span class='ocrx_word' id='word_1_309' title='bbox 372 2483 535 2522; x_wconf 82' lang='lat' dir='ltr'>premissa,</span> <span class='ocrx_word' id='word_1_310' title='bbox 547 2491 600 2521; x_wconf 87' lang='lat' dir='ltr'>per</span> <span class='ocrx_word' id='word_1_311' title='bbox 609 2491 778 2512; x_wconf 85' lang='lat' dir='ltr'>censuram</span> <span class='ocrx_word' id='word_1_312' title='bbox 788 2482 1044 2519; x_wconf 77' lang='lat' dir='ltr'>ecclesiasticam,</span> <span class='ocrx_word' id='word_1_313' title='bbox 1054 2491 1092 2521; x_wconf 89' lang='lat' dir='ltr'>ap</span> <span class='ocrx_word' id='word_1_314' title='bbox 1095 2482 1190 2521; x_wconf 87' lang='lat' dir='ltr'>pella-</span> 
     </span>
     <span class='ocr_line' id='line_1_42' title="bbox 186 2535 1188 2575; baseline -0.002 -8"><span class='ocrx_word' id='word_1_315' title='bbox 186 2539 271 2568; x_wconf 88' lang='lat' dir='ltr'>tione</span> <span class='ocrx_word' id='word_1_316' title='bbox 282 2542 414 2573; x_wconf 89' lang='lat' dir='ltr'>remota,</span> <span class='ocrx_word' id='word_1_317' title='bbox 427 2535 628 2574; x_wconf 77' lang='lat' dir='ltr'>compellant.</span> <span class='ocrx_word' id='word_1_318' title='bbox 644 2536 716 2565; x_wconf 91' lang='lat' dir='ltr'>Non</span> <span class='ocrx_word' id='word_1_319' title='bbox 728 2536 909 2566; x_wconf 88' lang='lat' dir='ltr'>obstante...</span> <span class='ocrx_word' id='word_1_320' title='bbox 924 2536 994 2566; x_wconf 92' lang='lat' dir='ltr'>Dat.</span> <span class='ocrx_word' id='word_1_321' title='bbox 1009 2541 1158 2575; x_wconf 83' lang='lat' dir='ltr'>utsupra.</span> <span class='ocrx_word' id='word_1_322' title='bbox 1176 2548 1188 2561; x_wconf 87' lang='lat'>»</span> 
     </span>
    </p>

    <p class='ocr_par' dir='ltr' id='par_1_4' title="bbox 184 2588 1192 2735">
     <span class='ocr_line' id='line_1_43' title="bbox 225 2588 1190 2620; baseline -0.003 0"><span class='ocrx_word' id='word_1_323' title='bbox 225 2590 262 2619; x_wconf 91' lang='lat' dir='ltr'>ln</span> <span class='ocrx_word' id='word_1_324' title='bbox 279 2599 306 2620; x_wconf 90' lang='lat' dir='ltr'>e.</span> <span class='ocrx_word' id='word_1_325' title='bbox 325 2598 367 2618; x_wconf 89' lang='lat' dir='ltr'>m.</span> <span class='ocrx_word' id='word_1_326' title='bbox 383 2612 403 2618; x_wconf 87' lang='lat'>..</span> <span class='ocrx_word' id='word_1_327' title='bbox 419 2589 539 2618; x_wconf 86' lang='lat' dir='ltr'>cantori</span> <span class='ocrx_word' id='word_1_328' title='bbox 555 2588 795 2618; x_wconf 86' lang='lat' dir='ltr'>Cameracensis</span> <span class='ocrx_word' id='word_1_329' title='bbox 811 2593 842 2618; x_wconf 89' lang='lat' dir='ltr'>et</span> <span class='ocrx_word' id='word_1_330' title='bbox 856 2611 875 2618; x_wconf 93' lang='lat'>..</span> <span class='ocrx_word' id='word_1_331' title='bbox 894 2588 1056 2619; x_wconf 86' lang='lat' dir='ltr'>scolastico</span> <span class='ocrx_word' id='word_1_332' title='bbox 1071 2589 1190 2619; x_wconf 86' lang='lat' dir='ltr'>Torna-</span> 
     </span>
     <span class='ocr_line' id='line_1_44' title="bbox 185 2642 1192 2680; baseline -0.001 -7"><span class='ocrx_word' id='word_1_333' title='bbox 185 2644 290 2674; x_wconf 87' lang='lat' dir='ltr'>censis</span> <span class='ocrx_word' id='word_1_334' title='bbox 305 2642 509 2673; x_wconf 84' lang='lat' dir='ltr'>ecclesiarum</span> <span class='ocrx_word' id='word_1_335' title='bbox 527 2642 657 2671; x_wconf 75' lang='lat' dir='ltr'>mandat</span> <span class='ocrx_word' id='word_1_336' title='bbox 672 2647 706 2672; x_wconf 90' lang='lat' dir='ltr'>ut</span> <span class='ocrx_word' id='word_1_337' title='bbox 722 2643 894 2680; x_wconf 80' lang='lat' dir='ltr'>praedictos</span> <span class='ocrx_word' id='word_1_338' title='bbox 908 2643 1054 2672; x_wconf 83' lang='lat' dir='ltr'>abbatem</span> <span class='ocrx_word' id='word_1_339' title='bbox 1073 2646 1103 2672; x_wconf 91' lang='lat' dir='ltr'>et</span> <span class='ocrx_word' id='word_1_340' title='bbox 1118 2651 1192 2673; x_wconf 87' lang='lat' dir='ltr'>con-</span> 
     </span>
     <span class='ocr_line' id='line_1_45' title="bbox 184 2694 1188 2735; baseline -0.001 -8"><span class='ocrx_word' id='word_1_341' title='bbox 184 2701 316 2727; x_wconf 82' lang='lat' dir='ltr'>ventum</span> <span class='ocrx_word' id='word_1_342' title='bbox 330 2696 368 2725; x_wconf 91' lang='lat' dir='ltr'>ad</span> <span class='ocrx_word' id='word_1_343' title='bbox 381 2695 540 2734; x_wconf 84' lang='lat' dir='ltr'>praedicta</span> <span class='ocrx_word' id='word_1_344' title='bbox 552 2694 716 2733; x_wconf 86' lang='lat' dir='ltr'>implenda</span> <span class='ocrx_word' id='word_1_345' title='bbox 729 2695 932 2734; x_wconf 85' lang='lat' dir='ltr'>compellant.</span> <span class='ocrx_word' id='word_1_346' title='bbox 949 2697 1018 2726; x_wconf 85' lang='lat' dir='ltr'>Dat.</span> <span class='ocrx_word' id='word_1_347' title='bbox 1036 2701 1188 2735; x_wconf 88' lang='lat' dir='ltr'>utsupra.</span> 
     </span>
    </p>
   </div>
   <div class='ocr_carea' id='block_1_4' title="bbox 221 2828 473 2858">
    <p class='ocr_par' dir='ltr' id='par_1_5' title="bbox 221 2828 473 2858">
     <span class='ocr_line' id='line_1_46' title="bbox 221 2828 473 2858; baseline -0.008 0"><span class='ocrx_word' id='word_1_348' title='bbox 221 2828 473 2858; x_wconf 69' lang='lat'>56945893</span> 
     </span>
    </p>
   </div>
   <div class='ocr_carea' id='block_1_5' title="bbox 220 2892 1038 2926">
    <p class='ocr_par' dir='ltr' id='par_1_6' title="bbox 220 2892 1038 2926">
     <span class='ocr_line' id='line_1_47' title="bbox 220 2892 1038 2926; baseline -0.002 -6"><span class='ocrx_word' id='word_1_349' title='bbox 220 2893 427 2926; x_wconf 75' lang='lat' dir='ltr'>Indulgentiae.</span> <span class='ocrx_word' id='word_1_350' title='bbox 446 2892 530 2924; x_wconf 61' lang='lat' dir='ltr'>(lieo.</span> <span class='ocrx_word' id='word_1_351' title='bbox 546 2892 588 2924; x_wconf 78' lang='lat'>46,</span> <span class='ocrx_word' id='word_1_352' title='bbox 605 2899 630 2918; x_wconf 92' lang='lat' dir='ltr'>c.</span> <span class='ocrx_word' id='word_1_353' title='bbox 648 2892 707 2923; x_wconf 71' lang='lat'>370,</span> <span class='ocrx_word' id='word_1_354' title='bbox 726 2892 744 2918; x_wconf 81' lang='lat' dir='ltr'>f.</span> <span class='ocrx_word' id='word_1_355' title='bbox 763 2892 795 2918; x_wconf 73' lang='grc'>7-3</span> <span class='ocrx_word' id='word_1_356' title='bbox 813 2898 850 2923; x_wconf 75' lang='grc' dir='ltr'>νο,</span> <span class='ocrx_word' id='word_1_357' title='bbox 868 2899 903 2918; x_wconf 88' lang='grc'>60</span> <span class='ocrx_word' id='word_1_358' title='bbox 919 2894 1038 2926; x_wconf 81' lang='lat' dir='ltr'>mai-ge.)</span> 
     </span>
    </p>
   </div>
   <div class='ocr_carea' id='block_1_6' title="bbox 742 2829 1117 2864">
    <p class='ocr_par' dir='ltr' id='par_1_7' title="bbox 742 2829 1117 2864">
     <span class='ocr_line' id='line_1_48' title="bbox 742 2829 1117 2864; baseline 0.003 -9"><span class='ocrx_word' id='word_1_359' title='bbox 742 2829 867 2861; x_wconf 85' lang='lat' dir='ltr'>Orvieto,</span> <span class='ocrx_word' id='word_1_360' title='bbox 883 2829 917 2856; x_wconf 79' lang='lat'>‘20</span> <span class='ocrx_word' id='word_1_361' title='bbox 929 2829 1024 2864; x_wconf 83' lang='lat' dir='ltr'>juillet</span> <span class='ocrx_word' id='word_1_362' title='bbox 1042 2829 1117 2856; x_wconf 68' lang='lat'>1291.</span> 
     </span>
    </p>
   </div>
   <div class='ocr_carea' id='block_1_7' title="bbox 227 2981 1187 3020">
    <p class='ocr_par' dir='ltr' id='par_1_8' title="bbox 227 2981 1187 3020">
     <span class='ocr_line' id='line_1_49' title="bbox 227 2981 1187 3020; baseline 0.001 -11"><span class='ocrx_word' id='word_1_363' title='bbox 227 2982 379 3011; x_wconf 65' lang='lat' dir='ltr'>{fnit-ersis</span> <span class='ocrx_word' id='word_1_364' title='bbox 401 2982 513 3010; x_wconf 79' lang='lat' dir='ltr'>Christi</span> <span class='ocrx_word' id='word_1_365' title='bbox 533 2981 669 3017; x_wconf 75' lang='lat' dir='ltr'>fidelibus</span> <span class='ocrx_word' id='word_1_366' title='bbox 686 2985 837 3018; x_wconf 75' lang='lat' dir='ltr'>presentes</span> <span class='ocrx_word' id='word_1_367' title='bbox 857 2981 976 3010; x_wconf 75' lang='lat' dir='ltr'>litteras</span> <span class='ocrx_word' id='word_1_368' title='bbox 997 2983 1187 3020; x_wconf 77' lang='lat' dir='ltr'>inspecturis.</span> 
     </span>
    </p>
   </div>
   <div class='ocr_carea' id='block_1_8' title="bbox 1264 367 2273 780">
    <p class='ocr_par' dir='ltr' id='par_1_9' title="bbox 1264 367 2273 668">
     <span class='ocr_line' id='line_1_50' title="bbox 1264 367 2270 412; baseline -0.008 -8"><span class='ocrx_word' id='word_1_369' title='bbox 1264 374 1505 412; x_wconf 86' lang='lat' dir='ltr'>Indulgentiam</span> <span class='ocrx_word' id='word_1_370' title='bbox 1522 372 1620 402; x_wconf 89' lang='lat' dir='ltr'>unius</span> <span class='ocrx_word' id='word_1_371' title='bbox 1637 372 1715 401; x_wconf 88' lang='lat' dir='ltr'>anui</span> <span class='ocrx_word' id='word_1_372' title='bbox 1732 375 1761 400; x_wconf 88' lang='lat' dir='ltr'>et</span> <span class='ocrx_word' id='word_1_373' title='bbox 1776 380 1814 400; x_wconf 74' lang='grc'><strong>111.</strong></span> <span class='ocrx_word' id='word_1_374' title='bbox 1833 369 1959 399; x_wconf 89' lang='lat' dir='ltr'>dierum</span> <span class='ocrx_word' id='word_1_375' title='bbox 1980 367 2124 398; x_wconf 87' lang='lat' dir='ltr'>concedit</span> <span class='ocrx_word' id='word_1_376' title='bbox 2139 367 2270 397; x_wconf 84' lang='lat' dir='ltr'>visitan-</span> 
     </span>
     <span class='ocr_line' id='line_1_51' title="bbox 1266 419 2270 459; baseline -0.007 -3"><span class='ocrx_word' id='word_1_377' title='bbox 1266 427 1352 457; x_wconf 89' lang='lat' dir='ltr'>tibus</span> <span class='ocrx_word' id='word_1_378' title='bbox 1372 425 1538 456; x_wconf 87' lang='lat' dir='ltr'>ecclesiam</span> <span class='ocrx_word' id='word_1_379' title='bbox 1558 423 1841 459; x_wconf 87' lang='lat' dir='ltr'>Cantuariensem,</span> <span class='ocrx_word' id='word_1_380' title='bbox 1859 423 1893 451; x_wconf 91' lang='lat' dir='ltr'>in</span> <span class='ocrx_word' id='word_1_381' title='bbox 1917 420 2053 459; x_wconf 85' lang='lat' dir='ltr'>singulis</span> <span class='ocrx_word' id='word_1_382' title='bbox 2069 420 2170 450; x_wconf 81' lang='lat' dir='ltr'>sancti</span> <span class='ocrx_word' id='word_1_383' title='bbox 2184 419 2270 450; x_wconf 84' lang='lat' dir='ltr'>Tho-</span> 
     </span>
     <span class='ocr_line' id='line_1_52' title="bbox 1265 474 2269 517; baseline -0.007 -8"><span class='ocrx_word' id='word_1_384' title='bbox 1265 488 1352 516; x_wconf 88' lang='lat' dir='ltr'>mae,</span> <span class='ocrx_word' id='word_1_385' title='bbox 1377 479 1411 508; x_wconf 91' lang='lat' dir='ltr'>in</span> <span class='ocrx_word' id='word_1_386' title='bbox 1432 479 1524 517; x_wconf 91' lang='lat' dir='ltr'>cujus</span> <span class='ocrx_word' id='word_1_387' title='bbox 1541 477 1696 507; x_wconf 85' lang='lat' dir='ltr'>honorem</span> <span class='ocrx_word' id='word_1_388' title='bbox 1719 475 1830 506; x_wconf 89' lang='lat' dir='ltr'>eadem</span> <span class='ocrx_word' id='word_1_389' title='bbox 1852 474 1985 505; x_wconf 87' lang='lat' dir='ltr'>ecclesia</span> <span class='ocrx_word' id='word_1_390' title='bbox 2007 478 2054 503; x_wconf 88' lang='lat' dir='ltr'>est</span> <span class='ocrx_word' id='word_1_391' title='bbox 2074 476 2269 510; x_wconf 83' lang='lat' dir='ltr'>constructa,</span> 
     </span>
     <span class='ocr_line' id='line_1_53' title="bbox 1265 526 2273 570; baseline -0.006 -8"><span class='ocrx_word' id='word_1_392' title='bbox 1265 540 1392 562; x_wconf 89' lang='lat' dir='ltr'>necnon</span> <span class='ocrx_word' id='word_1_393' title='bbox 1418 535 1555 570; x_wconf 86' lang='lat' dir='ltr'>quatuor</span> <span class='ocrx_word' id='word_1_394' title='bbox 1581 530 1690 560; x_wconf 89' lang='lat' dir='ltr'>beatae</span> <span class='ocrx_word' id='word_1_395' title='bbox 1716 528 1836 558; x_wconf 87' lang='lat' dir='ltr'>Mariae</span> <span class='ocrx_word' id='word_1_396' title='bbox 1859 526 2102 562; x_wconf 82' lang='lat' dir='ltr'>festivitatibus,</span> <span class='ocrx_word' id='word_1_397' title='bbox 2127 534 2181 564; x_wconf 88' lang='lat' dir='ltr'>per</span> <span class='ocrx_word' id='word_1_398' title='bbox 2206 528 2273 556; x_wconf 80' lang='lat' dir='ltr'>octo</span> 
     </span>
     <span class='ocr_line' id='line_1_54' title="bbox 1265 579 2273 623; baseline -0.007 -8"><span class='ocrx_word' id='word_1_399' title='bbox 1265 584 1334 615; x_wconf 86' lang='lat' dir='ltr'>dies</span> <span class='ocrx_word' id='word_1_400' title='bbox 1356 588 1525 623; x_wconf 86' lang='lat' dir='ltr'>sequentes</span> <span class='ocrx_word' id='word_1_401' title='bbox 1545 586 1575 613; x_wconf 90' lang='lat' dir='ltr'>et</span> <span class='ocrx_word' id='word_1_402' title='bbox 1595 583 1629 612; x_wconf 88' lang='lat' dir='ltr'>in</span> <span class='ocrx_word' id='word_1_403' title='bbox 1649 580 1872 611; x_wconf 88' lang='lat' dir='ltr'>anniversario</span> <span class='ocrx_word' id='word_1_404' title='bbox 1889 580 1941 610; x_wconf 88' lang='lat' dir='ltr'>die</span> <span class='ocrx_word' id='word_1_405' title='bbox 1963 579 2172 610; x_wconf 87' lang='lat' dir='ltr'>dedicationis</span> <span class='ocrx_word' id='word_1_406' title='bbox 2188 579 2273 617; x_wconf 84' lang='lat' dir='ltr'>ejus-</span> 
     </span>
     <span class='ocr_line' id='line_1_55' title="bbox 1265 636 1515 668; baseline -0.012 0"><span class='ocrx_word' id='word_1_407' title='bbox 1265 637 1337 668; x_wconf 89' lang='lat' dir='ltr'>dem</span> <span class='ocrx_word' id='word_1_408' title='bbox 1354 636 1515 667; x_wconf 86' lang='lat' dir='ltr'>ecclesiae.</span> 
     </span>
    </p>

    <p class='ocr_par' dir='ltr' id='par_1_10' title="bbox 1266 686 2271 780">
     <span class='ocr_line' id='line_1_56' title="bbox 1308 686 2271 728; baseline -0.003 -11"><span class='ocrx_word' id='word_1_409' title='bbox 1308 703 1322 718; x_wconf 66' lang='grc' dir='ltr'>α</span> <span class='ocrx_word' id='word_1_410' title='bbox 1340 690 1411 720; x_wconf 85' lang='lat' dir='ltr'>Vite</span> <span class='ocrx_word' id='word_1_411' title='bbox 1427 689 1577 728; x_wconf 87' lang='lat' dir='ltr'>perennis</span> <span class='ocrx_word' id='word_1_412' title='bbox 1593 688 1734 726; x_wconf 85' lang='lat' dir='ltr'>gloria...</span> <span class='ocrx_word' id='word_1_413' title='bbox 1750 703 1790 710; x_wconf 96' lang='lat'>—</span> <span class='ocrx_word' id='word_1_414' title='bbox 1807 688 1877 717; x_wconf 90' lang='lat' dir='ltr'>Dat.</span> <span class='ocrx_word' id='word_1_415' title='bbox 1894 687 1979 726; x_wconf 88' lang='lat' dir='ltr'>apud</span> <span class='ocrx_word' id='word_1_416' title='bbox 1995 686 2271 722; x_wconf 85' lang='lat' dir='ltr'>Urbemveterem,</span> 
     </span>
     <span class='ocr_line' id='line_1_57' title="bbox 1266 741 1923 780; baseline -0.008 -7"><span class='ocrx_word' id='word_1_417' title='bbox 1266 753 1320 773; x_wconf 79' lang='lat' dir='ltr'>xin</span> <span class='ocrx_word' id='word_1_418' title='bbox 1338 742 1491 773; x_wconf 80' lang='lat' dir='ltr'>kalendas</span> <span class='ocrx_word' id='word_1_419' title='bbox 1507 741 1650 780; x_wconf 87' lang='lat' dir='ltr'>augusti,</span> <span class='ocrx_word' id='word_1_420' title='bbox 1667 749 1753 772; x_wconf 91' lang='lat' dir='ltr'>anuo</span> <span class='ocrx_word' id='word_1_421' title='bbox 1768 745 1891 780; x_wconf 88' lang='lat' dir='ltr'>quarto.</span> <span class='ocrx_word' id='word_1_422' title='bbox 1909 752 1923 767; x_wconf 71' lang='lat' dir='ltr'>n</span> 
     </span>
    </p>
   </div>
   <div class='ocr_carea' id='block_1_9' title="bbox 1822 817 2202 854">
    <p class='ocr_par' dir='ltr' id='par_1_11' title="bbox 1822 817 2202 854">
     <span class='ocr_line' id='line_1_58' title="bbox 1822 817 2202 854; baseline -0.011 -6"><span class='ocrx_word' id='word_1_423' title='bbox 1822 820 1950 853; x_wconf 83' lang='lat' dir='ltr'>Orvieto,</span> <span class='ocrx_word' id='word_1_424' title='bbox 1967 819 2000 846; x_wconf 69' lang='lat'>‘23</span> <span class='ocrx_word' id='word_1_425' title='bbox 2012 819 2107 854; x_wconf 83' lang='lat' dir='ltr'>juillet</span> <span class='ocrx_word' id='word_1_426' title='bbox 2123 817 2202 845; x_wconf 72' lang='lat'><strong>1291.</strong></span> 
     </span>
    </p>
   </div>
   <div class='ocr_carea' id='block_1_10' title="bbox 1267 881 2278 1190">
    <p class='ocr_par' dir='ltr' id='par_1_12' title="bbox 1267 881 2278 1190">
     <span class='ocr_line' id='line_1_59' title="bbox 1309 881 2272 923; baseline -0.005 -8"><span class='ocrx_word' id='word_1_427' title='bbox 1309 886 1346 915; x_wconf 91' lang='lat' dir='ltr'>In</span> <span class='ocrx_word' id='word_1_428' title='bbox 1363 894 1389 915; x_wconf 92' lang='lat' dir='ltr'>e.</span> <span class='ocrx_word' id='word_1_429' title='bbox 1408 894 1470 923; x_wconf 90' lang='lat' dir='ltr'>m.,</span> <span class='ocrx_word' id='word_1_430' title='bbox 1493 893 1550 923; x_wconf 90' lang='lat' dir='ltr'>pro</span> <span class='ocrx_word' id='word_1_431' title='bbox 1569 884 1701 915; x_wconf 84' lang='lat' dir='ltr'>ecclesia</span> <span class='ocrx_word' id='word_1_432' title='bbox 1727 883 1862 914; x_wconf 85' lang='lat' dir='ltr'>Sanctae</span> <span class='ocrx_word' id='word_1_433' title='bbox 1889 883 2008 912; x_wconf 88' lang='lat' dir='ltr'>Mariae</span> <span class='ocrx_word' id='word_1_434' title='bbox 2029 881 2069 911; x_wconf 88' lang='lat' dir='ltr'>de</span> <span class='ocrx_word' id='word_1_435' title='bbox 2093 881 2272 918; x_wconf 86' lang='lat' dir='ltr'>Gremona,</span> 
     </span>
     <span class='ocr_line' id='line_1_60' title="bbox 1267 932 2275 977; baseline -0.006 -9"><span class='ocrx_word' id='word_1_436' title='bbox 1267 938 1498 977; x_wconf 86' lang='lat' dir='ltr'>Aquilegensis</span> <span class='ocrx_word' id='word_1_437' title='bbox 1520 937 1689 973; x_wconf 88' lang='lat' dir='ltr'>dioecesis,</span> <span class='ocrx_word' id='word_1_438' title='bbox 1710 937 1749 967; x_wconf 92' lang='lat' dir='ltr'>ad</span> <span class='ocrx_word' id='word_1_439' title='bbox 1772 935 1928 976; x_wconf 85' lang='lat' dir='ltr'>hospitale</span> <span class='ocrx_word' id='word_1_440' title='bbox 1949 935 2059 965; x_wconf 87' lang='lat' dir='ltr'>Sancti</span> <span class='ocrx_word' id='word_1_441' title='bbox 2081 933 2218 974; x_wconf 85' lang='lat' dir='ltr'>Spiritus</span> <span class='ocrx_word' id='word_1_442' title='bbox 2240 932 2275 963; x_wconf 89' lang='lat' dir='ltr'>in</span> 
     </span>
     <span class='ocr_line' id='line_1_61' title="bbox 1268 986 2278 1029; baseline -0.006 -7"><span class='ocrx_word' id='word_1_443' title='bbox 1268 991 1363 1022; x_wconf 85' lang='lat' dir='ltr'>Saxia</span> <span class='ocrx_word' id='word_1_444' title='bbox 1385 991 1424 1020; x_wconf 88' lang='lat' dir='ltr'>de</span> <span class='ocrx_word' id='word_1_445' title='bbox 1449 990 1536 1021; x_wconf 88' lang='lat' dir='ltr'>Urbe</span> <span class='ocrx_word' id='word_1_446' title='bbox 1557 990 1652 1029; x_wconf 90' lang='lat' dir='ltr'>pleno</span> <span class='ocrx_word' id='word_1_447' title='bbox 1669 991 1743 1029; x_wconf 89' lang='lat' dir='ltr'>jure</span> <span class='ocrx_word' id='word_1_448' title='bbox 1763 993 1941 1029; x_wconf 85' lang='lat' dir='ltr'>spectante,</span> <span class='ocrx_word' id='word_1_449' title='bbox 1959 989 1993 1018; x_wconf 91' lang='lat' dir='ltr'>in</span> <span class='ocrx_word' id='word_1_450' title='bbox 2015 992 2152 1027; x_wconf 85' lang='lat' dir='ltr'>quatuor</span> <span class='ocrx_word' id='word_1_451' title='bbox 2167 986 2278 1017; x_wconf 84' lang='lat' dir='ltr'>beatae</span> 
     </span>
     <span class='ocr_line' id='line_1_62' title="bbox 1268 1039 2277 1080; baseline -0.005 -6"><span class='ocrx_word' id='word_1_452' title='bbox 1268 1045 1387 1074; x_wconf 87' lang='lat' dir='ltr'>Mariae</span> <span class='ocrx_word' id='word_1_453' title='bbox 1403 1047 1433 1074; x_wconf 91' lang='lat' dir='ltr'>et</span> <span class='ocrx_word' id='word_1_454' title='bbox 1448 1048 1575 1073; x_wconf 87' lang='lat' dir='ltr'>sanctae</span> <span class='ocrx_word' id='word_1_455' title='bbox 1589 1043 1695 1073; x_wconf 88' lang='lat' dir='ltr'>crucis</span> <span class='ocrx_word' id='word_1_456' title='bbox 1717 1042 1959 1077; x_wconf 75' lang='lat' dir='ltr'>festivitatibus,</span> <span class='ocrx_word' id='word_1_457' title='bbox 1977 1049 2031 1080; x_wconf 86' lang='lat' dir='ltr'>per</span> <span class='ocrx_word' id='word_1_458' title='bbox 2049 1045 2118 1071; x_wconf 90' lang='lat' dir='ltr'>octo</span> <span class='ocrx_word' id='word_1_459' title='bbox 2138 1039 2206 1070; x_wconf 87' lang='lat' dir='ltr'>dies</span> <span class='ocrx_word' id='word_1_460' title='bbox 2229 1047 2277 1069; x_wconf 88' lang='lat' dir='ltr'>se-</span> 
     </span>
     <span class='ocr_line' id='line_1_63' title="bbox 1267 1092 2276 1136; baseline -0.005 -9"><span class='ocrx_word' id='word_1_461' title='bbox 1267 1101 1402 1136; x_wconf 89' lang='lat' dir='ltr'>quentes</span> <span class='ocrx_word' id='word_1_462' title='bbox 1429 1097 1507 1127; x_wconf 90' lang='lat' dir='ltr'>etin</span> <span class='ocrx_word' id='word_1_463' title='bbox 1534 1097 1756 1127; x_wconf 86' lang='lat' dir='ltr'>anniversario</span> <span class='ocrx_word' id='word_1_464' title='bbox 1771 1096 1821 1126; x_wconf 90' lang='lat' dir='ltr'>die</span> <span class='ocrx_word' id='word_1_465' title='bbox 1840 1094 2050 1125; x_wconf 89' lang='lat' dir='ltr'>dedicationis</span> <span class='ocrx_word' id='word_1_466' title='bbox 2067 1092 2210 1132; x_wconf 86' lang='lat' dir='ltr'>ejusdem</span> <span class='ocrx_word' id='word_1_467' title='bbox 2227 1100 2276 1122; x_wconf 87' lang='grc'>66-</span> 
     </span>
     <span class='ocr_line' id='line_1_64' title="bbox 1267 1145 2275 1190; baseline -0.006 -9"><span class='ocrx_word' id='word_1_468' title='bbox 1267 1150 1393 1181; x_wconf 82' lang='grc'><strong>6165136.</strong></span> <span class='ocrx_word' id='word_1_469' title='bbox 1413 1151 1483 1180; x_wconf 89' lang='lat' dir='ltr'>Dat.</span> <span class='ocrx_word' id='word_1_470' title='bbox 1511 1150 1594 1190; x_wconf 89' lang='lat' dir='ltr'>apud</span> <span class='ocrx_word' id='word_1_471' title='bbox 1614 1150 1898 1183; x_wconf 70' lang='lat' dir='ltr'>Urbemveteiem,</span> <span class='ocrx_word' id='word_1_472' title='bbox 1920 1158 1935 1178; x_wconf 86' lang='lat' dir='ltr'>x</span> <span class='ocrx_word' id='word_1_473' title='bbox 1953 1147 2107 1178; x_wconf 85' lang='lat' dir='ltr'>kalendas</span> <span class='ocrx_word' id='word_1_474' title='bbox 2126 1145 2275 1185; x_wconf 87' lang='lat' dir='ltr'>augusti,</span> 
     </span>
    </p>
   </div>
   <div class='ocr_carea' id='block_1_11' title="bbox 1268 1207 2206 1289">
    <p class='ocr_par' dir='ltr' id='par_1_13' title="bbox 1268 1207 2206 1289">
     <span class='ocr_line' id='line_1_65' title="bbox 1268 1207 1490 1242; baseline -0.005 -9"><span class='ocrx_word' id='word_1_475' title='bbox 1268 1212 1354 1234; x_wconf 87' lang='lat' dir='ltr'>anno</span> <span class='ocrx_word' id='word_1_476' title='bbox 1369 1207 1490 1242; x_wconf 89' lang='lat' dir='ltr'>quarto.</span> 
     </span>
     <span class='ocr_line' id='line_1_66' title="bbox 1825 1252 2206 1289; baseline -0.008 -7"><span class='ocrx_word' id='word_1_477' title='bbox 1825 1255 1952 1287; x_wconf 85' lang='lat' dir='ltr'>Orvieto,</span> <span class='ocrx_word' id='word_1_478' title='bbox 1970 1254 2002 1281; x_wconf 71' lang='lat'>28</span> <span class='ocrx_word' id='word_1_479' title='bbox 2015 1253 2112 1289; x_wconf 75' lang='lat' dir='ltr'>Juillet</span> <span class='ocrx_word' id='word_1_480' title='bbox 2127 1252 2206 1280; x_wconf 77' lang='lat'>1291.</span> 
     </span>
    </p>
   </div>
   <div class='ocr_carea' id='block_1_12' title="bbox 1309 1315 2321 1358">
    <p class='ocr_par' dir='ltr' id='par_1_14' title="bbox 1309 1315 2321 1358">
     <span class='ocr_line' id='line_1_67' title="bbox 1309 1315 2321 1358; baseline -0.004 -9"><span class='ocrx_word' id='word_1_481' title='bbox 1309 1321 1346 1350; x_wconf 93' lang='lat' dir='ltr'>In</span> <span class='ocrx_word' id='word_1_482' title='bbox 1363 1329 1391 1350; x_wconf 89' lang='lat' dir='ltr'>e.</span> <span class='ocrx_word' id='word_1_483' title='bbox 1409 1329 1465 1355; x_wconf 90' lang='lat' dir='ltr'>m.,</span> <span class='ocrx_word' id='word_1_484' title='bbox 1484 1328 1541 1358; x_wconf 90' lang='lat' dir='ltr'>pro</span> <span class='ocrx_word' id='word_1_485' title='bbox 1556 1319 1690 1350; x_wconf 88' lang='lat' dir='ltr'>ecclesia</span> <span class='ocrx_word' id='word_1_486' title='bbox 1705 1319 1815 1350; x_wconf 88' lang='lat' dir='ltr'>Sancti</span> <span class='ocrx_word' id='word_1_487' title='bbox 1830 1318 1952 1348; x_wconf 86' lang='lat' dir='ltr'>Nicolai</span> <span class='ocrx_word' id='word_1_488' title='bbox 1968 1317 2003 1347; x_wconf 89' lang='lat' dir='ltr'>in</span> <span class='ocrx_word' id='word_1_489' title='bbox 2019 1317 2100 1347; x_wconf 88' lang='lat' dir='ltr'>Foro</span> <span class='ocrx_word' id='word_1_490' title='bbox 2114 1315 2276 1352; x_wconf 86' lang='lat' dir='ltr'>Trecensi‚</span> <span class='ocrx_word' id='word_1_491' title='bbox 2317 1334 2321 1339; x_wconf 82' lang='lat'><strong>·</strong></span> 
     </span>
    </p>
   </div>
   <div class='ocr_carea' id='block_1_13' title="bbox 1268 1369 2280 1680">
    <p class='ocr_par' dir='ltr' id='par_1_15' title="bbox 1268 1369 2280 1518">
     <span class='ocr_line' id='line_1_68' title="bbox 1268 1369 2278 1412; baseline -0.004 -9"><span class='ocrx_word' id='word_1_492' title='bbox 1268 1374 1301 1403; x_wconf 92' lang='lat' dir='ltr'>in</span> <span class='ocrx_word' id='word_1_493' title='bbox 1318 1373 1461 1412; x_wconf 87' lang='lat' dir='ltr'>ejusdem</span> <span class='ocrx_word' id='word_1_494' title='bbox 1480 1374 1581 1403; x_wconf 90' lang='lat' dir='ltr'>sancti</span> <span class='ocrx_word' id='word_1_495' title='bbox 1599 1378 1631 1403; x_wconf 88' lang='lat' dir='ltr'>et</span> <span class='ocrx_word' id='word_1_496' title='bbox 1646 1372 1915 1403; x_wconf 85' lang='lat' dir='ltr'>Annuntiationis</span> <span class='ocrx_word' id='word_1_497' title='bbox 1930 1371 2040 1402; x_wconf 85' lang='lat' dir='ltr'>beatae</span> <span class='ocrx_word' id='word_1_498' title='bbox 2057 1370 2176 1401; x_wconf 87' lang='lat' dir='ltr'>Mariae</span> <span class='ocrx_word' id='word_1_499' title='bbox 2192 1369 2278 1400; x_wconf 77' lang='lat' dir='ltr'>sesti-</span> 
     </span>
     <span class='ocr_line' id='line_1_69' title="bbox 1269 1423 2280 1465; baseline -0.003 -9"><span class='ocrx_word' id='word_1_500' title='bbox 1269 1427 1423 1456; x_wconf 89' lang='lat' dir='ltr'>vitatibus</span> <span class='ocrx_word' id='word_1_501' title='bbox 1437 1431 1467 1456; x_wconf 87' lang='lat' dir='ltr'>et</span> <span class='ocrx_word' id='word_1_502' title='bbox 1480 1435 1537 1465; x_wconf 88' lang='lat' dir='ltr'>per</span> <span class='ocrx_word' id='word_1_503' title='bbox 1550 1431 1619 1457; x_wconf 91' lang='lat' dir='ltr'>octo</span> <span class='ocrx_word' id='word_1_504' title='bbox 1633 1427 1701 1456; x_wconf 88' lang='lat' dir='ltr'>dies</span> <span class='ocrx_word' id='word_1_505' title='bbox 1713 1429 1894 1465; x_wconf 78' lang='lat' dir='ltr'>sequentes,</span> <span class='ocrx_word' id='word_1_506' title='bbox 1914 1425 1985 1454; x_wconf 89' lang='lat' dir='ltr'>Dat.</span> <span class='ocrx_word' id='word_1_507' title='bbox 2002 1424 2087 1464; x_wconf 88' lang='lat' dir='ltr'>apud</span> <span class='ocrx_word' id='word_1_508' title='bbox 2103 1423 2280 1454; x_wconf 84' lang='lat' dir='ltr'>Urbemve-</span> 
     </span>
     <span class='ocr_line' id='line_1_70' title="bbox 1270 1479 1993 1518; baseline -0.004 -8"><span class='ocrx_word' id='word_1_509' title='bbox 1270 1485 1387 1517; x_wconf 88' lang='lat' dir='ltr'>terem,</span> <span class='ocrx_word' id='word_1_510' title='bbox 1404 1490 1424 1510; x_wconf 89' lang='lat' dir='ltr'>v</span> <span class='ocrx_word' id='word_1_511' title='bbox 1440 1479 1592 1509; x_wconf 81' lang='lat' dir='ltr'>kalendas</span> <span class='ocrx_word' id='word_1_512' title='bbox 1608 1481 1751 1518; x_wconf 83' lang='lat' dir='ltr'>augusti,</span> <span class='ocrx_word' id='word_1_513' title='bbox 1770 1487 1855 1509; x_wconf 86' lang='lat' dir='ltr'>anno</span> <span class='ocrx_word' id='word_1_514' title='bbox 1871 1483 1993 1517; x_wconf 88' lang='lat' dir='ltr'>quarto.</span> 
     </span>
    </p>

    <p class='ocr_par' dir='ltr' id='par_1_16' title="bbox 1270 1528 2280 1680">
     <span class='ocr_line' id='line_1_71' title="bbox 1311 1528 2278 1572; baseline -0.005 -8"><span class='ocrx_word' id='word_1_515' title='bbox 1311 1535 1349 1564; x_wconf 92' lang='lat' dir='ltr'>In</span> <span class='ocrx_word' id='word_1_516' title='bbox 1366 1543 1393 1564; x_wconf 93' lang='lat' dir='ltr'>e.</span> <span class='ocrx_word' id='word_1_517' title='bbox 1411 1543 1474 1570; x_wconf 90' lang='lat' dir='ltr'>m.,</span> <span class='ocrx_word' id='word_1_518' title='bbox 1492 1542 1548 1572; x_wconf 92' lang='lat' dir='ltr'>pro</span> <span class='ocrx_word' id='word_1_519' title='bbox 1565 1533 1697 1563; x_wconf 87' lang='lat' dir='ltr'>ecclesia</span> <span class='ocrx_word' id='word_1_520' title='bbox 1717 1533 1852 1563; x_wconf 86' lang='lat' dir='ltr'>Sanctae</span> <span class='ocrx_word' id='word_1_521' title='bbox 1870 1531 1995 1567; x_wconf 85' lang='lat' dir='ltr'>Mariae</span> <span class='ocrx_word' id='word_1_522' title='bbox 2013 1531 2052 1561; x_wconf 88' lang='lat' dir='ltr'>de</span> <span class='ocrx_word' id='word_1_523' title='bbox 2069 1530 2200 1568; x_wconf 90' lang='lat' dir='ltr'>Cingio‚</span> <span class='ocrx_word' id='word_1_524' title='bbox 2220 1528 2278 1559; x_wconf 86' lang='lat' dir='ltr'>Al-</span> 
     </span>
     <span class='ocr_line' id='line_1_72' title="bbox 1270 1582 2280 1623; baseline -0.005 -6"><span class='ocrx_word' id='word_1_525' title='bbox 1270 1587 1379 1618; x_wconf 88' lang='lat' dir='ltr'>bensis</span> <span class='ocrx_word' id='word_1_526' title='bbox 1394 1587 1558 1623; x_wconf 87' lang='lat' dir='ltr'>dioecesis,</span> <span class='ocrx_word' id='word_1_527' title='bbox 1571 1587 1606 1616; x_wconf 92' lang='lat' dir='ltr'>in</span> <span class='ocrx_word' id='word_1_528' title='bbox 1622 1587 1706 1617; x_wconf 88' lang='lat' dir='ltr'>beati</span> <span class='ocrx_word' id='word_1_529' title='bbox 1723 1586 1821 1616; x_wconf 84' lang='lat' dir='ltr'>Blasii</span> <span class='ocrx_word' id='word_1_530' title='bbox 1835 1585 2006 1616; x_wconf 84' lang='lat' dir='ltr'>festivitate</span> <span class='ocrx_word' id='word_1_531' title='bbox 2022 1588 2052 1614; x_wconf 89' lang='lat' dir='ltr'>et</span> <span class='ocrx_word' id='word_1_532' title='bbox 2064 1592 2120 1622; x_wconf 87' lang='lat' dir='ltr'>per</span> <span class='ocrx_word' id='word_1_533' title='bbox 2133 1587 2203 1614; x_wconf 85' lang='lat' dir='ltr'>octo</span> <span class='ocrx_word' id='word_1_534' title='bbox 2212 1582 2280 1612; x_wconf 86' lang='lat' dir='ltr'>dies</span> 
     </span>
     <span class='ocr_line' id='line_1_73' title="bbox 1272 1641 1719 1680; baseline -0.007 -8"><span class='ocrx_word' id='word_1_535' title='bbox 1272 1646 1453 1680; x_wconf 62' lang='lat' dir='ltr'>sequentes</span> <span class='ocrx_word' id='word_1_536' title='bbox 1471 1641 1543 1670; x_wconf 86' lang='lat' dir='ltr'>Dat.</span> <span class='ocrx_word' id='word_1_537' title='bbox 1563 1644 1719 1679; x_wconf 88' lang='lat' dir='ltr'>utsupra.</span> 
     </span>
    </p>
   </div>
   <div class='ocr_carea' id='block_1_14' title="bbox 1829 1703 2209 1740">
    <p class='ocr_par' dir='ltr' id='par_1_17' title="bbox 1829 1703 2209 1740">
     <span class='ocr_line' id='line_1_74' title="bbox 1829 1703 2209 1740; baseline -0.005 -7"><span class='ocrx_word' id='word_1_538' title='bbox 1829 1705 1956 1737; x_wconf 84' lang='lat' dir='ltr'>Orvieto,</span> <span class='ocrx_word' id='word_1_539' title='bbox 1975 1706 2006 1732; x_wconf 83' lang='lat'>15</span> <span class='ocrx_word' id='word_1_540' title='bbox 2019 1705 2115 1740; x_wconf 85' lang='lat' dir='ltr'>juillet</span> <span class='ocrx_word' id='word_1_541' title='bbox 2131 1703 2209 1732; x_wconf 74' lang='lat'>1291.</span> 
     </span>
    </p>
   </div>
   <div class='ocr_carea' id='block_1_15' title="bbox 1272 1765 2281 1968">
    <p class='ocr_par' dir='ltr' id='par_1_18' title="bbox 1272 1765 2281 1968">
     <span class='ocr_line' id='line_1_75' title="bbox 1315 1765 2280 1808; baseline -0.004 -8"><span class='ocrx_word' id='word_1_542' title='bbox 1315 1771 1351 1800; x_wconf 86' lang='lat' dir='ltr'>[n</span> <span class='ocrx_word' id='word_1_543' title='bbox 1367 1779 1393 1800; x_wconf 90' lang='lat' dir='ltr'>e.</span> <span class='ocrx_word' id='word_1_544' title='bbox 1413 1779 1469 1806; x_wconf 91' lang='lat' dir='ltr'>m.,</span> <span class='ocrx_word' id='word_1_545' title='bbox 1487 1778 1542 1808; x_wconf 90' lang='lat' dir='ltr'>pro</span> <span class='ocrx_word' id='word_1_546' title='bbox 1554 1769 1675 1808; x_wconf 88' lang='lat' dir='ltr'>capella</span> <span class='ocrx_word' id='word_1_547' title='bbox 1692 1769 1809 1799; x_wconf 84' lang='lat' dir='ltr'>Beatae</span> <span class='ocrx_word' id='word_1_548' title='bbox 1825 1768 1947 1798; x_wconf 85' lang='lat' dir='ltr'>Mariae</span> <span class='ocrx_word' id='word_1_549' title='bbox 1958 1768 1991 1797; x_wconf 88' lang='lat' dir='ltr'>in</span> <span class='ocrx_word' id='word_1_550' title='bbox 2007 1767 2141 1798; x_wconf 86' lang='lat' dir='ltr'>ecclesia</span> <span class='ocrx_word' id='word_1_551' title='bbox 2155 1766 2194 1797; x_wconf 89' lang='lat' dir='ltr'>de</span> <span class='ocrx_word' id='word_1_552' title='bbox 2208 1765 2280 1797; x_wconf 90' lang='lat' dir='ltr'>Gis-</span> 
     </span>
     <span class='ocr_line' id='line_1_76' title="bbox 1273 1820 2281 1863; baseline -0.004 -9"><span class='ocrx_word' id='word_1_553' title='bbox 1273 1825 1412 1863; x_wconf 87' lang='lat' dir='ltr'>siugges,</span> <span class='ocrx_word' id='word_1_554' title='bbox 1427 1823 1648 1854; x_wconf 84' lang='lat' dir='ltr'>Norwicensis</span> <span class='ocrx_word' id='word_1_555' title='bbox 1665 1823 1835 1859; x_wconf 87' lang='lat' dir='ltr'>dioecesis,</span> <span class='ocrx_word' id='word_1_556' title='bbox 1853 1823 1886 1852; x_wconf 91' lang='lat' dir='ltr'>in</span> <span class='ocrx_word' id='word_1_557' title='bbox 1904 1828 2040 1861; x_wconf 90' lang='lat' dir='ltr'>quatuor</span> <span class='ocrx_word' id='word_1_558' title='bbox 2055 1820 2200 1860; x_wconf 80' lang='lat' dir='ltr'>ejusdem</span> <span class='ocrx_word' id='word_1_559' title='bbox 2214 1820 2281 1850; x_wconf 90' lang='lat' dir='ltr'>vir-</span> 
     </span>
     <span class='ocr_line' id='line_1_77' title="bbox 1272 1873 2281 1916; baseline -0.003 -9"><span class='ocrx_word' id='word_1_560' title='bbox 1272 1877 1357 1916; x_wconf 90' lang='lat' dir='ltr'>ginis</span> <span class='ocrx_word' id='word_1_561' title='bbox 1372 1876 1598 1907; x_wconf 79' lang='lat' dir='ltr'>festivitatibus</span> <span class='ocrx_word' id='word_1_562' title='bbox 1617 1880 1648 1906; x_wconf 90' lang='lat' dir='ltr'>et</span> <span class='ocrx_word' id='word_1_563' title='bbox 1664 1885 1720 1915; x_wconf 88' lang='lat' dir='ltr'>per</span> <span class='ocrx_word' id='word_1_564' title='bbox 1736 1879 1804 1906; x_wconf 87' lang='lat' dir='ltr'>octo</span> <span class='ocrx_word' id='word_1_565' title='bbox 1824 1875 1891 1905; x_wconf 88' lang='lat' dir='ltr'>dies</span> <span class='ocrx_word' id='word_1_566' title='bbox 1907 1878 2088 1914; x_wconf 85' lang='lat' dir='ltr'>sequentes.</span> <span class='ocrx_word' id='word_1_567' title='bbox 2106 1873 2175 1904; x_wconf 90' lang='lat' dir='ltr'>Dat.</span> <span class='ocrx_word' id='word_1_568' title='bbox 2197 1873 2281 1913; x_wconf 90' lang='lat' dir='ltr'>apud</span> 
     </span>
     <span class='ocr_line' id='line_1_78' title="bbox 1273 1919 2175 1968; baseline -0.004 -6"><span class='ocrx_word' id='word_1_569' title='bbox 1273 1931 1553 1967; x_wconf 86' lang='lat' dir='ltr'>Urbemveterem,</span> <span class='ocrx_word' id='word_1_570' title='bbox 1572 1930 1678 1960; x_wconf 87' lang='lat' dir='ltr'>idibus</span> <span class='ocrx_word' id='word_1_571' title='bbox 1693 1929 1785 1968; x_wconf 85' lang='lat' dir='ltr'>julii,</span> <span class='ocrx_word' id='word_1_572' title='bbox 1802 1937 1888 1959; x_wconf 87' lang='lat' dir='ltr'>anuo</span> <span class='ocrx_word' id='word_1_573' title='bbox 1903 1932 2027 1967; x_wconf 88' lang='lat' dir='ltr'>quarto.</span> <span class='ocrx_word' id='word_1_574' title='bbox 2174 1919 2175 1922; x_wconf 28' lang='lat'>¹</span> 
     </span>
    </p>
   </div>
   <div class='ocr_carea' id='block_1_16' title="bbox 1871 2007 2210 2042">
    <p class='ocr_par' dir='ltr' id='par_1_19' title="bbox 1871 2007 2210 2042">
     <span class='ocr_line' id='line_1_79' title="bbox 1871 2007 2210 2042; baseline 0 -6"><span class='ocrx_word' id='word_1_575' title='bbox 1871 2008 1999 2042; x_wconf 80' lang='lat' dir='ltr'>Orvieto,</span> <span class='ocrx_word' id='word_1_576' title='bbox 2017 2009 2032 2036; x_wconf 90' lang='lat'>5</span> <span class='ocrx_word' id='word_1_577' title='bbox 2046 2009 2114 2036; x_wconf 74' lang='lat' dir='ltr'>aosst</span> <span class='ocrx_word' id='word_1_578' title='bbox 2131 2007 2210 2036; x_wconf 78' lang='lat'><strong>1291.</strong></span> 
     </span>
    </p>
   </div>
   <div class='ocr_carea' id='block_1_17' title="bbox 1272 2069 2283 2644">
    <p class='ocr_par' dir='ltr' id='par_1_20' title="bbox 1272 2069 2283 2536">
     <span class='ocr_line' id='line_1_80' title="bbox 1312 2069 2281 2111; baseline -0.002 -9"><span class='ocrx_word' id='word_1_579' title='bbox 1312 2073 1351 2102; x_wconf 93' lang='lat' dir='ltr'>In</span> <span class='ocrx_word' id='word_1_580' title='bbox 1367 2081 1394 2103; x_wconf 90' lang='lat' dir='ltr'>e.</span> <span class='ocrx_word' id='word_1_581' title='bbox 1412 2080 1469 2109; x_wconf 89' lang='lat' dir='ltr'>m.,</span> <span class='ocrx_word' id='word_1_582' title='bbox 1489 2079 1544 2110; x_wconf 88' lang='lat' dir='ltr'>pro</span> <span class='ocrx_word' id='word_1_583' title='bbox 1559 2070 1680 2111; x_wconf 89' lang='lat' dir='ltr'>capella</span> <span class='ocrx_word' id='word_1_584' title='bbox 1695 2079 1792 2110; x_wconf 88' lang='lat' dir='ltr'>quam</span> <span class='ocrx_word' id='word_1_585' title='bbox 1809 2070 1992 2110; x_wconf 83' lang='lat' dir='ltr'>Margarita,</span> <span class='ocrx_word' id='word_1_586' title='bbox 2011 2070 2125 2109; x_wconf 86' lang='lat' dir='ltr'>regina</span> <span class='ocrx_word' id='word_1_587' title='bbox 2139 2069 2281 2106; x_wconf 86' lang='lat' dir='ltr'>Siciliae,</span> 
     </span>
     <span class='ocr_line' id='line_1_81' title="bbox 1272 2124 2281 2163; baseline -0.002 -7"><span class='ocrx_word' id='word_1_588' title='bbox 1272 2126 1382 2156; x_wconf 86' lang='lat' dir='ltr'>relicta</span> <span class='ocrx_word' id='word_1_589' title='bbox 1398 2125 1519 2162; x_wconf 82' lang='lat' dir='ltr'>Caroli,</span> <span class='ocrx_word' id='word_1_590' title='bbox 1542 2124 1673 2155; x_wconf 90' lang='lat' dir='ltr'>Siciliae</span> <span class='ocrx_word' id='word_1_591' title='bbox 1688 2125 1792 2163; x_wconf 89' lang='lat' dir='ltr'>regis,</span> <span class='ocrx_word' id='word_1_592' title='bbox 1810 2125 1923 2162; x_wconf 88' lang='lat' dir='ltr'>vidua,</span> <span class='ocrx_word' id='word_1_593' title='bbox 1940 2125 2100 2158; x_wconf 86' lang='lat' dir='ltr'>comitissa</span> <span class='ocrx_word' id='word_1_594' title='bbox 2117 2124 2281 2155; x_wconf 89' lang='lat' dir='ltr'>Tornodo-</span> 
     </span>
     <span class='ocr_line' id='line_1_82' title="bbox 1273 2177 2280 2216; baseline -0.003 -6"><span class='ocrx_word' id='word_1_595' title='bbox 1273 2179 1394 2216; x_wconf 78' lang='lat' dir='ltr'>rensis,</span> <span class='ocrx_word' id='word_1_596' title='bbox 1413 2179 1447 2208; x_wconf 90' lang='lat' dir='ltr'>in</span> <span class='ocrx_word' id='word_1_597' title='bbox 1465 2183 1567 2209; x_wconf 85' lang='lat' dir='ltr'>castro</span> <span class='ocrx_word' id='word_1_598' title='bbox 1589 2187 1646 2209; x_wconf 93' lang='lat' dir='ltr'>suo</span> <span class='ocrx_word' id='word_1_599' title='bbox 1662 2179 1701 2208; x_wconf 91' lang='lat' dir='ltr'>de</span> <span class='ocrx_word' id='word_1_600' title='bbox 1716 2179 1837 2208; x_wconf 86' lang='lat' dir='ltr'>Manna</span> <span class='ocrx_word' id='word_1_601' title='bbox 1849 2203 1856 2216; x_wconf 88' lang='lat'>,</span> <span class='ocrx_word' id='word_1_602' title='bbox 1878 2177 2092 2216; x_wconf 87' lang='lat' dir='ltr'>Lingonensis</span> <span class='ocrx_word' id='word_1_603' title='bbox 2109 2177 2280 2214; x_wconf 83' lang='lat' dir='ltr'>dioecesis,</span> 
     </span>
     <span class='ocr_line' id='line_1_83' title="bbox 1272 2231 2283 2272; baseline -0.002 -9"><span class='ocrx_word' id='word_1_604' title='bbox 1272 2233 1311 2263; x_wconf 88' lang='lat' dir='ltr'>de</span> <span class='ocrx_word' id='word_1_605' title='bbox 1328 2241 1409 2263; x_wconf 89' lang='lat' dir='ltr'>novo</span> <span class='ocrx_word' id='word_1_606' title='bbox 1427 2232 1563 2272; x_wconf 91' lang='lat' dir='ltr'>propriis</span> <span class='ocrx_word' id='word_1_607' title='bbox 1578 2232 1760 2271; x_wconf 87' lang='lat' dir='ltr'>sumptibus</span> <span class='ocrx_word' id='word_1_608' title='bbox 1776 2231 1954 2262; x_wconf 82' lang='lat' dir='ltr'>construxit</span> <span class='ocrx_word' id='word_1_609' title='bbox 1969 2236 1999 2261; x_wconf 87' lang='lat' dir='ltr'>et</span> <span class='ocrx_word' id='word_1_610' title='bbox 2015 2231 2151 2268; x_wconf 81' lang='lat' dir='ltr'>dotavit,</span> <span class='ocrx_word' id='word_1_611' title='bbox 2167 2231 2203 2265; x_wconf 87' lang='lat' dir='ltr'>in</span> <span class='ocrx_word' id='word_1_612' title='bbox 2219 2240 2283 2270; x_wconf 89' lang='lat' dir='ltr'>qua</span> 
     </span>
     <span class='ocr_line' id='line_1_84' title="bbox 1273 2283 2281 2316; baseline -0.002 0"><span class='ocrx_word' id='word_1_613' title='bbox 1273 2287 1333 2316; x_wconf 90' lang='lat' dir='ltr'>tria</span> <span class='ocrx_word' id='word_1_614' title='bbox 1347 2286 1461 2316; x_wconf 87' lang='lat' dir='ltr'>altaria</span> <span class='ocrx_word' id='word_1_615' title='bbox 1473 2286 1514 2315; x_wconf 89' lang='grc'>3(1</span> <span class='ocrx_word' id='word_1_616' title='bbox 1525 2285 1680 2316; x_wconf 86' lang='lat' dir='ltr'>honorem</span> <span class='ocrx_word' id='word_1_617' title='bbox 1691 2285 1803 2316; x_wconf 89' lang='lat' dir='ltr'>beatae</span> <span class='ocrx_word' id='word_1_618' title='bbox 1816 2284 1937 2315; x_wconf 89' lang='lat' dir='ltr'>Mariae</span> <span class='ocrx_word' id='word_1_619' title='bbox 1951 2289 1982 2314; x_wconf 82' lang='lat' dir='ltr'>et</span> <span class='ocrx_word' id='word_1_620' title='bbox 1996 2288 2181 2314; x_wconf 87' lang='lat' dir='ltr'>sanctarum</span> <span class='ocrx_word' id='word_1_621' title='bbox 2196 2283 2281 2314; x_wconf 85' lang='lat' dir='ltr'>Mar-</span> 
     </span>
     <span class='ocr_line' id='line_1_85' title="bbox 1272 2337 2283 2378; baseline -0.002 -9"><span class='ocrx_word' id='word_1_622' title='bbox 1272 2340 1392 2378; x_wconf 88' lang='lat' dir='ltr'>garitae</span> <span class='ocrx_word' id='word_1_623' title='bbox 1408 2343 1439 2369; x_wconf 87' lang='lat' dir='ltr'>et</span> <span class='ocrx_word' id='word_1_624' title='bbox 1457 2338 1649 2369; x_wconf 70' lang='lat' dir='ltr'>Cafflerinae</span> <span class='ocrx_word' id='word_1_625' title='bbox 1666 2342 1847 2369; x_wconf 87' lang='lat' dir='ltr'>constructa</span> <span class='ocrx_word' id='word_1_626' title='bbox 1863 2342 1949 2374; x_wconf 86' lang='lat' dir='ltr'>sunt,</span> <span class='ocrx_word' id='word_1_627' title='bbox 1968 2339 2003 2368; x_wconf 91' lang='lat' dir='ltr'>in</span> <span class='ocrx_word' id='word_1_628' title='bbox 2022 2341 2158 2377; x_wconf 87' lang='lat' dir='ltr'>quatuor</span> <span class='ocrx_word' id='word_1_629' title='bbox 2172 2337 2283 2368; x_wconf 89' lang='lat' dir='ltr'>beatae</span> 
     </span>
     <span class='ocr_line' id='line_1_86' title="bbox 1272 2390 2283 2429; baseline -0.001 -7"><span class='ocrx_word' id='word_1_630' title='bbox 1272 2393 1392 2422; x_wconf 89' lang='lat' dir='ltr'>Mariae</span> <span class='ocrx_word' id='word_1_631' title='bbox 1411 2396 1441 2422; x_wconf 88' lang='lat' dir='ltr'>et</span> <span class='ocrx_word' id='word_1_632' title='bbox 1457 2396 1639 2422; x_wconf 85' lang='lat' dir='ltr'>sanctarum</span> <span class='ocrx_word' id='word_1_633' title='bbox 1659 2391 1852 2429; x_wconf 88' lang='lat' dir='ltr'>Margaritae</span> <span class='ocrx_word' id='word_1_634' title='bbox 1872 2395 1903 2420; x_wconf 87' lang='lat' dir='ltr'>et</span> <span class='ocrx_word' id='word_1_635' title='bbox 1918 2390 2112 2421; x_wconf 86' lang='lat' dir='ltr'>Catherinae</span> <span class='ocrx_word' id='word_1_636' title='bbox 2125 2390 2283 2421; x_wconf 81' lang='lat' dir='ltr'>festivita—</span> 
     </span>
     <span class='ocr_line' id='line_1_87' title="bbox 1273 2443 2283 2484; baseline -0.001 -10"><span class='ocrx_word' id='word_1_637' title='bbox 1273 2445 1369 2481; x_wconf 83' lang='lat' dir='ltr'>tibus,</span> <span class='ocrx_word' id='word_1_638' title='bbox 1384 2453 1438 2484; x_wconf 88' lang='lat' dir='ltr'>per</span> <span class='ocrx_word' id='word_1_639' title='bbox 1454 2449 1523 2475; x_wconf 93' lang='lat' dir='ltr'>octo</span> <span class='ocrx_word' id='word_1_640' title='bbox 1536 2444 1604 2474; x_wconf 82' lang='lat' dir='ltr'>dies</span> <span class='ocrx_word' id='word_1_641' title='bbox 1620 2448 1790 2483; x_wconf 89' lang='lat' dir='ltr'>sequentes</span> <span class='ocrx_word' id='word_1_642' title='bbox 1804 2448 1834 2475; x_wconf 90' lang='lat' dir='ltr'>et</span> <span class='ocrx_word' id='word_1_643' title='bbox 1845 2444 1879 2474; x_wconf 91' lang='lat' dir='ltr'>in</span> <span class='ocrx_word' id='word_1_644' title='bbox 1891 2444 2114 2475; x_wconf 86' lang='lat' dir='ltr'>anniversario</span> <span class='ocrx_word' id='word_1_645' title='bbox 2129 2443 2182 2475; x_wconf 87' lang='lat' dir='ltr'>die</span> <span class='ocrx_word' id='word_1_646' title='bbox 2196 2443 2283 2474; x_wconf 85' lang='lat' dir='ltr'>dedi-</span> 
     </span>
     <span class='ocr_line' id='line_1_88' title="bbox 1273 2497 1735 2536; baseline -0.002 -8"><span class='ocrx_word' id='word_1_647' title='bbox 1273 2498 1407 2528; x_wconf 88' lang='lat' dir='ltr'>cationis</span> <span class='ocrx_word' id='word_1_648' title='bbox 1423 2497 1567 2536; x_wconf 77' lang='lat' dir='ltr'>ejusdem</span> <span class='ocrx_word' id='word_1_649' title='bbox 1583 2497 1735 2536; x_wconf 86' lang='lat' dir='ltr'>capellae.</span> 
     </span>
    </p>

    <p class='ocr_par' dir='ltr' id='par_1_21' title="bbox 1272 2550 2282 2644">
     <span class='ocr_line' id='line_1_89' title="bbox 1315 2550 2282 2591; baseline -0.001 -10"><span class='ocrx_word' id='word_1_650' title='bbox 1315 2564 1328 2579; x_wconf 74' lang='grc' dir='ltr'>«ι</span> <span class='ocrx_word' id='word_1_651' title='bbox 1357 2552 1442 2581; x_wconf 86' lang='lat' dir='ltr'>Licet</span> <span class='ocrx_word' id='word_1_652' title='bbox 1465 2552 1491 2581; x_wconf 90' lang='lat' dir='ltr'>is</span> <span class='ocrx_word' id='word_1_653' title='bbox 1513 2551 1589 2581; x_wconf 83' lang='lat' dir='ltr'>de...</span> <span class='ocrx_word' id='word_1_654' title='bbox 1616 2567 1655 2573; x_wconf 94' lang='lat'><strong>—</strong></span> <span class='ocrx_word' id='word_1_655' title='bbox 1676 2551 1744 2581; x_wconf 88' lang='lat' dir='ltr'>Dat.</span> <span class='ocrx_word' id='word_1_656' title='bbox 1771 2551 1855 2591; x_wconf 90' lang='lat' dir='ltr'>apud</span> <span class='ocrx_word' id='word_1_657' title='bbox 1880 2551 2162 2588; x_wconf 86' lang='lat' dir='ltr'>Urbemveterem‚</span> <span class='ocrx_word' id='word_1_658' title='bbox 2186 2550 2282 2581; x_wconf 90' lang='lat' dir='ltr'>nonis</span> 
     </span>
     <span class='ocr_line' id='line_1_90' title="bbox 1272 2604 1694 2644; baseline -0.007 -8"><span class='ocrx_word' id='word_1_659' title='bbox 1272 2604 1415 2644; x_wconf 84' lang='lat' dir='ltr'>augusti,</span> <span class='ocrx_word' id='word_1_660' title='bbox 1435 2612 1522 2635; x_wconf 89' lang='lat' dir='ltr'>anno</span> <span class='ocrx_word' id='word_1_661' title='bbox 1536 2609 1660 2643; x_wconf 87' lang='lat' dir='ltr'>quarto.</span> <span class='ocrx_word' id='word_1_662' title='bbox 1682 2615 1694 2630; x_wconf 76' lang='lat' dir='ltr'>n</span> 
     </span>
    </p>
   </div>
   <div class='ocr_carea' id='block_1_18' title="bbox 1309 2760 2208 2860">
    <p class='ocr_par' dir='ltr' id='par_1_22' title="bbox 1309 2760 2208 2860">
     <span class='ocr_line' id='line_1_91' title="bbox 1343 2760 2208 2796; baseline -0.006 -3"><span class='ocrx_word' id='word_1_663' title='bbox 1343 2763 1597 2793; x_wconf 55' lang='lat' dir='ltr'>5voo-5221</span> <span class='ocrx_word' id='word_1_664' title='bbox 1831 2762 1957 2794; x_wconf 87' lang='lat' dir='ltr'>Orvieto,</span> <span class='ocrx_word' id='word_1_665' title='bbox 1972 2762 2006 2790; x_wconf 76' lang='lat'>28</span> <span class='ocrx_word' id='word_1_666' title='bbox 2018 2761 2114 2796; x_wconf 89' lang='lat' dir='ltr'>juillet</span> <span class='ocrx_word' id='word_1_667' title='bbox 2129 2760 2208 2789; x_wconf 77' lang='lat'>1291.</span> 
     </span>
     <span class='ocr_line' id='line_1_92' title="bbox 1309 2824 1965 2860; baseline 0 -8"><span class='ocrx_word' id='word_1_668' title='bbox 1309 2824 1516 2860; x_wconf 77' lang='lat' dir='ltr'>Indulgentiae.</span> <span class='ocrx_word' id='word_1_669' title='bbox 1533 2825 1617 2858; x_wconf 73' lang='lat' dir='ltr'>(Res.</span> <span class='ocrx_word' id='word_1_670' title='bbox 1635 2825 1677 2857; x_wconf 76' lang='lat'>46,</span> <span class='ocrx_word' id='word_1_671' title='bbox 1697 2833 1722 2852; x_wconf 94' lang='grc'>6.</span> <span class='ocrx_word' id='word_1_672' title='bbox 1741 2825 1813 2857; x_wconf 76' lang='lat'>3702,</span> <span class='ocrx_word' id='word_1_673' title='bbox 1830 2826 1848 2852; x_wconf 80' lang='lat' dir='ltr'>f.</span> <span class='ocrx_word' id='word_1_674' title='bbox 1868 2825 1900 2852; x_wconf 84' lang='grc'>73</span> <span class='ocrx_word' id='word_1_675' title='bbox 1916 2826 1965 2858; x_wconf 63' lang='grc'><strong>1-0.)</strong></span> 
     </span>
    </p>
   </div>
   <div class='ocr_carea' id='block_1_19' title="bbox 1314 2927 2279 3020">
    <p class='ocr_par' dir='ltr' id='par_1_23' title="bbox 1314 2927 2279 3020">
     <span class='ocr_line' id='line_1_93' title="bbox 1316 2927 2278 2967; baseline -0.001 -10"><span class='ocrx_word' id='word_1_676' title='bbox 1316 2927 1467 2958; x_wconf 76' lang='lat' dir='ltr'>Universis</span> <span class='ocrx_word' id='word_1_677' title='bbox 1485 2929 1603 2959; x_wconf 77' lang='lat' dir='ltr'>Christi</span> <span class='ocrx_word' id='word_1_678' title='bbox 1623 2929 1759 2967; x_wconf 74' lang='lat' dir='ltr'>fidelibus</span> <span class='ocrx_word' id='word_1_679' title='bbox 1777 2933 1928 2967; x_wconf 80' lang='lat' dir='ltr'>presentes</span> <span class='ocrx_word' id='word_1_680' title='bbox 1951 2928 2067 2958; x_wconf 79' lang='lat' dir='ltr'>litteras</span> <span class='ocrx_word' id='word_1_681' title='bbox 2086 2927 2278 2966; x_wconf 73' lang='lat' dir='ltr'>inspecturis.</span> 
     </span>
     <span class='ocr_line' id='line_1_94' title="bbox 1314 2979 2279 3020; baseline -0.003 -8"><span class='ocrx_word' id='word_1_682' title='bbox 1314 2981 1555 3020; x_wconf 82' lang='lat' dir='ltr'>Indulgentiam</span> <span class='ocrx_word' id='word_1_683' title='bbox 1574 2983 1671 3013; x_wconf 88' lang='lat' dir='ltr'>unius</span> <span class='ocrx_word' id='word_1_684' title='bbox 1689 2982 1770 3012; x_wconf 90' lang='lat' dir='ltr'>anui</span> <span class='ocrx_word' id='word_1_685' title='bbox 1787 2986 1818 3013; x_wconf 87' lang='lat' dir='ltr'>et</span> <span class='ocrx_word' id='word_1_686' title='bbox 1839 2991 1877 3012; x_wconf 68' lang='lat' dir='ltr'>xi,</span> <span class='ocrx_word' id='word_1_687' title='bbox 1893 2981 2019 3012; x_wconf 89' lang='lat' dir='ltr'>dierum</span> <span class='ocrx_word' id='word_1_688' title='bbox 2041 2980 2186 3012; x_wconf 84' lang='lat' dir='ltr'>concedit</span> <span class='ocrx_word' id='word_1_689' title='bbox 2203 2979 2279 3010; x_wconf 86' lang='lat' dir='ltr'>visi-</span> 
     </span>
    </p>
   </div>
   <div class='ocr_carea' id='block_1_20' title="bbox 2344 287 2363 345">
    <p class='ocr_par' dir='ltr' id='par_1_24' title="bbox 2344 287 2363 345">
     <span class='ocr_line' id='line_1_95' title="bbox 2344 287 2363 345; baseline 0 0"><span class='ocrx_word' id='word_1_690' title='bbox 2344 287 2363 345; x_wconf 52' lang='lat' dir='ltr'>&#39;l</span> 
     </span>
    </p>
   </div>
   <div class='ocr_carea' id='block_1_21' title="bbox 2339 339 2365 414">
    <p class='ocr_par' dir='ltr' id='par_1_25' title="bbox 2339 339 2365 414">
     <span class='ocr_line' id='line_1_96' title="bbox 2339 339 2365 414; baseline 0 0"><span class='ocrx_word' id='word_1_691' title='bbox 2339 339 2365 414; x_wconf 68' lang='grc'>1</span> 
     </span>
    </p>
   </div>
   <div class='ocr_carea' id='block_1_22' title="bbox 2316 0 2393 3143">
    <p class='ocr_par' dir='ltr' id='par_1_26' title="bbox 2316 0 2393 3143">
     <span class='ocr_line' id='line_1_97' title="bbox 2316 0 2393 3143; baseline 0 0"><span class='ocrx_word' id='word_1_692' title='bbox 2316 0 2393 3143; x_wconf 95' lang='lat' dir='ltr'> </span> 
     </span>
    </p>
   </div>
  </div>
 </body>
</html>
