2393 3496
74 396 79 404 ⁴
106 391 144 421 in
166 388 273 427 aliquo
292 385 456 424 derogari,
481 394 586 424 neque
610 386 740 415 differre
760 385 811 415 vel
833 385 930 415 etiam
955 386 1115 415 abstinere

65 446 88 477 {⁸
107 441 201 483 quin,
219 439 316 470 etiam
331 439 400 476 ipsa
413 437 568 468 dilatione
583 447 620 468 ae
636 438 766 468 termini
782 437 957 476 prefixione
973 438 1115 476 penden-

87 495 215 530 tibus,
235 497 297 522 tam
318 500 354 521 ex
378 492 538 529 preteritis
557 491 626 530 ejus
647 491 872 528 contumatiis,
893 491 1072 520 excessibus
1087 496 1117 520 et

111 545 240 578 ffensis
262 553 357 583 quam
373 553 410 573 ex
427 544 554 579 suturis,
576 543 603 573 si
619 552 699 582 quos
715 543 823 582 ipsum
841 545 1041 573 committere
1057 543 1118 573 sor—

109 611 116 629 ι
143 607 145 609 ’
160 607 192 629 se
203 597 412 635 contingeret,
428 601 539 627 contra
551 606 625 626 eum
639 596 848 635 spiritualiter
860 601 890 625 et
903 595 1118 634 temporaliter

107 643 149 684 ἐν,
163 651 310 682 deremus
331 650 501 688 procedere
525 655 618 689 prout
639 653 670 679 et
689 649 818 688 quando
840 649 1013 687 expediens
1030 649 1117 679 vide-

121 755 290 790 jss·‘=.t=—ssores
312 760 422 785 contra
445 756 575 785 Petrum
601 764 638 785 ac
662 755 842 794 predictum
863 755 1116 793 predecessorem

152 809 290 840 notium
314 812 346 838 et
368 817 424 838 nos
444 814 555 838 contra
575 809 681 847 ipsum
703 808 857 838 Jacobum
877 807 1001 837 habitos
1019 807 1053 836 in
1069 809 1119 838 sui

115 876 156 890 ι
189 871 242 893 ere
252 861 374 891 roboris
385 861 547 895 firmitate.
563 861 702 890 eundem
714 860 869 890 Jacobum
883 865 1008 898 propter
1019 860 1118 898 ipsius

118 919 234 950 [attam
247 914 469 953 multipliciter
479 914 710 944 contumatiam
725 913 1034 944 excomunicationis
1049 922 1119 943 sen-

138 969 209 999 tia
231 967 427 997 innodamus
455 972 485 997 et
510 967 744 997 nichilominus
771 976 865 1003 eum,
889 971 1035 1005 presente
1059 967 1119 996 hac

201 1029 254 1052 um
277 1020 484 1050 multitudine
502 1021 642 1059 copiosa,
662 1029 847 1057 monemus,
867 1020 929 1049 sibi
945 1019 1119 1049 districtius

167 1108 171 1109 ⁷
186 1058 331 1113 neenteS,
344 1079 379 1104 ut
390 1074 476 1103 intra
491 1073 645 1103 kalendas
660 1073 751 1110 maii,
767 1082 849 1118 quas
860 1073 888 1102 ei
904 1081 960 1111 pro
973 1082 1118 1112 peremp-

134 1133 186 1162 ,ἶεῑι
208 1127 345 1158 termino
361 1127 580 1165 assignamus,
601 1127 640 1156 ad
661 1127 801 1165 predicte
819 1126 970 1162 mandata
985 1125 1120 1156 ecclesie

196 1186 198 1188 '
219 1180 279 1210 iter
303 1181 421 1218 redeat,
453 1189 490 1210 ac
515 1180 658 1218 ejusdem
684 1180 795 1210 Sicilie
821 1179 962 1210 insulam
992 1179 1119 1218 aliaque

203 1246 207 1249 ·
231 1237 262 1263 et
284 1232 352 1263 loca
379 1233 508 1272 pretacti
535 1233 626 1271 regni
653 1232 762 1263 Sicilie
787 1232 915 1262 detenta
937 1241 992 1271 per
1013 1232 1118 1271 ipsum

201 1292 262 1325 que
277 1294 414 1324 reguum
439 1286 543 1316 eidem
568 1285 700 1316 ecclesie
723 1286 856 1324 regique
875 1285 1016 1324 predicto
1029 1286 1118 1315 abso-

207 1339 306 1369 libere
320 1340 404 1369 acin
425 1348 499 1378 pace
518 1339 670 1376 dimittat,
686 1344 717 1368 et
735 1339 970 1368 nichilominus
989 1338 1120 1368 ecclesie

207 1401 246 1424 ue
257 1393 386 1431 prefatis
399 1401 435 1422 ac
448 1393 561 1423 ceteris
575 1402 630 1432 per
644 1393 783 1422 eundem
795 1392 952 1422 Jacobum
966 1392 1015 1422 vel
1030 1401 1120 1422 occa-

187 1455 206 1477 e
218 1445 321 1485 ipsius
332 1470 339 1482 ,
359 1440 480 1476 ratione
498 1446 590 1484 regni
613 1446 766 1484 predicti,
784 1446 886 1484 passis
901 1446 946 1484 inj
954 1446 1038 1475 urias
1055 1445 1121 1475 sive

191 1507 252 1539 pna
277 1498 406 1538 plenam
436 1503 466 1529 et
491 1499 630 1537 debitam
659 1499 907 1529 satisfactionem
934 1499 1118 1538 impendat,

207 1552 257 1583 vel
279 1552 400 1582 similia
421 1555 530 1582 contra
551 1561 603 1582 eos
622 1552 712 1582 nullo
731 1561 872 1590 unquam
892 1557 1030 1590 tempore
1047 1561 1120 1590 pre·

184 1609 309 1646 pturus.
328 1605 440 1635 Eidem
458 1613 584 1644 quoque
604 1596 724 1635 Jacobo
741 1605 918 1634 districtius
934 1605 1121 1634 inhibemus

183 1662 229 1690 tot
241 1658 405 1692 involutus
421 1658 620 1696 processibus
638 1663 744 1696 totque
756 1658 872 1696 ligatus
886 1658 1066 1690 sententiis.
1081 1657 1120 1687 de

194 1719 286 1743 orum
316 1711 534 1750 quorumlibet
562 1721 618 1741 seu
651 1716 807 1741 terrarum
839 1711 1121 1740 administratione

197 1765 371 1804 regimine,
389 1765 556 1804 presertim
582 1765 744 1803 Aragonie
772 1765 981 1803 Valentieque
1007 1773 1119 1803 regno-

197 1842 206 1858 ,
230 1820 399 1849 comitatus
416 1818 634 1848 Barchinonie
654 1823 684 1848 et
698 1814 885 1848 Cathalonie
912 1819 1061 1847 universe
1085 1826 1121 1847 ac

195 1872 249 1912 jus
263 1873 361 1912 partis
377 1881 488 1903 eorum
506 1881 542 1902 ac
558 1873 704 1902 omnium
723 1876 754 1902 et
775 1871 977 1910 singulorum
1004 1872 1121 1910 quibus

205 1930 254 1956 tus
269 1931 356 1965 pater
376 1926 479 1965 ipsius
494 1935 549 1964 per
571 1926 710 1955 eundem
729 1926 904 1955 Mai-tinum
922 1925 1119 1964 predecesso-

195 1979 359 2018 ‘privatus,
380 1983 415 2008 ut
433 1979 638 2018 premittitur,
658 1979 777 2014 extitit,
798 1988 830 2008 se
846 1979 1051 2017 aliquatenus
1068 1980 1119 2008 iu—

199 2031 281 2068 inat,
296 2032 446 2071 quodque
462 2032 547 2061 infra
564 2030 740 2071 predictum
759 2032 933 2061 terminum
952 2041 1007 2070 per
1024 2041 1056 2061 se
1070 2032 1119 2062 rel

125 2091 130 2111 ·.
143 2085 413 2124 &procuratorem
427 2084 588 2124 ydoneum
602 2084 711 2114 adhoc
725 2084 904 2123 specialiter
912 2084 1117 2114 constitutum

118 2124 291 2170 332¹''lenum
307 2137 495 2168 mandatum
511 2137 679 2167 habentem
697 2142 878 2175 compareat
893 2146 998 2167 coram
1016 2139 1116 2174 nobis,

127 2181 231 2222 n'ms
247 2195 278 2221 et
289 2191 459 2230 apostolice
478 2190 564 2220 sedis
579 2190 790 2230 beneplacitis
807 2195 837 2220 et
849 2191 1008 2221 mandatis
1024 2201 1119 2230 super

125 2232 276 2274 *amissis
290 2248 321 2274 et
337 2243 567 2283 premissorum
584 2243 725 2283 quolibet
740 2244 879 2283 plenarie
897 2253 932 2274 ac
949 2245 1119 2275 efficaciter
1156 2251 1159 2256 ’

134 2295 283 2327 J'turus.
310 2296 465 2335 Alioquin
491 2301 601 2326 contra
623 2305 697 2326 eum
725 2297 763 2327 ad
787 2297 985 2326 reddendum
1012 2298 1116 2336 ipsum

202 2358 240 2380 us
264 2349 452 2380 inhabilem-
466 2350 506 2380 ad
534 2350 718 2380 habendum
749 2351 797 2380 vel
825 2351 1034 2380 obtinendum
1063 2361 1116 2381 seu

198 2399 316 2433 e'ndum
328 2403 481 2442 quicquid
493 2403 531 2433 ad
547 2403 626 2441 regii
641 2408 671 2432 et
682 2403 826 2442 cujusvis
841 2403 972 2433 alterius
985 2405 1117 2435 honoris

130 2463 161 2494 ςξῑ,
176 2455 298 2486 itatem
308 2456 356 2486 vel
368 2460 484 2486 statum
496 2459 526 2486 et
536 2456 666 2495 aliquod
683 2457 823 2494 regimen
838 2461 869 2486 et
880 2466 1118 2496 quamcumque

121 2504 424 2540 5:2¹1inistrationem
452 2509 688 2547 quomodolibet
715 2509 858 2540 noscitur
886 2511 1060 2549 pertinere,
1088 2517 1118 2541 et

117 2561 154 2602 >ζ.·””’
174 2560 304 2592 andum
319 2562 424 2600 ipsum
438 2571 492 2592 seu
513 2562 771 2592 denuntiandum
787 2563 852 2592 fore
870 2563 1030 2602 privatum
1046 2574 1117 2602 pre-

123 2607 209 2644 ftis*
221 2618 253 2644 et
263 2614 404 2654 quolibet
418 2615 642 2653 predictorum,
655 2624 691 2644 ac
704 2615 782 2645 alias
799 2616 893 2645 etiam
909 2617 1118 2655 spiritualiter

154 2666 387 2705 stemporatiter,
406 2672 499 2706 prout
513 2667 651 2705 qualitas
667 2667 739 2697 facti
755 2669 906 2705 suaserit,
922 2670 1118 2699 contumatia

677 310 932 356 QUATRIEME
952 308 1110 348 ANNEiE.
1135 335 1172 339 —
1195 319 1381 349 LETTRES
1403 320 1629 352 CURIALES.

114 710 229 736 umus.
254 704 319 733 Nos
341 704 448 741 itaque
472 703 616 733 volentes
636 711 801 741 processus
822 711 876 741 per
895 702 1021 732 eosdem
1047 711 1117 741 pre·

1158 1369 1161 1388 1

118 2720 342 2757 -5535351-11
361 2725 391 2750 et
413 2720 561 2759 expedire
587 2721 776 2757 viderimus,
803 2726 930 2751 auctore
959 2723 1115 2760 Domino,

114 2771 332 2815 cedemus.
350 2773 500 2812 Aper-tius
516 2773 715 2811 predicentes
731 2774 834 2803 eidem
850 2775 935 2813 quod
951 2775 1052 2813 ipsius
1067 2776 1116 2805 di-

112 2823 244 2858 'tionis
267 2830 295 2855 et
323 2826 453 2856 termini
476 2827 663 2865 pretixionis
684 2831 839 2864 pretextu,
865 2837 927 2866 que
951 2829 1052 2867 magis
1079 2838 1116 2859 ex

121 2881 162 2912 ’ξι
172 2878 215 2908 tia
235 2869 290 2909 seu
315 2879 535 2910 misericordia
553 2889 649 2918 quam
671 2889 707 2909 ex
720 2880 805 2919 juris
823 2883 962 2912 noscitur
981 2883 1117 2913 necessi-

119 2931 134 2975 7⁴
165 2943 169 2946 ·
192 2931 374 2970 procedere,
391 2941 558 2971 processus
573 2937 681 2962 contra
697 2941 772 2962 eum
795 2933 842 2963 vel
858 2934 938 2964 alias
953 2935 1117 2965 occasione
1154 2949 1157 2959 ·

103 2976 371 3018 ,llius-hactenus
389 2985 506 3015 habitis
525 2994 728 3024 nequaquam
746 2987 945 3017 intendimus
960 2988 994 3017 in
1009 2987 1117 3027 aliquo

2145 327 2202 357 907

1198 385 1357 423 derogari,
1375 395 1478 425 neque
1493 388 1622 418 differre
1640 388 1690 419 vel
1708 389 1805 419 etiam
1821 389 1983 420 abstinere
2001 393 2091 430 quin,
2109 393 2206 424 etiam

1198 439 1266 476 ipsa
1282 439 1438 470 dilatione
1453 450 1489 470 ac
1502 441 1632 472 termini
1648 442 1824 481 prefixione
1839 443 2068 483 pendentibus,
2088 449 2152 476 tam
2169 457 2205 477 ex

1200 491 1359 529 preteritis
1374 493 1441 522 suis
1452 495 1669 532 contumatiis,
1684 496 1864 525 excessibus
1879 501 1909 525 et
1921 497 2052 527 offensis
2061 508 2157 537 quam
2169 509 2205 530 ex

1199 543 1331 581 suturis,
1350 546 1378 574 si
1397 555 1477 584 quos
1502 556 1575 576 eum
1591 548 1760 586 contigerit
1782 549 1862 578 sorte
1883 551 2094 588 committere,
2112 553 2206 591 spiri-

1201 597 1327 627 tualiter
1336 602 1366 628 et
1376 603 1436 628 tem
1443 599 2073 640 poraliterstudeamusprocederecontra
2085 605 2189 643 ipsum
2197 629 2205 640 ,

1200 654 1293 687 prout
1317 655 1346 680 et
1369 651 1497 690 quando
1520 653 1696 683 viderimus
1717 655 1876 693 expedire.
1903 656 1944 686 Ut
1964 661 2070 686 autem
2092 657 2206 697 hujus-

1201 703 1285 732 modi
1305 709 1413 733 noster
1430 713 1596 742 processus
1615 706 1653 734 ad
1671 715 1876 737 communem
1894 710 2040 739 omnium
2059 711 2206 741 notitiam

1201 754 1386 791 deducatur,
1400 762 1502 786 cartas
1514 758 1581 788 sive
1591 759 1796 789 membranas
1806 769 1989 799 processum
2004 763 2209 795 continentes

1201 808 1339 838 eundem
1357 809 1390 838 in
1407 811 1563 848 presentis
1582 811 1714 841 basilice
1738 814 1891 853 principis
1914 816 2127 853 apostolorum
2148 827 2208 856 ap-

1201 861 1299 899 pendi
1320 861 1368 891 vel
1390 863 1477 900 affigi
1498 863 1587 893 ostiis
1613 873 1668 898 seu
1690 875 1786 904 super
1811 866 2019 898 liminaribus
2041 870 2207 908 faciemus,

1201 923 1263 952 que
1280 923 1460 952 processum
1480 916 1586 954 ipsum
1610 927 1667 948 suo
1685 919 1776 956 quasi
1799 928 1913 950 sonoro
1938 923 2087 960 preconio
2105 929 2135 953 et
2154 934 2208 963 pa-

1203 966 1267 996 tulo
1283 967 1399 997 inditio
1419 968 1639 1006 publicabunt.
1660 971 1708 1000 Ita
1729 972 1813 1010 quod
1833 973 1918 1002 idern
1941 974 2095 1011 Jacobus,
2113 986 2208 1015 quem

1200 1029 1366 1059 processus
1384 1021 1451 1059 ipse
1467 1022 1635 1060 contingit,
1652 1023 1776 1054 nullam
1796 1030 1902 1063 postea
1920 1027 2018 1064 possit
2035 1030 2207 1060 excusatio—

1201 1081 1275 1103 nem
1292 1074 1480 1112 pretendere
1495 1075 1579 1114 quod
1598 1076 1637 1105 ad
1655 1086 1727 1106 eum
1749 1077 1820 1108 talis
1835 1087 2000 1116 processus
2015 1090 2078 1110 uon
2096 1091 2207 1119 perve-

1202 1128 1284 1156 nerit
1300 1126 1348 1156 vel
1362 1128 1446 1166 quod
1460 1128 1616 1166 ignorarit
1629 1131 1784 1168 eundem;
1802 1140 1874 1161 cum
1892 1141 1957 1163 non
1974 1134 2015 1163 sit
2031 1135 2209 1166 verisimile

1201 1180 1305 1218 quoad
1332 1181 1437 1219 ipsum
1462 1191 1628 1212 remanere
1650 1183 1850 1222 incognitum
1873 1186 1918 1215 vel
1939 1187 2099 1217 occultum
2124 1190 2209 1227 quod

1202 1237 1263 1262 tam
1292 1238 1435 1272 patenter
1457 1236 1607 1265 omnibus
1634 1237 1826 1274 publicatur.
1850 1241 1966 1270 Actum
1990 1240 2024 1269 in
2050 1242 2147 1278 Urbe,
2174 1244 2208 1272 in

1202 1286 1331 1316 basilica
1357 1287 1548 1326 supradicta,
1575 1289 1609 1318 in
1633 1289 1685 1319 die
1709 1290 1919 1322 dedicationis
1940 1293 2043 1331 ipsius
2066 1295 2207 1333 basilice,

1201 1339 1401 1377 pontificatus
1419 1342 1517 1370 nostri
1534 1350 1620 1371 anno
1635 1348 1758 1380 quarto.
1777 1356 1790 1370 ιι

1274 1497 1391 1529 6840

1238 1560 1378 1586 Processus
1392 1564 1488 1587 contra
1504 1563 1626 1589 Pisanos.
1643 1563 1724 1597 (Rae.
1742 1564 1789 1598 45,
1806 1573 1832 1592 c.
1849 1566 1898 1600 79,
1913 1566 1931 1592 f.
1954 1567 1996 1593 181
2017 1570 2063 1601 rfl.)

1615 1500 1820 1534 Saint-Pierre‚
1839 1503 1873 1529 ‘20
1890 1505 2044 1532 novembre
2061 1506 2138 1533 1291.

1241 1663 1398 1700 Nicofaus,
1417 1669 1471 1693 etc.
1492 1665 1536 1693 Ad
1552 1667 1764 1696 certitudinem
1778 1671 1968 1705 presentium
1987 1676 2012 1699 et
2030 1667 2208 1701 memoriam

1201 1717 1392 1752 futurorum.
1418 1729 1431 1743 ιι
1451 1717 1535 1747 Olim
1556 1719 1596 1747 ad
1621 1725 1760 1749 nostram
1784 1721 1934 1759 perducto
1956 1724 2104 1753 notitiam
2127 1726 2210 1763 quod

1203 1769 1287 1798 cives
1308 1770 1418 1799 Pisani
1439 1779 1457 1800 a
1479 1771 1645 1802 devotione
1670 1781 1802 1803 romane
1824 1775 1956 1806 ecclesie
1983 1782 2100 1807 temere
2124 1788 2211 1809 rece-

1203 1822 1325 1858 dentes,
1345 1828 1375 1852 et
1390 1828 1500 1853 contra
1519 1833 1589 1854 eam
1605 1826 1719 1864 spiritu
1738 1827 1925 1858 rebellionis
1941 1836 2113 1868 assumpto,
2131 1840 2209 1862 con-

1203 1876 1288 1905 cives
1304 1885 1377 1906 suos
1392 1885 1509 1906 nomen
1525 1878 1776 1908 ecclesiasticum
1788 1880 1973 1911 invocantes
1986 1888 2016 1912 et
2031 1889 2210 1922 satagentes

1202 1928 1339 1958 sollicite
1354 1929 1514 1959 civitatem
1532 1931 1683 1961 Pis-anam
1700 1941 1735 1962 ac
1758 1934 1829 1971 ejus
1850 1934 1970 1964 incolas
1991 1936 2024 1965 in
2043 1937 2210 1973 devotione

1202 1981 1302 2019 ipsius
1329 1983 1462 2013 ecclesie
1488 1984 1627 2014 retinere
1655 1986 1693 2014 de
1720 1986 1846 2016 civitate
1875 1988 2012 2025 predicta
2039 1990 2208 2028 ejecerant,

1201 2035 1377 2065 nonnullos
1393 2045 1429 2065 ex
1453 2037 1514 2072 eis,
1534 2038 1617 2068 viros
1642 2039 1750 2077 utique
1771 2040 1891 2070 nobiles
1907 2047 1936 2071 et
1953 2048 2096 2080 potentes
2109 2068 2116 2080 ,
2138 2045 2208 2076 diro

1201 2089 1320 2118 carceri
1346 2090 1571 2128 mancipando,
1596 2100 1669 2120 seva
1694 2091 1812 2122 duritie
1835 2095 1970 2124 carceris
2000 2101 2029 2125 et
2054 2097 2209 2136 nephar-ia

1201 2142 1415 2172 subtractione
1441 2143 1584 2173 ciborum
1616 2145 1751 2174 infanda
1781 2146 2019 2188 inhumanitate
2047 2158 2208 2182 necarant.

1201 2193 1357 2232 Quodque
1375 2195 1461 2224 cives
1482 2195 1561 2235 ipsi,
1578 2197 1734 2227 dictorum
1754 2201 1935 2229 concivium
1958 2201 2106 2233 domibus
2125 2210 2209 2235 cete-

1202 2246 1310 2285 risque
1326 2247 1417 2277 bonis
1437 2257 1546 2278 eornm
1567 2254 1630 2279 tam
1650 2251 1682 2279 in
1700 2252 1826 2281 civitate
1845 2254 1983 2291 predicta
1999 2264 2094 2293 quam
2113 2258 2207 2288 etiam

1201 2304 1287 2329 extra
1306 2309 1375 2329 eam
1398 2301 1570 2340 multiplici
1592 2303 1800 2342 dissipatione
1821 2305 2006 2344 destructis,
2027 2308 2208 2340 Guidonem

1200 2352 1238 2382 de
1259 2353 1476 2391 Montefeltro,
1501 2356 1670 2394 antiquum
1689 2361 1718 2386 et
1741 2358 1905 2396 publicum
1925 2367 2160 2398 persecutorem
2178 2370 2208 2394 et

1199 2406 1239 2435 al)
1254 2406 1330 2436 olim
1348 2407 1517 2441 bannitum
1533 2409 1664 2440 ecclesie
1682 2419 1717 2440 ac
1733 2408 1830 2441 etiam
1841 2436 1848 2450 ‚
1867 2413 2068 2451 exigentibus
2083 2418 2208 2454 gravis-

1201 2459 1291 2488 simis
1313 2459 1414 2498 culpis
1432 2461 1516 2496 suis,
1540 2462 1671 2495 vinculo
1693 2466 1999 2497 excomunicationis
2023 2470 2206 2507 astrictum,

1201 2511 1325 2550 sibique
1343 2521 1397 2551 per
1415 2513 1550 2543 eandem
1567 2515 1733 2546 ecelesiam
1749 2517 1820 2557 data
1837 2523 1867 2547 et
1884 2520 1939 2557 per
1957 2530 2029 2549 eum
2050 2527 2208 2561 acceptata

1201 2565 1341 2595 confinia
1359 2574 1422 2595 non
1441 2567 1511 2596 sine
1525 2567 1625 2597 multa
1645 2570 1822 2600 temeritate
1837 2578 2051 2611 rumpentem,
2068 2575 2100 2604 in
2119 2577 2206 2614 capi-

1202 2622 1330 2646 taneum
1347 2626 1401 2647 seu
1413 2618 1549 2656 quodvis
1563 2620 1703 2650 officium
1719 2621 1883 2660 publicum
1899 2632 2063 2655 assumere
2077 2630 2206 2665 attemp-

1200 2674 1314 2707 tarant,
1331 2671 1363 2699 in
1381 2671 1535 2701 offensam
1553 2673 1632 2710 Dei,
1649 2675 1817 2713 apostolice
1835 2677 1919 2706 sedis
1937 2684 2154 2718 contemptum
2176 2685 2207 2710 et

1198 2733 1294 2762 grave
1307 2724 1452 2754 fidelium
1466 2726 1599 2757 ecclesie
1614 2728 1856 2766 detrimentum,
1870 2739 1938 2767 nos,
1958 2736 2019 2761 tani
2035 2733 2207 2771 nepharios

1199 2782 1230 2806 et
1248 2777 1448 2808 detestandos
1471 2787 1616 2809 excessus
1639 2781 1703 2819 pati
1723 2782 1940 2820 equanimiter
1964 2793 2028 2814 nou
2050 2786 2203 2824 valentes,

1199 2830 1285 2860 cives
1299 2831 1400 2869 ipSOS,
1417 2837 1564 2869 presente
1588 2837 1663 2864 tunc
1681 2834 1826 2864 fidelium
1847 2836 2052 2867 multitudine
2068 2840 2202 2877 copiosa,

1201 2883 1386 2914 monuimus
1409 2889 1443 2913 ut
1464 2886 1621 2923 prefatum
1641 2886 1826 2918 Guidonem
1843 2889 1927 2919 infra
1948 2899 2092 2921 mensem
2117 2902 2135 2921 a
2155 2893 2206 2923 die

1202 2941 1306 2966 nostre
1322 2937 1511 2967 monitionis
1526 2938 1715 2977 hujusmodi
1728 2943 1991 2980 computandum,
2006 2953 2100 2982 quem
2112 2955 2207 2985 super

1200 2989 1260 3020 hoc
1281 2990 1326 3020 eis
1345 2998 1400 3028 pro
1420 2993 1630 3030 peremptorio
1650 2994 1889 3031 assignavimus
1911 2997 2064 3032 termino,
2088 2997 2126 3027 de
2150 3007 2207 3029 suo
