2393 3496
193 319 249 350 766
936 306 1171 341 REGISTRES
1192 306 1247 336 DE
1269 303 1452 335 NICOLAS
1475 304 1530 334 IV.

264 383 514 413 5851-58812
739 379 865 411 Orvieto,
880 377 914 403 ‘23
926 376 1023 410 juillet
1040 374 1119 400 1291.

229 446 433 480 Indulgentiae⁴
456 444 535 474 «lieo.
557 443 599 471 46,
616 450 641 468 e.
659 441 719 473 365,
735 440 754 466 f.
772 440 800 465 71
821 440 873 469 v0.)

236 542 388 570 I‘nirersis
408 539 521 568 Christi⁴
538 536 675 572 fidelibus
692 538 841 571 presentes
862 533 979 560 litteras
999 529 1190 567 inspecturis.

195 592 431 630 Indulgentiani
448 590 544 619 unius
558 588 634 617 anni
650 591 680 616 et
695 595 731 615 xi.
750 585 877 614 dierum
896 583 1039 614 concedit
1057 582 1191 612 visitan-

196 646 277 675 tibus
294 644 457 674 ecclesiam
476 664 495 672 ..
513 640 681 679 guardiani
698 643 727 668 et
742 638 876 668 fratrum
891 637 1012 667 ordinis
1026 636 1191 665 minorum

193 699 326 728 Sanctae
343 696 461 725 Mariae
477 695 514 724 de
532 692 687 732 Capitolio
702 692 740 722 de
758 691 862 727 Urbe,
880 690 913 719 in
930 694 1066 729 quatuor
1084 688 1192 718 beatae

193 750 312 779 Mariae
323 771 330 784 ‚
352 752 532 777 sanctorum
550 745 710 775 Francisci
726 749 755 774 et
773 743 909 774 Antonii
925 747 956 773 et
973 746 1100 772 sanctae
1117 739 1191 770 Cla-

192 811 244 832 rae
260 800 493 834 festivitatibus,
517 808 572 838 per
587 802 655 829 octo
670 797 739 828 dies
755 800 923 836 sequentes
941 799 971 825 et
985 795 1020 824 in
1038 794 1190 824 anniver-

192 854 274 884 sario
289 853 340 882 die
356 852 564 882 dedicationis
579 851 723 890 ejusdem
739 849 901 880 ecclesiae.

233 919 245 933 α
270 907 340 936 Vite
358 906 507 945 perennis
522 905 661 943 gloria...
679 920 717 927 —
731 904 801 933 Dat.
816 903 897 942 apud
915 902 1190 938 Urbemveterern,

193 968 210 988 x
226 958 379 988 kalendas
394 957 532 995 augusti,
550 965 636 987 anno
655 959 775 995 quarto.
798 967 811 982 n
829 955 980 994 (Pom-Tm,
998 952 1122 992 23745.)

232 1012 270 1041 In
291 1020 318 1042 e.
337 1020 398 1046 m.‚
419 1019 472 1049 pro
488 1010 620 1040 ecclesia
643 1032 662 1039 ..
679 1009 849 1047 guardiani
870 1013 900 1037 et
920 1008 1053 1036 fratrum
1069 1006 1192 1036 ordinis

191 1065 353 1094 minorum
372 1064 410 1093 de
432 1064 540 1094 Monte
562 1063 785 1101 Compatrum‚
806 1060 1005 1091 Tusculanae
1025 1060 1190 1090 dioecesis.

192 1118 337 1155 (Pomm,
358 1117 480 1155 23746.)

232 1171 270 1200 ln
287 1180 314 1200 e.
332 1179 375 1200 m.
390 1194 396 1206 ,
415 1179 470 1209 pro
487 1170 619 1200 ecclesia
635 1192 655 1198 ..
673 1168 844 1207 guardiani
865 1171 896 1197 et
913 1167 1048 1197 fratrum
1068 1166 1193 1197 ordinis

193 1224 354 1253 minorum
368 1223 407 1253 de
419 1224 656 1261 campagnano,
671 1222 850 1261 Nepesinae
863 1221 1028 1251 dioecesis.
1039 1220 1192 1259 (Pomm,

193 1276 312 1314 23746)

233 1330 270 1358 In
287 1338 314 1359 e.
332 1338 389 1366 m.‚
407 1337 461 1367 pro
480 1328 611 1358 ecclesia
633 1351 653 1357 ..
675 1328 844 1366 guardiani
866 1332 897 1358 et
917 1328 1051 1358 fratrum
1072 1327 1194 1358 ordinis

193 1383 353 1412 minorum
371 1383 586 1412 Sutrinorum.
603 1381 753 1418 (Pomm,
774 1381 893 1419 23746.)

234 1437 270 1465 In
291 1445 317 1466 e.
336 1445 378 1465 m.
392 1459 400 1473 ‚
418 1444 472 1474 pro
488 1435 620 1465 ecclesia
638 1459 657 1465 ..
675 1435 846 1473 guardiani
867 1439 897 1465 et
916 1435 1050 1465 fratrum
1070 1435 1194 1466 ordinis

192 1491 354 1520 minorum
371 1490 514 1519 Civitatis
529 1489 737 1519 Castellanae.
757 1489 904 1527 (Pomm,
922 1488 1047 1528 23746.)

234 1544 268 1572 ln
287 1552 312 1572 e.
331 1552 394 1579 m.‚
413 1551 467 1581 pro
486 1542 617 1572 ecclesia
637 1566 656 1572 ..
678 1543 846 1581 guardiani
866 1546 896 1572 et
916 1542 1050 1572 fratrum
1069 1541 1194 1572 ordinis

193 1598 353 1626 minorum
378 1596 416 1626 de
442 1596 641 1626 Transtiberi
666 1596 704 1626 de
731 1596 834 1632 Urbe,
863 1596 896 1625 in
923 1595 1195 1626 Annuntiationis

193 1650 299 1680 beatae
316 1650 445 1686 Mariae,
465 1653 646 1679 sanctorum
667 1649 827 1679 Francisci
850 1653 880 1678 et
899 1649 1036 1679 Antonii
1053 1653 1084 1678 et
1101 1657 1194 1678 sanc-

193 1708 240 1733 tae
260 1703 369 1733 Clarae
390 1703 613 1732 festivitatibus
634 1707 663 1732 et
679 1712 733 1741 per
748 1706 816 1733 octo
833 1702 901 1732 dies
921 1706 1102 1741 sequentes.
1119 1702 1192 1732 Dat.

193 1762 347 1795 utsupra.
368 1756 515 1795 (Poma,
534 1755 656 1794 23746.)

745 1809 871 1841 Orvieto,
888 1809 918 1836 21
934 1809 1029 1844 juillet
1043 1809 1122 1836 1291.

234 1872 268 1901 In
287 1881 312 1902 e.
333 1881 377 1901 m.
393 1895 398 1907 ‚
420 1880 475 1910 pro
493 1871 624 1902 ecclesia
645 1894 664 1901 ..
684 1871 806 1901 abbatis
826 1875 856 1901 et
874 1875 1050 1902 conventus
1066 1880 1195 1902 monas-

192 1926 261 1955 terii
279 1925 386 1955 Sancti
402 1924 507 1955 Alexii
524 1925 562 1955 de
580 1925 684 1961 Urbe,
704 1925 1033 1955 Praemonstratensis
1050 1925 1192 1960 ordinis,

192 1980 225 2008 in
243 1984 425 2009 sanctornm
444 1979 595 2009 Bonifatii
613 1984 641 2009 et
658 1978 776 2013 Alexii‚
793 1987 928 2017 quorum
946 1987 1075 2017 corpora
1090 1979 1125 2008 in
1141 1987 1195 2009 ea-

190 2032 261 2062 dem
281 2031 413 2061 ecclesia
428 2032 653 2070 requiescunt.
674 2031 916 2067 festivitatibus,
935 2031 969 2060 in
984 2031 1065 2062 feria
1083 2036 1196 2070 quarta

190 2085 343 2115 Cinerum
368 2088 397 2114 et
428 2085 565 2122 singulis
592 2084 706 2114 diebus
730 2093 748 2114 a
772 2084 934 2114 dominica
957 2093 1021 2123 qua
1050 2089 1197 2114 cantatur

193 2151 206 2164 «ι
224 2139 334 2167 Letare
345 2137 523 2167 Jerusalem
540 2149 552 2163 n
566 2146 668 2176 usque
679 2137 718 2167 ad
729 2137 924 2168 dominicam
938 2138 1196 2168 Resurrectionis

192 2191 334 2221 Domini.
355 2191 424 2220 Dat.
439 2190 521 2229 apud
538 2191 813 2225 Urbemveterem,
828 2200 869 2220 xii
885 2191 1040 2221 kalendas
1054 2191 1194 2230 augusti,

192 2253 276 2274 anno
291 2248 411 2282 quarto.

742 2298 870 2330 Orvieto,
891 2298 922 2325 18
934 2298 1029 2333 juillet
1046 2298 1124 2326 1291.

233 2360 270 2388 ln
290 2370 316 2393 e,
339 2368 381 2389 m.
396 2385 402 2396 ,
422 2368 476 2398 pro
494 2360 625 2390 ecclesia
645 2383 664 2389 ..
681 2360 805 2390 abbatis
821 2364 851 2390 et
868 2365 1044 2390 conventus
1065 2369 1196 2391 monas-

193 2413 262 2442 terii
281 2412 395 2442 Beatae
413 2413 532 2442 Mariae
547 2412 585 2442 de
602 2413 778 2450 Cuissiaco,
796 2413 1125 2444 Praemonstratensis
1143 2423 1196 2444 or-

192 2466 287 2501 «linis,
307 2465 528 2495 Laudunensis
543 2466 714 2502 dioecesis,
732 2466 765 2495 in
783 2470 918 2504 quatuor
936 2466 1080 2505 ejusdem
1097 2467 1196 2505 virgi—

193 2519 242 2547 nis
253 2518 486 2554 festivitatibus,
494 2527 549 2556 per
559 2523 627 2549 octo
637 2519 703 2549 dies
713 2523 882 2557 sequentes
891 2523 921 2548 et
930 2519 963 2548 in
973 2519 1196 2550 anniversario

191 2571 243 2601 die
261 2571 466 2601 dedicationis
484 2572 627 2610 ejusdem
644 2572 806 2602 ecclesiae.
825 2573 895 2602 Dat.
914 2573 999 2612 apud
1017 2573 1195 2603 Urbemve-

193 2630 303 2661 terem,
320 2633 357 2653 xv
376 2624 528 2654 kalendas
545 2626 682 2663 augusti,
701 2634 787 2655 anuo
801 2630 923 2664 quarto.

745 2706 873 2739 Urvieto,
892 2707 923 2733 19
935 2707 1030 2741 juillet
1046 2707 1123 2734 1291.

233 2769 268 2798 In
287 2777 313 2798 e.
332 2778 390 2804 m.‚
407 2777 460 2807 pro
478 2768 610 2798 ecclesia
626 2769 811 2799 monasterii
829 2769 944 2799 Beatae
960 2769 1080 2799 Mariae
1096 2769 1195 2800 Sanc-

194 2823 278 2861 tique
300 2822 460 2852 Johannis
487 2822 706 2860 Evaugelistae
727 2823 765 2852 de
789 2822 1078 2862 SeptemfontibuS,
1100 2824 1196 2854 Prae-

193 2876 434 2906 inonstrateusis
454 2876 596 2912 ordinis,
620 2876 788 2906 Remensis
807 2876 981 2913 dioecesiS,
1004 2876 1037 2905 in
1060 2882 1196 2915 quatuor

192 2930 300 2958 beatae
324 2929 445 2958 Mariae
471 2929 710 2961 festivitatibus.
729 2934 802 2966 etc.‚
822 2933 856 2959 ut
874 2938 986 2968 supra,
1007 2938 1106 2968 usque
1125 2930 1194 2960 Dat.

192 2982 273 3019 qnid
289 2982 563 3017 Urbemveterem,
576 2990 641 3010 xini
654 2980 807 3011 kalendas
820 2980 958 3019 augusti,
971 2988 1058 3011 anno
1070 2986 1193 3019 quarto.

1315 370 1353 399 In
1378 378 1405 400 e.
1433 378 1476 399 m.
1490 394 1499 410 ‚
1524 377 1580 409 pro
1605 368 1738 399 ecclesia
1761 367 1869 398 Sancti
1894 366 2083 397 Christofori
2106 367 2145 397 de
2169 366 2278 398 Castro

1275 422 1381 459 Novo,
1403 421 1596 451 Tudertinae
1616 420 1772 451 dioecesis
1785 444 1792 457 ,
1812 421 1846 450 in
1869 420 1948 450 festo
1969 419 2113 458 ejusdem
2131 419 2231 450 sancti
2249 422 2280 450 et

1274 484 1329 514 per
1343 479 1411 505 octo
1426 475 1494 505 dies
1511 478 1692 514 sequentes.
1710 473 1780 503 Dat.
1799 477 1835 502 ut
1851 481 1959 512 supra.
1975 472 2035 511 (En
2051 472 2182 511 marye.)

1828 552 1953 584 Orvieto,
1971 552 2004 580 23
2019 553 2113 588 juillet
2128 552 2206 580 1291.

1314 618 1352 647 In
1373 626 1399 647 e.
1419 626 1462 646 m.
1478 641 1484 650 ,
1503 624 1558 655 pro
1576 615 1710 646 ecclesia
1728 638 1749 647 ..
1767 615 1936 653 guardiani
1957 620 1986 645 et
2006 615 2138 645 fratrum
2154 615 2279 645 ordinis

1273 672 1436 701 minorum
1460 669 1693 707 Naulensium,
1711 673 1769 699 etc.
1783 693 1790 706 ,
1810 673 1954 709 utsupra
1976 678 2077 708 usque
2100 669 2171 699 Dat.
2195 668 2279 708 apud

1274 723 1551 760 Urbemveterem,
1566 732 1583 752 x
1600 722 1754 753 kalendas
1766 722 1906 761 augusti,
1924 731 2010 753 anno
2026 725 2149 761 quarto.
2166 721 2277 761 (Ibid.;

1273 776 1411 812 PoT'rn.⁷
1430 775 1552 815 23746.)

1317 830 1352 859 In
1374 839 1401 860 e.
1425 838 1488 867 m.‚
1509 837 1564 868 pro
1580 828 1712 859 ecelesia
1731 851 1752 859 ..
1772 828 1942 867 guardiani
1961 832 1991 859 et
2005 828 2142 858 fratrum
2155 828 2280 859 ordinis

1274 883 1440 914 minorum
1455 882 1735 921 Albiganensium.
1752 881 1844 921 (Ibid.
1859 893 1866 919 ;
1885 882 2021 919 Por‘rn„
2040 881 2160 919 23746.)

1827 961 1955 996 Orvieto,
1973 962 2004 989 ¹5
2017 962 2113 996 juillet.
2129 961 2208 989 129¹.

1316 1026 1355 1055 In
1371 1035 1398 1056 e.
1420 1034 1481 1062 m.‚
1501 1033 1558 1064 pro
1575 1024 1707 1055 ecclesia
1723 1024 1830 1055 Sancti
1852 1025 1939 1055 Petri
1959 1024 1998 1055 de
2013 1024 2114 1055 Ponte
2135 1012 2281 1061 Edeliui,

1275 1079 1435 1110 Roffensis
1459 1079 1630 1115 dioecesis,
1654 1078 1687 1107 in
1712 1078 1850 1116 singulis
1873 1077 2017 1117 ejusdem
2041 1077 2145 1108 sancti
2166 1080 2196 1108 et
2219 1079 2280 1108 As-

1275 1131 1470 1170 sumptionis
1494 1131 1602 1161 beatae
1628 1131 1749 1161 Mariae
1778 1131 2018 1168 festivitatibus,
2044 1139 2099 1170 per
2120 1135 2189 1162 octo
2213 1130 2283 1161 dies

1276 1189 1445 1224 sequentes
1473 1189 1503 1214 et
1524 1185 1557 1214 in
1582 1185 1803 1215 anniversario
1827 1184 1880 1215 die
1904 1184 2113 1215 dedicationis
2137 1184 2282 1224 ejusdem

1276 1238 1440 1268 ecclesiae.

1321 1304 1334 1319 ‹
1350 1292 1431 1322 Loca
1446 1296 1629 1322 sanctorum
1646 1291 1832 1322 omnium...
1854 1308 1892 1313 -
1913 1291 1985 1322 Dat.
2002 1291 2086 1330 apud
2103 1291 2282 1322 Urbemve—

1277 1351 1387 1381 terem,
1405 1346 1511 1376 idibus
1522 1345 1609 1385 julii,
1626 1354 1712 1375 anno
1726 1349 1849 1384 quarto.
1870 1357 1883 1372 »
1899 1345 2003 1384 (Ibid.)

1318 1400 1355 1429 In
1370 1390 1396 1430 e.
1415 1408 1472 1436 m.‚
1490 1408 1545 1439 pro
1561 1399 1695 1429 ecclesia
1710 1399 1867 1429 Omnium
1885 1398 2074 1429 Sanctorum
2089 1397 2129 1428 de
2145 1397 2283 1428 Boctone

1276 1453 1422 1492 Alulphi,
1440 1453 1684 1484 Cantuariensis
1700 1452 1871 1489 dioecesiS‚
1889 1451 1924 1482 in
1940 1456 2076 1490 quatuor
2089 1451 2198 1481 heatae
2214 1451 2283 1481 Ma-

1277 1508 1344 1537 riae
1365 1510 1394 1537 et
1414 1506 1735 1537 Commemorationis
1751 1506 1908 1537 Omnium
1926 1505 2118 1535 Sanctorum
2132 1504 2284 1535 festivita-

1278 1560 1364 1591 tibus
1379 1564 1410 1590 et
1424 1568 1480 1599 per
1495 1564 1564 1590 octo
1578 1560 1646 1591 dies
1662 1563 1843 1598 sequentes.
1862 1559 1934 1589 Dat.
1952 1563 1987 1589 ut
2001 1568 2108 1598 supra.
2125 1558 2229 1598 (Ibid.)

1831 1639 1959 1670 Orvieto.
1976 1638 2006 1666 21
2021 1639 2117 1674 Juillet
2133 1638 2212 1666 1291.

1319 1702 1357 1732 In
1375 1712 1402 1733 e.
1423 1711 1485 1739 m.‚
1504 1711 1559 1741 pro
1577 1701 1710 1732 ecclesia
1727 1701 1837 1732 Sancti
1856 1701 2005 1732 Andreae
2025 1701 2063 1731 de
2081 1700 2283 1740 Nendopera,

1279 1756 1442 1794 Sagiensis
1465 1756 1633 1793 dioecesis,
1655 1756 1688 1785 in
1712 1755 1856 1795 ejusdem
1876 1754 2024 1794 apostoli,
2049 1755 2082 1785 S.
2107 1753 2234 1785 Nicolai
2255 1759 2287 1785 et

1278 1809 1519 1848 Assumptionis
1542 1810 1652 1840 beatae
1679 1809 1801 1839 Mariae
1824 1808 2052 1839 festivitatibus
2077 1813 2109 1839 et
2136 1817 2192 1848 per
2215 1813 2286 1840 octo

1279 1863 1346 1893 dies
1363 1867 1542 1903 sequentes.

1322 1930 1334 1943 α
1353 1917 1433 1947 Cum
1448 1917 1487 1947 ad
1504 1917 1753 1955 premerenda...
1766 1932 1808 1939 —-
1822 1916 1894 1946 Dat.
1908 1916 1993 1955 apud
2008 1916 2284 1952 Urbemveterem,

1279 1979 1320 1999 xn
1337 1969 1490 2000 kalendas
1505 1969 1643 2007 augusti,
1661 1977 1747 1999 anno
1762 1973 1885 2008 quarto.
1905 1981 1918 1996 n
1936 1969 2039 2008 (Ibid.)

1320 2024 1359 2053 In
1376 2033 1403 2053 e.
1421 2032 1485 2060 m.‚
1506 2031 1561 2062 pro
1584 2022 1716 2053 ecclesia
1737 2023 1871 2053 fratrum
1892 2022 2146 2061 praedicatorum
2168 2021 2207 2052 de
2228 2022 2287 2052 Ar-

1279 2077 1431 2115 gentonio
1443 2101 1450 2114 ,
1472 2076 1638 2115 Sagiensis
1657 2076 1828 2113 dioecesis,
1845 2076 1879 2106 in
1896 2076 2034 2114 singulis
2049 2075 2082 2106 S.
2101 2075 2265 2106 Dominici
2278 2099 2285 2113 ,

1280 2130 1313 2160 S.
1332 2130 1417 2160 Petri
1433 2131 1585 2169 martyris
1600 2134 1630 2160 et
1645 2134 1780 2168 quatuor
1794 2129 1903 2160 beatae
1916 2129 2037 2160 Mariae
2050 2129 2285 2166 festivitatibuS,

1280 2187 1352 2221 ete,
1371 2187 1405 2213 ut
1422 2192 1527 2222 supra.
1545 2183 1648 2223 (Ibtd.)

1350 2343 1602 2372 acea-5688
1852 2341 1979 2373 Orviet0‚
1997 2341 2012 2368 4
2026 2341 2120 2376 juillet
2137 2339 2215 2368 1291.

1315 2404 1433 2432 Collatio
1454 2404 1586 2431 beneficii
1606 2408 1634 2431 et
1654 2403 1831 2439 dispensatio
1848 2411 1937 2439 super
1954 2403 2114 2438 pluralitate
2131 2402 2287 2431 beneficio·

1279 2462 1353 2481 rum.
1371 2453 1454 2484 (itm.
1473 2453 1516 2486 46,
1534 2461 1559 2480 c.
1578 2453 1638 2485 366,
1656 2453 1676 2479 f.
1694 2452 1726 2479 752
1743 2454 1789 2485 ro.)

1319 2557 1462 2594 Magistro
1481 2557 1642 2586 Guillelmo
1661 2557 1805 2593 Accursi,
1825 2557 1979 2594 capellano
1999 2560 2122 2592 nostro,
2140 2555 2286 2585 canonico

1281 2611 1395 2639 ecclesie
1406 2610 1574 2645 Ραίεηιὶηε,
1586 2609 1810 2639 canonicatum
1828 2609 1861 2638 in
1875 2608 2008 2638 ecclesia
2019 2607 2201 2644 Palentina,
2211 2615 2285 2637 cum

1280 2662 1478 2702 plenitudine
1490 2663 1572 2701 juris
1585 2663 1743 2699 canonici,
1757 2671 1792 2693 ac
1808 2662 2022 2701 praebendam
2035 2665 2065 2691 et
2081 2665 2284 2700 personatum

1279 2715 1328 2746 vel
1337 2715 1537 2753 dignitatem,
1547 2724 1620 2745 cum
1629 2716 1868 2755 praestimoniis
1878 2715 2021 2746 cedentis
2031 2713 2081 2744 vel
2089 2713 2284 2755 decedentis,

1279 2769 1419 2806 confert,
1436 2769 1662 2808 dispensatque
1678 2778 1750 2799 cum
1770 2777 1806 2799 eo
1823 2773 1858 2799 ut
1875 2768 1986 2798 eadem
2004 2771 2211 2807 personatum
2229 2775 2284 2796 seu

1278 2821 1466 2860 dignitatem
1478 2826 1508 2851 et
1521 2822 1734 2861 praebendam
1753 2831 1825 2853 eum
1843 2820 2081 2862 praestimoniis
2093 2819 2194 2850 libere
2203 2819 2284 2849 reci-

1278 2883 1352 2914 pere
1368 2878 1398 2905 et
1415 2883 1479 2905 una
1493 2884 1566 2905 cum
1582 2876 1727 2906 sacristia
1741 2884 1837 2915 quam
1854 2876 1887 2905 in
1903 2873 2090 2905 Caturcensi
2105 2872 2238 2904 ecclesia
2255 2876 2286 2902 et

1278 2928 1520 2958 canonicatibus
1540 2933 1570 2959 et
1589 2929 1778 2968 praebendis
1794 2937 1875 2969 quae
1890 2929 1926 2958 in
1945 2927 2056 2958 eadem
2074 2930 2105 2957 et
2123 2924 2284 2964 Burgensi

1279 2981 1420 3012 ecclesiis
1436 2986 1598 3012 assecutus
1615 2987 1662 3013 est
1678 2982 1816 3013 retinere
1833 2981 1940 3021 possit.

2370 1499 2393 1684 ἒ

2375 1707 2389 1843 ἱ
