2393 3496
1018 232 1272 280 QUATRIEME
1294 230 1452 271 ANNEE.
2224 243 2281 273 593

186 310 222 336 de
237 310 470 344 Santinghevelt‚
486 309 661 336 Morinensis
684 310 841 341 dioecesis,
859 311 912 337 sub
938 319 990 337 sua
1017 310 1194 345 protectione

187 359 326 393 suscepit.
343 358 428 391 (Rsu.
447 358 495 389 46,
512 366 538 385 c.
556 358 620 389 150,
639 358 656 385 f.
675 359 708 385 30
723 361 770 392 ro.)

227 487 369 524 ,tlayistro
385 493 410 517 el
425 488 576 524 fratribus
590 488 750 525 hospitalis
765 489 872 518 domus
889 489 939 517 Dei
956 488 990 517 de
1011 486 1192 524 Santinqhe-

188 541 256 572 velt.
275 541 354 578 quod
371 540 446 569 olim
462 541 497 569 de
521 541 699 570 ll'issantria
721 542 933 580 appellabatur
945 564 953 576 ,
978 541 1017 570 ad
1033 549 1192 570 romanam

186 595 339 624 ecclesiam
354 594 440 622 nulio
458 594 555 623 medio
571 596 764 632 pertinentis,
780 596 961 624 Morsnensis
976 595 1110 624 diocesis.
1129 594 1195 622 An-

189 647 291 676 notari
318 647 393 676 facit
421 647 459 676 de
484 647 579 678 verbo
604 647 643 677 ad
667 648 799 678 verbum
827 647 1034 687 privilegium
1057 647 1196 686 praefato

188 699 337 739 hospitali
354 700 394 730 ab
412 700 543 731 Urbano
560 710 638 740 papa
656 702 717 731 111⁰
732 709 936 738 concessum,
955 713 968 728 a
990 701 1075 740 quod
1096 700 1195 739 incipi

183 753 252 792 jam
287 754 390 783 nimia
423 758 577 784 vetustate
611 755 759 784 consumi
790 767 802 781 ι
835 760 866 784 et
902 755 994 794 cujus
1023 758 1112 784 tenor
1143 753 1196 783 hic

187 811 235 836 est
252 816 259 836 :

229 873 243 887 ιι
270 860 430 897 Urbanus,
457 861 624 900 episcopus
649 870 760 891 servus
780 869 946 891 servorum
969 861 1039 891 Dei.
1067 860 1196 889 Dilectis

190 926 203 940 n
228 913 304 943 filiis
322 937 342 943 ..
359 914 454 952 priori
472 919 502 944 et
518 914 669 944 fratribus
687 913 850 953 hospitalis
865 913 904 943 de
922 914 1127 949 VVissantria,
1144 921 1195 942 sa—

189 978 203 992 u
228 966 326 996 lutem
349 971 379 997 et
402 967 606 1006 apostolicam
625 967 895 996 benedictionem.
916 966 1123 996 Sacrosancta
1145 974 1194 996 ro·
1226 999 1230 1003 ⁴

189 1032 202 1046 ιι
227 1028 322 1050 mana
338 1020 472 1050 ecclesia
487 1020 616 1051 devotos
633 1025 663 1050 et
680 1020 820 1050 humiles
833 1019 916 1049 filios
933 1029 969 1049 ex
991 1023 1116 1049 assuete
1131 1019 1197 1058 pie-

189 1085 202 1099 η
229 1073 300 1102 tatis
316 1074 419 1103 officio
435 1074 622 1112 propensius
637 1073 771 1111 diligere
791 1073 956 1103 cousuevit
974 1077 1014 1108 et,
1029 1081 1068 1102 ne
1085 1080 1195 1110 pravo-

188 1138 202 1152 υ
228 1135 299 1156 rum
324 1126 495 1156 hominum
520 1126 674 1156 molestiis
698 1126 880 1164 agitentur.
899 1134 951 1156 eos
975 1130 1127 1164 tanquam
1145 1125 1197 1163 pia

189 1192 203 1206 »
229 1184 329 1210 mater
346 1185 392 1210 est
413 1180 505 1210 solita
523 1180 703 1210 confovere.
734 1180 775 1210 Ea
793 1185 937 1219 propter,
954 1179 1059 1210 dilecti
1078 1181 1110 1209 iu
1132 1180 1196 1210 Do-

189 1246 202 1259 »
229 1234 316 1263 mino
332 1232 404 1269 filii,
421 1233 624 1263 devotionem
646 1242 743 1272 quam
766 1242 841 1270 erga
865 1233 994 1263 beatum
1018 1233 1149 1262 Petrum
1166 1237 1196 1263 et

189 1299 203 1313 »
227 1295 285 1318 nos
301 1287 385 1326 ipsos
403 1286 520 1316 habere
537 1287 709 1316 noscimini
727 1286 939 1323 attendentes,
960 1295 1110 1325 personas
1130 1295 1196 1316 ves-

190 1353 202 1366 ·
228 1345 290 1370 tras
306 1344 336 1370 et
352 1339 528 1378 predictum
545 1339 712 1378 hospitale,
727 1349 801 1370 cum
816 1340 969 1370 omnibus
980 1339 1194 1379 pertinentiis,

188 1406 203 1438 ζ»
226 1393 311 1433 quod
326 1393 410 1423 beati
424 1393 511 1423 Petri
524 1394 608 1431 juris
624 1393 741 1429 existit,
762 1394 795 1423 in
812 1402 874 1431 quo
891 1394 1002 1423 divino
1015 1393 1091 1423 estis
1103 1393 1195 1423 obse-

189 1458 204 1473 »
227 1446 303 1486 quio
325 1446 511 1485 mancipati,
532 1447 591 1476 sub
608 1447 691 1476 beati
716 1447 801 1476 Petri
822 1452 852 1477 et
875 1451 982 1476 nostra
1001 1446 1197 1485 protectione

190 1512 204 1526 »
228 1499 432 1538 suscipimus.
450 1499 499 1530 Ad
521 1499 674 1530 iuditium
697 1505 803 1530 autem
829 1499 913 1539 quod
935 1500 1019 1530 idem
1041 1499 1197 1539 hospitale

188 1565 201 1580 ι
228 1553 268 1583 ad
281 1554 335 1593 jus
349 1558 379 1583 et
396 1554 618 1592 proprietatem
637 1553 719 1583 beati
737 1554 822 1583 Petri
839 1553 928 1584 nullo
947 1554 1108 1584 mediante
1125 1562 1197 1593 per-

191 1618 204 1633 n
231 1607 348 1643 tineat,
376 1607 506 1645 signum
538 1606 638 1637 clavis
660 1606 763 1637 eidem
785 1607 876 1637 beato
900 1607 993 1637 Petro
1014 1616 1032 1637 a
1058 1607 1198 1637 Domino

190 1671 204 1686 n
229 1659 390 1690 Salvatore
407 1664 515 1690 nostro
530 1659 642 1690 collate
659 1660 698 1690 de
725 1661 931 1691 concessione
953 1660 1124 1699 apostolica
1142 1660 1198 1689 de-

190 1725 204 1738 »
228 1712 345 1742 feretis.
364 1712 456 1743 Nulli
476 1721 551 1751 ergo
573 1714 708 1743 omnino
729 1713 901 1743 hominum
926 1713 1020 1743 liceat
1040 1713 1197 1752 prefatum

189 1779 204 1792 »
228 1766 385 1806 hospitale
403 1767 452 1797 vel
477 1767 560 1797 bona
580 1768 680 1806 ipsius
695 1773 750 1797 aut
773 1776 924 1806 personas
943 1772 1062 1797 vestras
1079 1772 1198 1797 temere

190 1832 203 1846 n
228 1821 430 1859 perturbare,
449 1820 498 1850 vel
521 1820 604 1851 hanc
631 1821 781 1860 paginam
810 1826 916 1852 nostre
944 1821 1148 1860 protectionis
1169 1825 1199 1851 et

190 1885 203 1900 ι
227 1874 442 1904 concessionis
459 1874 657 1912 infringere,
677 1874 726 1905 vel
750 1875 779 1904 ei
805 1874 1009 1914 aliquatenus
1026 1875 1193 1905 contraire.

189 1939 203 1953 υ
228 1927 352 1967 Siquis
369 1933 476 1958 autem
495 1932 552 1959 etc.
576 1937 677 1968 usque
702 1929 923 1958 incursurum.
952 1929 1023 1960 Dat.
1053 1929 1195 1971 Verone,

189 1993 202 2007 ι
227 1990 281 2011 viii
299 1981 372 2011 idus
391 1981 558 2012 februarii.
580 1994 593 2008 n

229 2047 241 2061 ι
261 2034 474 2073 privilegium
488 2034 648 2074 quoddam
666 2035 809 2064 felicis...
825 2051 864 2058 —
881 2035 952 2064 Dat.
964 2035 1047 2074 apud
1064 2035 1195 2066 Urbem-

187 2093 346 2124 veterem,
365 2088 472 2118 idibus
486 2088 613 2126 aprilis,
633 2096 719 2118 anno
736 2093 861 2126 quarto.
882 2100 895 2115 n

259 2309 376 2338 48⁰2
800 2307 926 2337 orvieto,
944 2308 957 2334 4
976 2307 1030 2334 mai
1048 2307 1125 2334 1291.

226 2384 397 2411 Monialibus
421 2384 585 2411 monasterii
607 2383 729 2411 Sanctae
752 2383 856 2410 Mariae
877 2383 911 2410 de
927 2384 1033 2410 Sancto
1050 2383 1195 2419 Hulpidio,

190 2433 338 2460 Fit-manae
359 2433 516 2465 dioecesim
535 2432 663 2467 indulget
685 2436 728 2463 ut.
746 2433 770 2459 si
792 2432 905 2466 quaudo
926 2432 953 2458 in
970 2440 1019 2458 cas
1041 2432 1196 2458 volcarum

189 2488 292 2510 terram
311 2482 618 2509 excommunicationis
629 2486 678 2508 aut
693 2482 835 2508 interdicti
849 2481 1007 2508 sententias
1023 2481 1196 2516 promulgari

188 2531 350 2565 contigerit.
370 2531 450 2566 pueri
467 2538 565 2557 earum
582 2531 709 2557 servitiis
724 2530 862 2564 deputati,
875 2534 1075 2565 procuratores
1089 2533 1116 2555 ct
1131 2537 1197 2564 ope-

188 2581 255 2607 rarii
276 2589 372 2606 aarum
395 2581 450 2607 liiis
471 2580 606 2606 sententii
627 2580 743 2606 obnoxii
765 2587 819 2606 non
846 2579 913 2606 sint.
933 2578 1016 2611 (tiso.
1033 2578 1075 2610 46,
1091 2586 1118 2606 c.
1137 2579 1195 2610 151,

188 2629 208 2656 s.
225 2629 258 2657 30
274 2635 318 2659 r⁰·‚
338 2628 454 2659 Pon-u„
472 2627 580 2660 2353‘2.)

231 2779 251 2786 ..
282 2757 429 2786 abbatisse
458 2762 484 2785 et
514 2756 676 2785 conventui
704 2756 882 2784 monasterii
909 2755 1016 2784 Sancte
1042 2755 1136 2783 Marie
1163 2754 1198 2784 de

189 2809 298 2840 Sancto
314 2810 462 2847 HeIpidio,
480 2809 599 2838 ordinis
615 2808 647 2838 S.
667 2809 821 2844 Damiani,
840 2808 986 2837 Firmane
1000 2808 1135 2838 diocesis.

231 2875 245 2889 α
263 2863 308 2893 Ut
325 2862 358 2892 in
377 2867 517 2893 vestro...
537 2879 575 2883 —
592 2862 662 2892 Dat.
679 2862 763 2900 apud
783 2860 1056 2898 Urbemveterem,
1077 2869 1121 2889 uit
1142 2868 1198 2890 no-

192 2924 249 2946 nas
270 2916 366 2951 maii,
383 2924 468 2946 anno
484 2921 608 2954 quarto.
625 2927 637 2941 n

1346 308 1465 336 4303

1311 368 1432 395 Easdem
1444 369 1478 396 ab
1490 370 1634 402 oneribus,
1648 369 1776 396 collectis
1787 374 1815 396 et
1829 369 1967 396 subsidiis
1978 369 2153 404 quibuslibet
2168 378 2282 406 exemp·

1886 308 2012 337 Orvieto,
2030 308 2043 334 4
2062 309 2116 334 mai
2134 308 2209 336 129¹.

1275 421 1319 444 tas
1335 418 1467 445 ductam«.
1486 418 1568 450 (Rno.
1587 419 1630 450 46,
1646 427 1672 446 c.
1696 419 1766 448 151².
1785 419 1802 444 f.
1816 418 1852 445 -30
1870 425 1911 451 r⁰;
1930 417 2045 449 Poma,
2065 418 2175 451 23653.)

1318 520 1445 549 Eisdem.

1319 586 1332 599 «
1354 573 1532 612 Pauper-tati
1550 582 1645 612 quam
1664 573 1882 604 voluntarie...
1903 591 1938 595 —
1956 574 2026 605 Dat.
2046 579 2079 604 ut
2095 583 2200 614 supra.
2219 588 2231 601 »ν

1347 743 1468 772 4904
1868 746 1998 778 Orvieto,
2015 747 2031 774 9
2047 747 2116 774 avril
2134 747 2210 774 ¹291,

1314 805 1498 840 Dispensatio
1512 814 1600 840 super
1610 807 1722 833 defectu
1736 807 1879 834 natalium.
1894 808 1977 840 (Rau.
1991 809 2033 840 46,
2046 818 2071 835 c.
2088 809 2145 839 15²2.
2158 809 2177 835 t'.
2191 809 2223 836 :30
2235 812 2282 842 το.)

1319 929 1339 936 ..
1355 909 1488 945 episcopo
1504 908 1739 945 A'tnnburqensi.
1754 921 1767 935 «
1784 909 1981 939 Constitutus
1993 910 2025 939 iu
2040 911 2199 949 presentia
2213 919 2282 940 nos·

1279 964 1326 989 tra
1343 959 1479 990 dilectus
1501 960 1588 990 filius
1615 961 1767 991 Albertus
1787 962 1826 991 de
1847 962 2100 999 Weraherstors,
2118 964 2283 1002 presbyter

1278 1018 1330 1044 tue
1349 1014 1485 1044 diocesis
1500 1037 1508 1050 ‚
1535 1015 1629 1044 nobis
1652 1015 1800 1054 exposuit
1825 1016 1931 1054 quod,
1954 1016 2027 1046 licet
2048 1021 2193 1056 parentes
2215 1019 2282 1055 eius

1279 1072 1430 1106 tanquam
1448 1067 1586 1105 legitimi
1603 1069 1758 1107 conjuges
1774 1069 1977 1099 individuam
1996 1070 2059 1099 vite
2078 1071 2282 1100 consuetudi-

1279 1128 1353 1150 nem
1371 1120 1547 1150 retinentes
1563 1121 1753 1158 genuissent
1776 1122 1935 1158 eundern,
1962 1123 2028 1161 ipse
2058 1128 2162 1153 tamen
2186 1132 2220 1153 ex
2247 1132 2283 1154 eo

1278 1174 1400 1203 liabens
1412 1174 1643 1204 conscientiam
1656 1174 1865 1205 reluctantem
1881 1176 1964 1214 quod
1978 1181 2078 1206 mater
2092 1177 2172 1215 ejus,
2183 1177 2283 1216 prius-

1277 1236 1373 1265 quam
1392 1232 1478 1265 pater
1501 1228 1749 1265 conjungeretur
1772 1228 1802 1258 ei
1819 1228 1931 1267 copula
1952 1229 2110 1266 maritali,
2130 1229 2186 1259 alii
2206 1238 2282 1268 nup-

1279 1285 1372 1315 serat,
1382 1280 1480 1318 quise
1494 1280 1533 1309 ad
1547 1284 1649 1318 partes
1663 1284 1800 1311 remotas
1815 1281 2029 1319 transtulerat,
2042 1282 2096 1312 ubi
2111 1282 2283 1312 decessisse

1279 1333 1406 1372 publice
1422 1333 1602 1371 dicebatur,
1620 1334 1756 1373 quique,
1776 1343 1840 1364 non
1859 1335 1984 1365 modico
2001 1335 2106 1374 elapso
2126 1340 2280 1374 tempore,

1279 1386 1418 1425 predicto
1432 1391 1519 1425 patre
1529 1387 1596 1425 Jam
1607 1386 1768 1424 defuncto,
1782 1393 1925 1426 repertus
1937 1393 1983 1418 est
1994 1389 2110 1425 vivere,
2120 1397 2214 1427 super
2224 1388 2283 1419 hoc

1278 1439 1451 1478 apostolice
1472 1439 1663 1474 provisionis
1684 1440 1863 1470 remedium
1886 1440 2080 1480 imploravit.
2102 1441 2186 1477 Quia
2209 1450 2282 1471 vero

1279 1492 1318 1522 de
1334 1492 1414 1522 sacto
1429 1497 1459 1521 et
1474 1492 1546 1522 iacti
1562 1492 1814 1523 circumstantiis
1834 1498 1864 1523 tu
1882 1493 1998 1524 habere
2012 1494 2126 1533 poteris
2138 1495 2283 1524 notitiam

1280 1545 1474 1584 pleniorem,
1491 1546 1682 1576 fraternitati
1697 1551 1748 1576 tue
1764 1556 1819 1586 per
1833 1547 2005 1587 apostolica
2017 1548 2132 1586 scripta
2149 1548 2282 1578 manda-

1279 1609 1352 1629 mus
1368 1604 1538 1639 quatenus,
1556 1600 1584 1629 si
1595 1600 1728 1638 predicti
1744 1601 1869 1631 Alberti
1885 1601 2003 1631 natalia
2015 1601 2164 1632 defendat
2177 1602 2282 1632 debita

1280 1653 1499 1691 sollempnitas
1520 1653 1727 1692 nuptiarum,
1753 1654 1856 1684 eidem
1880 1655 1914 1684 in
1939 1654 2092 1693 susceptis
2116 1655 2283 1684 ordinibus

1280 1707 1478 1737 executionis
1504 1707 1608 1737 debite
1631 1707 1797 1737 licentiam
1820 1708 1988 1746 largiaris3
2015 1708 2043 1737 si
2070 1717 2143 1739 vero
2163 1708 2282 1738 eisdem

1280 1761 1441 1791 natalibus
1464 1761 1560 1791 suerit
1581 1761 1777 1800 dispensatio
1794 1761 1992 1797 adhibenda,
2014 1762 2222 1792 consideratis
2236 1762 2281 1792 di·

1278 1813 1416 1853 ligenter
1433 1814 1723 1846 circumstantiis...
1742 1823 1815 1845 cum
1831 1824 1867 1845 eo
1885 1824 1980 1854 super
1995 1806 2196 1854 premissis...
2213 1815 2280 1844 dis-

1279 1877 1430 1907 penses...
1450 1868 1520 1897 Dat.
1532 1867 1616 1906 apud
1633 1868 1907 1904 Urbemveterem,
1926 1878 1945 1897 v
1962 1868 2036 1898 idus
2053 1866 2176 1906 aprilis,
2197 1876 2282 1898 anno

1279 1926 1403 1961 quarto.
1426 1934 1438 1948 n

1349 2093 1471 2121 4905
1855 2091 1981 2125 Orvieto,
1997 2091 2030 2117 ⁴27
2046 2091 2115 2117 avril
2132 2090 2207 2118 1291.

1315 2155 1441 2182 Licentia
1458 2154 1578 2181 habendi
1592 2155 1678 2181 altare
1695 2153 1834 2188 portatile.
1859 2153 1942 2185 (Res.
1959 2153 2006 2183 46,
2024 2161 2049 2179 c.
2070 2152 2131 2185 ¹53,
2150 2153 2168 2179 f.
2186 2153 2218 2180 30
2234 2155 2279 2184 r0.)

1328 2257 1492 2286 Venerabili
1507 2257 1602 2293 fratri
1621 2256 1813 2293 Raymundo,
1833 2256 1964 2292 episcopo
1986 2255 2150 2284 Valentino.

1321 2322 1334 2336 α
1354 2309 1537 2339 Devotionis
1556 2314 1608 2339 tue
1626 2309 1808 2347 precibus..
1825 2324 1866 2331 —
1881 2308 1951 2337 Dat.
1970 2308 2051 2346 apud
2074 2308 2279 2338 Urbemvete-

1280 2372 1358 2400 rem,
1381 2373 1399 2392 v
1416 2362 1570 2392 kalendas
1588 2362 1689 2399 maii,
1705 2370 1791 2392 anno
1807 2366 1931 2401 quarto.
1951 2373 1964 2388 n

1349 2532 1467 2562 4906

1317 2595 1500 2630 Dispensatio
1511 2603 1598 2630 super
1609 2595 1722 2621 defectu
1733 2594 1878 2621 natalium.
1888 2594 1972 2627 (Rzo.
1983 2593 2025 2625 46,
2036 2602 2061 2620 c.
2076 2593 2145 2625 153²,
2158 2594 2177 2620 s.
2190 2593 2223 2620 30
2233 2598 2277 2621 ν’.)

1874 2532 2001 2566 Orvieto‚
2017 2532 2032 2559 2
2048 2532 2117 2558 avril
2134 2532 2210 2559 129¹.

1323 2721 1341 2726 ..
1362 2698 1494 2736 episcopo
1515 2697 1742 2732 Warmaciensi,
1760 2695 1799 2726 ad
1817 2695 2003 2725 instantiam
2019 2694 2054 2725 C.
2069 2718 2074 2730 ,
2095 2694 2208 2733 prioris
2225 2703 2278 2731 ge-

1281 2749 1399 2780 neralis
1416 2750 1548 2779 fratrum
1563 2749 1795 2779 heremitarum
1811 2748 1932 2778 ordinis
1949 2748 1981 2777 S.
2001 2747 2184 2785 Augustini,
2199 2755 2281 2776 com-

1281 2804 1378 2833 mittit
1393 2807 1425 2832 ut
1440 2811 1512 2832 cum
1532 2802 1678 2833 Conrado
1694 2801 1732 2831 de
1754 2801 1945 2834 warmacia,
1972 2800 2165 2839 presbytero,
2187 2800 2279 2828 fratrc

1280 2856 1355 2886 dicti
1371 2855 1505 2892 ordinis,
1518 2855 1679 2894 dispenset
1696 2859 1739 2891 ut,
1753 2862 1816 2884 non
1832 2854 1974 2884 obstante
1989 2852 2111 2883 delectu
2126 2851 2280 2882 natalium

1281 2918 1374 2948 quem
1394 2909 1526 2947 patitur,
1544 2918 1560 2938 e
1578 2908 1762 2947 presbytero
1783 2907 1908 2945 genitus
1927 2912 1956 2936 et
1971 2905 2087 2942 soluta,
2107 2905 2141 2934 iu
2157 2913 2281 2944 suscep-
