2393 3496
1039 233 1292 280 QUATRIEME
1314 234 1469 273 ANNEE.
1870 268 1873 269 γ
2241 253 2296 283 035

211 306 318 336 beatae
337 306 457 337 Mariae
475 307 700 338 festivitatibus
722 313 751 339 et
775 318 829 348 per
851 315 918 340 octo
941 311 1008 341 dies
1031 315 1210 350 sequentes.

254 370 266 385 ι
283 358 440 398 Splendor
454 364 584 398 paterne
601 360 738 399 glorie...
756 379 794 384 —
813 362 883 392 Dat.
901 363 983 402 apud
1007 363 1212 394 Urbemvete-

209 421 288 448 rem,
307 411 452 442 kalendis
466 412 587 451 aprilis,
604 422 690 444 anuo
705 419 827 454 quarto.
847 425 861 444 ›

278 585 398 613 4⁷95

244 647 377 674 Fac-ultas
390 648 556 675 conserendi
567 649 680 675 duabus
695 651 826 685 personis
840 650 1063 676 tabellionatum.
1075 649 1156 683 (Res.
1168 650 1212 684 46,

207 706 234 725 c.
252 697 311 728 133,
331 697 349 724 f.
368 697 402 724 ‘26
418 699 470 729 vo.)

777 586 908 618 Orvieto,
930 588 957 613 Π
975 587 1045 614 avril
1064 587 1141 614 ¹29¹.

246 800 371 835 Jacobo,
388 801 519 838 episcopo
541 802 714 830 florinensi.

254 865 266 880 ‹
284 853 333 883 Ne
349 857 569 883 contractuum
587 854 778 884 memoria...
797 870 834 875 -
851 854 922 883 Dat.
939 854 1021 893 apud
1039 854 1214 884 Urbemve-

208 909 320 942 terem,
338 915 376 935 xv
393 905 546 936 kalendas
562 906 651 942 maii,
670 915 755 936 anno
771 911 895 945 quarto.
915 919 928 931 n

275 1078 394 1107 4¹28ss

243 1139 457 1166 Duodenarium
475 1148 626 1166 numerum
643 1139 858 1170 canonicorum,
877 1140 904 1166 in
921 1139 1042 1166 ecclesia
1060 1139 1213 1174 Fnliginati

205 1198 222 1216 a
238 1189 331 1224 priore
347 1193 375 1215 et
390 1189 515 1224 capitulo
531 1192 670 1215 statutum
687 1192 715 1215 et
731 1196 780 1223 per
796 1188 886 1215 bonae
903 1189 1056 1215 memoriae
1068 1188 1212 1223 Egidium,

206 1239 375 1273 episcopum
403 1237 608 1273 Fuliginatem,
637 1237 794 1268 firmatum,
817 1237 850 1263 ad
876 1238 966 1264 instar
990 1237 1122 1272 Gregorii
1147 1239 1214 1265 noni

205 1287 364 1314 confirmat.
381 1286 465 1320 (Rau.
482 1286 531 1318 46,
549 1294 574 1313 c.
595 1285 655 1317 134,
671 1286 690 1312 s.
707 1286 741 1313 ‘26
757 1287 809 1318 vo.)

771 1076 903 1107 Orvieto,
920 1077 953 1104 23
969 1085 1045 1103 mars
1064 1077 1138 1103 1291.

247 1410 267 1419 ..
283 1389 386 1427 priori
400 1394 427 1418 ει
441 1389 574 1426 capitulo
590 1389 827 1426 Fuliqinatibus.

248 1454 262 1468 ι
280 1441 382 1471 Justis
401 1441 577 1480 petentium
597 1437 862 1471 desideriis...'—
884 1442 954 1472 Dat.
971 1442 1055 1481 apud
1074 1442 1214 1473 Urbem·

207 1498 358 1531 veterem,
377 1503 395 1524 x
411 1493 565 1525 kalendas
581 1494 702 1534 aprilis,
720 1503 806 1525 anno
824 1499 946 1534 quarto.
968 1507 980 1522 n

278 1666 395 1696 4292

243 1728 286 1756 De
302 1728 486 1755 monasteriis
501 1728 644 1755 dioecesis
655 1728 854 1756 Messanensis
865 1729 1062 1757 reformandis.
1075 1729 1158 1763 (Rea.
1173 1730 1215 1761 46,

207 1786 234 1805 c.
254 1777 315 1810 ¹35,
332 1778 351 1804 s.
371 1778 404 1805 26
422 1779 473 1811 vo.)

778 1667 909 1698 Orvieto,
928 1667 960 1694 12
977 1668 1049 1694 avril
1066 1668 1144 1695 129¹.

253 1881 418 1910 Venerabili
435 1881 530 1917 fratri
549 1882 595 1915 B.,
614 1881 747 1919 episcopo
763 1882 948 1916 Penestrino,
966 1882 1126 1918 apostolice
1141 1882 1217 1910 sedis

205 1933 318 1972 teqato,
336 1933 518 1964 facultatem
537 1934 684 1964 concedit
703 1933 898 1964 reformandi
921 1936 1114 1964 monasteria
1135 1934 1216 1964 civi-

207 1986 279 2016 tatis
297 1991 327 2017 et
346 1986 499 2017 dioecesis
518 1987 753 2023 Messanensis,
775 1991 900 2025 propter
916 1995 1105 2024 guerrarum
1126 1987 1216 2025 quasi

207 2039 343 2070 totaliter
368 2040 536 2078 destituta,
560 2049 623 2070 non
647 2041 791 2070 obstante
813 2040 1026 2070 ecclesiastico
1047 2040 1217 2071 interdicto

205 2093 257 2124 cui
273 2093 384 2124 Sicilia
400 2098 447 2123 est
462 2094 632 2132 supposita.

248 2159 262 2174 ι
282 2147 331 2177 Ad
348 2147 547 2177 audientiam
567 2151 748 2176 nostram...
767 2163 804 2168 —
822 2146 893 2176 Dat.
911 2146 994 2186 apud
1011 2146 1217 2177 Urbemvete-

207 2209 287 2236 rem,
308 2209 328 2229 ιι
345 2199 417 2230 idus
432 2199 555 2239 aprilis,
571 2207 657 2229 anno
673 2204 796 2238 quarto.
817 2212 830 2224 ι»

277 2370 395 2399 4798
777 2370 909 2404 Orviem,
927 2370 960 2397 28
977 2379 1052 2397 mars
1070 2371 1143 2398 ¹291.

244 2431 428 2467 Dispensatio
439 2439 527 2466 super
538 2431 651 2459 defectu
664 2432 808 2459 natalium.
822 2432 905 2465 (Rso.
919 2432 963 2463 46,
975 2440 999 2459 c.
1015 2432 1073 2464 136,
1087 2432 1106 2459 f.
1117 2431 1152 2459 ‘26
1162 2434 1215 2466 νο.)

253 2535 420 2563 Venerabili
443 2534 538 2570 fratri
560 2556 580 2563 ..
604 2535 827 2572 archiepiscopo
853 2536 1023 2564 Treverensi
1048 2535 1217 2565 committit

208 2592 243 2618 ut
260 2596 332 2617 cum
354 2587 486 2617 Eni'rido
506 2587 544 2617 de
566 2587 736 2626 Boperdia,
753 2587 888 2627 acolyto,
905 2588 1112 2618 'I'reverensis
1130 2588 1217 2618 dioe-

206 2641 297 2676 cesis,
315 2640 476 2679 dispenset
495 2644 539 2676 ιιι,
558 2648 621 2670 non
639 2640 784 2670 obstante
805 2640 927 2670 defectu
946 2640 1101 2670 natalium
1120 2650 1214 2680 quern

208 2695 326 2734 patitur
341 2693 379 2723 de
393 2693 490 2731 judeo
509 2693 612 2723 soluto
630 2694 759 2731 genitus
778 2698 808 2723 et
823 2694 999 2724 christiana
1015 2694 1128 2732 soluta,
1147 2703 1216 2733 pos-

207 2748 249 2778 sit
269 2748 300 2777 in
328 2747 480 2786 susceptis
502 2746 672 2777 ordinibus
694 2747 893 2784 ministrare,
913 2747 951 2777 ad
976 2755 1089 2777 omnes
1112 2756 1217 2778 sacros

209 2801 389 2840 promoveri
406 2805 435 2830 et
451 2800 699 2830 ecclesiasticum
719 2799 913 2830 beneficium
929 2800 1084 2831 obtinere.

250 2866 263 2880 ι
283 2853 447 2884 Accedens
462 2853 501 2882 ad
516 2853 749 2892 presentiam...
769 2869 805 2874 —
823 2852 894 2882 Dat.
911 2852 994 2892 apud
1012 2853 1217 2884 Urbemvete-

210 2915 295 2944 rem,
312 2916 331 2936 v
347 2906 500 2936 kalendas
515 2905 644 2945 aprilis,
660 2913 746 2936 anno
762 2909 885 2944 quarto.
909 2917 921 2931 n

1367 309 1483 338 4798
1870 312 1996 344 Orvieto,
2018 315 2049 341 10
2063 316 2132 342 avril
2149 316 2226 344 1291.

1332 370 1516 406 Dispensatio
1528 380 1615 408 super
1626 372 1738 400 defectu
1754 374 1988 409 nataliumfflm.
2002 376 2045 410 46,
2056 384 2081 404 c.
2096 377 2164 412 1362,
2174 380 2233 406 [⁵2ss
2244 381 2296 414 νο.)

1343 474 1508 503 Venerabili
1517 476 1612 511 fratri
1626 498 1645 504 ..
1657 477 1789 514 episcopo
1800 476 1880 516 (sic),
1892 476 1931 506 ad
1945 478 2131 509 instantiam
2146 480 2297 512 ..abbatis

1296 527 1480 556 monasterii
1494 527 1592 557 Vallis
1605 528 1717 566 Casti-i,
1735 529 1858 559 ordinis
1875 530 1907 561 S.
1928 531 2103 568 Benedicti,
2123 534 2297 572 praedictae

1295 579 1466 617 dioecesis,
1493 582 1623 611 mandat
1646 586 1679 611 ut
1698 591 1770 612 cum
1792 583 1958 621 Monaldo‚
1977 585 2133 616 monacho
2154 587 2297 626 ejusdem

1296 632 1465 669 dioecesis,
1483 633 1644 672 dispenset
1666 639 1714 669 ut,
1745 644 1810 665 non
1831 636 1975 667 obstante
1995 638 2118 669 defectu
2141 639 2298 671 natalium

1295 694 1390 723 quem
1410 686 1537 724 patitur,
1557 695 1573 716 e
1589 687 1772 726 presbytero
1789 689 1919 726 genitus
1935 695 1963 719 et
1980 690 2098 727 soluta,
2120 692 2152 722 in
2169 702 2298 732 suscep-

1298 738 1335 767 tis
1351 738 1534 768 ministrare
1549 739 1716 769 ordinibus
1730 745 1760 770 et
1775 741 1813 770 ad
1831 742 1880 771 sui
1903 742 2028 773 ordinis
2049 745 2298 777 administratio-

1297 799 1353 820 nes
1371 791 1493 820 assumi
1512 791 1623 828 valeat,
1641 793 1786 823 abbatiae
1803 795 1962 832 regimine
1979 802 2117 836 excepto.

1338 855 1350 869 ιι
1370 843 1539 881 Regularis
1555 844 1675 875 ordinis
1692 847 1959 884 professoribus...
1984 867 2021 871 —
2043 851 2112 881 Dat.
2134 852 2216 891 apud
2233 852 2297 883 Ur-

1296 896 1527 934 bemveterem,
1546 907 1592 927 ιιιι
1609 898 1680 928 idus
1695 899 1819 938 aprilis,
1839 909 1924 931 anno
1939 907 2060 940 quarto.
2083 915 2096 929 n

1365 1054 1617 1084 48⁰0-4801
1867 1057 1997 1091 orviem,
2017 1059 2046 1085 11
2064 1060 2134 1086 avril
2152 1061 2227 1090 1291.

1329 1115 1477 1143 Johannes
1493 1117 1633 1144 saeculari
1650 1118 1789 1145 ecclesiae
1805 1119 1902 1146 Sancti
1924 1120 2135 1148 Bartholomaei
2151 1122 2184 1149 de
2198 1123 2300 1150 Tavel-

1295 1163 1372 1195 laria,
1389 1164 1560 1192 Tuder-tinae
1574 1165 1726 1198 dioecese,
1745 1168 1822 1202 prior
1838 1169 2010 1203 praeficitur.
2028 1170 2111 1203 (itm.
2129 1171 2176 1203 46,
2193 1180 2218 1198 c.
2238 1172 2297 1206 137,

1295 1214 1314 1240 s.
1333 1214 1365 1240 ‘27
1383 1216 1430 1247 1¹⁰.)

1334 1317 1480 1352 Johannt,
1496 1318 1597 1355 priori
1611 1319 1758 1348 secularis
1778 1321 1893 1349 ecclesie
1918 1322 2022 1350 Sancti
2044 1322 2245 1353 Barlliolomei
2265 1325 2299 1353 tle

1301 1369 1476 1405 Teuellaria,
1494 1371 1653 1400 Tuderline
1668 1373 1801 1409 diocesis,
1819 1373 1951 1408 confert,
1968 1374 2006 1403 ad
2023 1374 2209 1405 instantiam
2223 1377 2299 1406 Mat-

1297 1422 1395 1459 thaei,
1413 1424 1521 1453 Sancti
1538 1424 1703 1455 Laurentii
1719 1426 1752 1455 in
1772 1426 1907 1457 Damaso
1922 1428 2099 1467 presbyteri
2115 1429 2298 1469 cardinalis,

1296 1477 1388 1515 cujus
1405 1476 1588 1515 capellanus
1604 1482 1634 1507 et
1650 1478 1815 1508 familiaris
1838 1484 1895 1516 est,
1914 1481 2085 1519 prioratum
2106 1482 2297 1513 saecularem

1297 1529 1449 1560 ecclesiae
1467 1531 1574 1560 Sancti
1594 1531 1830 1562 Bartholomaei
1845 1533 1884 1562 de
1902 1533 2091 1571 Tavellaria,
2108 1535 2299 1566 Tudertinae

1297 1583 1460 1621 dioecesis,
1474 1589 1639 1614 vacantem
1656 1595 1711 1624 per
1727 1587 1960 1624 promotionem
1976 1588 2134 1618 Usredutii
2154 1589 2187 1618 in
2204 1589 2297 1619 Gros-

1297 1642 1443 1667 setanum
1463 1638 1666 1677 episcopum;
1690 1639 1920 1679 dispensatque
1941 1650 2013 1671 cum
2038 1650 2074 1672 eo
2096 1645 2149 1679 ut,
2169 1643 2298 1673 ecclesia

1298 1690 1406 1720 Sancti
1424 1690 1541 1729 Angeli
1557 1691 1595 1721 de
1615 1692 1762 1730 Farneta,
1777 1702 1873 1731 qnam
1894 1697 1988 1729 tenet,
2009 1694 2152 1732 dimissa,
2172 1696 2299 1726 canoni-

1298 1748 1404 1773 catum
1421 1749 1450 1773 et
1465 1745 1678 1782 praebendam
1702 1746 1735 1774 in
1754 1746 1886 1776 ecclesia
1903 1747 2035 1777 Sanctae
2053 1748 2171 1778 Mariae
2187 1749 2224 1778 de
2242 1749 2300 1778 Ve-

1299 1797 1419 1836 pribus,
1438 1797 1604 1827 ecclesiam
1623 1799 1854 1837 parrochialem
1870 1800 2003 1830 Sanctae
2019 1801 2170 1831 Praxedis
2183 1802 2221 1831 de
2236 1802 2298 1831 Tu-

1298 1850 1386 1880 derto
1410 1855 1440 1880 et
1466 1851 1634 1881 ecclesiam
1664 1852 1771 1882 Sancti
1795 1853 1863 1883 Viti
1885 1853 1923 1883 de
1947 1855 2086 1891 Amata,
2109 1854 2299 1885 Tudertinae

1298 1904 1451 1934 dioecesis
1463 1927 1470 1941 ‚
1501 1914 1637 1943 quarum
1670 1906 1813 1935 redditus
1839 1915 1910 1936 cnm
1946 1906 2121 1936 redditibus
2150 1907 2299 1937 ecclesiae

1299 1958 1405 1987 Sancti
1428 1958 1544 1995 Angeli
1566 1958 1605 1988 de
1629 1959 1763 1988 Farneta
1790 1968 1829 1988 xii
1853 1960 2045 1990 florenorum
2065 1960 2135 1989 auri
2161 1960 2295 1990 valorem

1298 2019 1443 2040 annuum
1471 2019 1534 2040 non
1558 2011 1731 2048 excedunt,
1750 2020 1891 2050 quasque
1904 2012 1970 2049 jam
1988 2012 2122 2046 obtinet,
2145 2021 2207 2042 una
2224 2022 2296 2042 cum

1298 2063 1435 2101 prioratu
1446 2062 1561 2097 ‚Sancti
1579 2063 1813 2094 Bai-tholomaei
1830 2065 1968 2094 retinere
1985 2064 2099 2094 valeat.

1339 2128 1352 2142 α
1371 2117 1534 2146 Virtutum
1554 2117 1666 2146 merita
1682 2117 1836 2155 quibus...
1852 2133 1890 2139 -
1908 2118 1979 2147 Dat.
1997 2118 2079 2156 apud
2096 2118 2298 2148 Urbemvete—

1298 2178 1363 2199 rem
1375 2192 1383 2206 ‚
1406 2179 1438 2198 111
1452 2169 1523 2199 idus
1540 2169 1665 2208 aprilis,
1683 2178 1768 2200 anuo
1784 2174 1905 2208 quarto.
1929 2182 1941 2197 n

1340 2222 1376 2252 In
1396 2232 1422 2251 e.
1441 2232 1484 2251 m.
1504 2245 1524 2253 ..
1541 2222 1647 2253 abbati
1663 2223 1848 2253 monasterii
1864 2223 1971 2253 Sancti
1988 2223 2105 2262 Angeli
2124 2232 2218 2262 prope
2233 2224 2297 2253 Tn-

1296 2275 1433 2311 dertum,
1458 2275 1629 2306 Audolono
1656 2275 1837 2314 Synibaldi,
1863 2276 2057 2306 Tudertinae
2081 2276 2242 2313 ecclesiae,
2270 2281 2298 2306 et

1298 2327 1442 2365 Nicolao‚
1462 2329 1612 2358 ecclesiae
1629 2329 1667 2359 de
1684 2329 1858 2368 Yporegia,
1875 2329 2059 2360 Leodiensis
2072 2330 2232 2366 dioecesis,
2248 2339 2296 2359 ca-

1298 2381 1440 2417 nonicis,
1469 2381 1599 2411 mandat
1615 2386 1649 2411 ut
1671 2381 1819 2412 eumdem
1843 2382 2026 2412 Johannem
2050 2382 2083 2412 in
2105 2382 2296 2422 corporalem

1297 2434 1528 2473 possessionem
1546 2434 1700 2473 praedicti
1715 2435 1870 2474 prioratus
1886 2435 1994 2465 Sancti
2012 2435 2243 2465 Bartholomaei
2260 2435 2298 2464 de

1297 2486 1476 2517 Tavellaria
1491 2487 1656 2518 inducant.

1368 2646 1483 2675 4802

1336 2708 1519 2744 Dispensatio
1535 2716 1622 2743 super
1639 2708 1798 2744 pluralitate
1814 2707 2027 2734 beneficiorum.
2046 2707 2127 2739 (lieo.
2144 2707 2186 2740 46,
2199 2715 2223 2732 c.
2240 2707 2295 2735 1:18.

1299 2758 1317 2784 r.
1334 2758 1366 2784 27
1384 2759 1431 2790 r⁰.)

1867 2645 1997 2676 Orvieto,
2018 2645 2048 2671 13
2063 2645 2131 2671 avril
2149 2645 2224 2671 1291.

1339 2853 1470 2881 Martino
1491 2852 1588 2886 Petri,
1613 2853 1800 2890 presbytero,
1823 2853 1965 2881 canonico
1990 2850 2102 2879 ecclesie
2119 2850 2293 2879 Elborensis.

1300 2904 1379 2935 Cum
1401 2912 1456 2941 eo,
1479 2904 1733 2935 consideratione
1759 2927 1777 2934 ..
1796 2904 1878 2941 regis
1903 2902 2118 2940 portugaliae,
2139 2902 2227 2940 cujus
2250 2906 2298 2932 est
