2393 3496
173 308 187 315 η

174 375 253 403 hone
284 372 377 403 same.
405 368 655 400 conversationis
685 367 826 401 honeste,
853 365 915 393 vite
943 361 1114 392 laudabilis
1144 365 1175 390 et

171 426 306 456 ali-irum
323 425 474 453 virtutum
489 420 714 458 multiplicium
733 417 912 447 testimonio
926 416 987 445 fide
999 415 1173 452 dignorum

173 478 385 517 progreditur,
411 481 514 504 nostre
542 472 658 502 mentis
685 470 792 499 oculos
821 470 944 498 intento
967 468 1070 497 studio
1093 467 1173 496 diri-

172 536 280 569 gentcs
308 537 424 566 vosque
451 535 485 555 ac
511 525 685 563 predictum
712 520 943 551 monasterium
970 519 1173 549 intendentes

172 584 295 622 spetiali
318 581 407 611 titulo
425 581 587 613 decorare,
608 585 660 606 vos
679 585 713 605 ac
733 575 812 604 illud
833 582 956 604 necnon
975 577 1005 604 et
1022 581 1173 612 personas

171 646 281 667 omnes
299 636 446 670 deinceps
467 632 498 660 in
518 631 626 660 eodem
647 629 765 658 divinis
781 627 942 666 obsequiis
957 627 1016 656 snb
1032 625 1172 664 regulari

172 689 280 718 habitu
301 684 541 723 mancipandas,
559 683 668 712 domos
683 690 809 720 quoqne
824 681 908 710 infra
926 680 1025 719 ipsius
1044 688 1172 709 monas-

171 742 240 769 terii
267 744 350 776 septa
373 741 567 767 constructas
592 739 622 765 et
646 733 875 764 construendas
895 738 925 763 et
945 733 1012 763 loca
1033 732 1174 772 quelibet

169 793 271 827 illius,
289 800 361 819 cnm
379 789 529 820 omnibus
546 789 638 818 bonis
654 797 714 827 que
732 788 764 816 in
783 787 1018 826 presentiarum
1035 786 1172 816 rationa-

170 846 275 874 biliter
292 843 455 882 possidetis
471 852 505 871 ac
519 842 647 880 juribus
661 846 689 871 et
707 841 908 879 pertinentiis
924 839 1123 876 eorumdem,
1141 840 1173 869 in

166 900 217 936 jus
238 903 267 926 et
289 896 511 935 proprietatem
537 894 621 925 beati
646 894 731 924 Petri
754 898 784 923 et
807 893 976 932 apostolice
995 893 1077 923 sedis
1093 893 1173 922 reci-

170 952 286 991 pimus.
311 950 351 979 ab
372 950 460 979 omni
485 958 614 987 prorsus
634 948 870 986 jurisdictione,
896 951 1045 986 potestate
1066 955 1101 976 ae
1119 946 1174 976 do-

168 1006 270 1035 minio
289 1010 349 1033 tam
367 1004 503 1042 episcopi
523 1002 732 1037 Parisiensis,
756 1002 788 1030 in
806 1002 898 1039 cujns
913 1001 1029 1030 diocesi
1046 1009 1174 1030 monas-

171 1059 284 1088 terium
302 1057 478 1096 predictum
496 1056 651 1091 consistit,
669 1060 699 1084 et
716 1054 948 1093 archiepiscopi
967 1053 1173 1089 Senonensis„

168 1110 404 1149 metropolitani
429 1110 584 1148 ejusdem,
611 1112 639 1138 et
663 1108 876 1146 capitulorum
904 1115 1052 1141 suorum,
1077 1115 1174 1145 quam

168 1164 339 1203 cujuslibet
366 1163 498 1192 alterins
524 1162 635 1200 prelati
662 1170 697 1191 ac
719 1169 852 1199 persone
874 1165 937 1190 tam
961 1160 1173 1190 ecclesiastice

169 1227 265 1256 quani
286 1216 438 1247 secularis
459 1215 594 1245 totaliter
619 1219 768 1253 perpetuo
789 1223 824 1243 ex
851 1216 934 1243 certa
957 1214 1089 1243 scientia
1105 1214 1171 1243 exi-

168 1276 301 1306 mentes,
321 1279 355 1299 ac
369 1270 576 1299 decernentes
594 1276 646 1298 vos
658 1272 689 1297 et
705 1276 766 1306 que
783 1267 820 1296 de
834 1271 936 1296 cetero
952 1267 1041 1296 vobis
1057 1267 1091 1296 in
1108 1275 1172 1296 mo-

168 1325 307 1354 nasterio
325 1323 464 1362 predicto
480 1322 659 1352 succedent.
680 1329 804 1350 necnon
823 1320 943 1357 domos,
960 1321 1029 1350 loca
1044 1326 1074 1350 et
1089 1322 1172 1352 bona

169 1378 307 1416 predicta
334 1375 390 1405 soli
417 1375 579 1404 dumtaxat
606 1374 790 1403 immediate
818 1381 949 1404 romano
975 1375 1118 1413 pontifici
1143 1379 1173 1405 et

169 1431 228 1468 ipsi
251 1429 383 1459 ecclesie
405 1428 578 1465 subjacere.
604 1427 654 1456 Ad
680 1426 837 1456 indicium
861 1431 968 1457 autem
992 1432 1134 1466 percepte
1156 1437 1174 1458 a

168 1483 241 1513 sede
258 1482 394 1521 predicta
410 1480 595 1519 hujusmodi
611 1480 774 1516 libertatis,
790 1480 882 1510 nobis
895 1485 925 1510 et
938 1482 1174 1511 successoribus

169 1536 284 1565 nostris
313 1543 410 1564 unam
441 1533 555 1563 libram
586 1542 656 1562 cere
685 1534 779 1562 aunis
806 1533 945 1571 singulis
973 1534 1173 1572 persolvetis.

167 1589 378 1618 Decernimus
402 1595 527 1625 quoqne
552 1591 586 1615 ut
611 1586 694 1616 nulli
720 1587 853 1616 omnino
880 1586 1052 1617 hominum
1080 1588 1174 1619 liceat

168 1642 249 1671 hanc
270 1641 417 1679 paginam
437 1644 541 1670 nostre
558 1640 758 1677 receptionis,
776 1640 990 1679 exemptionis
1006 1645 1037 1670 et
1053 1642 1174 1671 consti—

167 1695 299 1725 tutionis
324 1694 517 1731 infringere,
541 1698 599 1723 etc.
625 1694 657 1723 Si
679 1694 750 1732 quis
770 1698 895 1731 autem,
917 1698 975 1725 etc.
998 1695 1069 1724 Dat.
1090 1695 1174 1734 apud

168 1748 441 1783 Urbemveterern,
461 1756 505 1776 1111
523 1746 676 1777 kalendas
688 1746 772 1785 julii,
791 1756 877 1778 anno
893 1753 1016 1786 quarto.
1039 1760 1052 1775 ι,

237 1906 356 1934 5488
747 1906 877 1938 Orvieto,
894 1906 928 1933 ‘26
940 1907 1005 1940 juin
1023 1906 1101 1934 1291.

203 1968 244 1994 De
260 1968 364 1994 debitis
380 1968 518 1995 ecclesiae
537 1968 718 1995 Pati-sicensis
734 1968 889 1996 solvendis.
908 1968 990 2003 (Res.
1008 1969 1051 2004 46,
1069 1978 1094 1996 c.
1113 1970 1174 2004 318,

167 2017 185 2043 s.
205 2017 237 2043 652
257 2018 308 2048 vo.)

213 2113 378 2141 Venerabile?
406 2114 500 2148 fratri
532 2113 703 2149 Benedicta,
730 2114 950 2152 archiepiscopo
978 2115 1173 2152 Patrczcensz'‚

167 2166 301 2202 fructus,
323 2166 465 2195 redditus
487 2171 517 2195 et
538 2172 710 2205 proventus
728 2168 825 2206 primi
848 2168 926 2197 anni
949 2169 1096 2198 omnium
1119 2170 1175 2200 be-

168 2219 353 2249 neficiorum
370 2219 653 2249 ecclesiasticorum
671 2229 752 2259 qnae
768 2230 869 2260 usqne
885 2221 924 2251 ad
945 2223 1122 2253 trienninm
1141 2224 1174 2253 in

167 2273 292 2302 civitate
320 2277 349 2302 et
372 2273 509 2303 dioecesi
533 2274 717 2304 Patracensi
738 2284 849 2305 vacare
874 2277 1058 2313 contigerit,
1081 2277 1175 2308 dum-

167 2326 262 2355 modo
274 2326 311 2355 ad
326 2325 529 2356 collationem
547 2327 596 2357 vel
610 2329 899 2365 praesentationem
914 2338 977 2360 non
993 2331 1177 2369 pertineant

170 2380 390 2416 exemplorum
417 2383 446 2408 et
466 2379 530 2409 illis
551 2381 604 2418 qui
627 2380 782 2410 beneficia
805 2381 1018 2413 ecclesiastica
1034 2384 1067 2413 in
1085 2394 1176 2423 prae-

169 2432 261 2461 dictis
278 2433 405 2462 civitate
421 2438 451 2463 et
468 2433 603 2463 dioecesi
620 2439 785 2473 expectant
798 2436 1032 2475 praeJudicium
1048 2438 1176 2469 nullum

168 2485 234 2522 fiat,
251 2485 406 2522 concedit,
421 2486 453 2515 in
467 2486 657 2517 solutionem
669 2487 849 2518 debitorum
867 2489 1010 2528 ejusdem
1027 2491 1177 2522 ecclesiae

169 2539 409 2569 convertendos.

211 2604 223 2617 ιι
245 2592 334 2621 Circa
354 2592 570 2630 quarumlibet
591 2593 837 2625 ecclesiarum...
856 2612 896 2618 —
913 2596 985 2626 Dat.
1007 2598 1091 2637 apud
1111 2599 1177 2630 Ur-

167 2645 399 2682 bemveterem,
417 2655 447 2675 vr
466 2646 618 2676 kalendas
631 2647 721 2685 julii,
738 2657 825 2679 anno
843 2654 965 2688 quarto.
986 2662 998 2677 n

238 2804 355 2832 5489
751 2807 882 2843 Orvieto,
899 2808 932 2836 ‘26
944 2810 1009 2844 juin
1026 2810 1104 2838 1291.

203 2864 245 2891 De
261 2865 361 2892 codem
379 2867 501 2901 negotio.
524 2867 606 2896 «Rea.
623 2867 666 2899 46,
685 2876 710 2894 c.
729 2868 800 2901 3182,
818 2870 837 2897 s.
854 2870 887 2898 62
905 2878 948 2903 v⁰;
965 2880 999 2899 en
1016 2875 1136 2908 marge.)

207 2968 364 3005 lt'icolaus,
393 2974 447 3000 etc.
472 2970 692 3001 l'enerabili‘bus
715 2974 866 3009 fratribus
893 2997 912 3004 ..
939 2975 1077 3006 (nenensi
1101 2983 1126 3007 el
1154 3001 1171 3008 ..

178 307 229 336 Aa
916 295 1149 328 REGISTRES
1172 295 1226 325 DE
1247 293 1431 324 NICOLAS
1454 294 1510 323 IV.

1257 360 1422 389 coronensi
1444 359 1587 396 episcopis
1610 357 1741 387 mandat
1765 361 1798 387 nt
1824 357 2060 395 archiepiscopo
2081 356 2266 386 Pati-acensi

1256 411 1432 450 praedictos
1453 411 1591 443 fructus.
1610 410 1756 440 redditus
1777 414 1807 440 et
1823 413 1998 448 proventus
2013 417 2069 447 per
2088 409 2265 440 triennium

1255 465 1379 502 integre
1397 464 1579 493 ministrari
1595 463 1725 493 faciant.

1297 530 1311 544 «
1337 517 1428 548 Circa
1445 516 1663 556 quarumlibet
1683 515 1928 546 ecclesiarum...
1946 532 1983 538 —
2000 515 2072 545 Dat.
2096 515 2180 554 apud
2202 515 2266 546 Ur-

1256 570 1486 603 bemveterem,
1507 579 1538 599 vr
1554 569 1708 600 kalendas
1721 569 1814 608 julii,
1831 577 1917 599 anno
1933 572 2059 607 quarto.
2081 579 2094 595 r»

1327 741 1450 770 549⁰
1843 740 1976 775 Orvieto,
1992 740 2025 767 30
2036 741 2101 775 juin
2118 740 2197 768 1291.

1295 804 1396 830 Petrus
1413 804 1536 830 Mathaei
1547 824 1554 836 ,
1571 803 1660 830 abbas
1677 803 1844 830 monasterii
1867 802 1965 830 Sancti
1980 802 2124 830 Johannis
2141 802 2176 829 de
2191 801 2270 830 Coli-

1257 858 1368 887 mcnto,
1392 853 1562 888 Aquilensis
1585 853 1743 883 dioecesis,
1769 852 1960 879 benedicitur.
1981 851 2065 887 (Rae.
2089 851 2137 884 46,
2159 860 2183 879 c.
2202 851 2266 885 319,

1256 904 1275 930 f.
1293 903 1325 930 62
1343 904 1394 934 vo.)

1303 1006 1469 1034 Venerabili
1492 1006 1589 1041 fratri
1606 1026 1625 1033 ..
1643 1005 1776 1042 episcopo
1795 1004 1950 1034 Theatzssno.
1974 1003 2117 1033 Vacante
2139 1011 2271 1034 monas-

1259 1059 1335 1088 terio
1351 1058 1459 1088 Sancti
1476 1057 1636 1087 Johannis
1654 1057 1693 1086 de
1709 1056 1891 1087 Colimento
1905 1080 1910 1092 ,
1928 1056 1968 1086 ad
1984 1064 2152 1087 romanam
2170 1055 2271 1087 eccle-

1257 1112 1336 1141 siam
1369 1111 1458 1141 nullo
1489 1111 1594 1141 medio
1628 1111 1827 1150 pertinente,
1864 1109 1988 1140 ordinis
2018 1109 2050 1140 S.
2081 1109 2268 1149 Benedicti,

1257 1164 1444 1204 Aquilensis
1468 1164 1640 1201 dioecesis,
1672 1173 1728 1203 per
1750 1167 1887 1194 mortem
1916 1163 1966 1199 B„
1994 1167 2186 1201 conventus,
2215 1171 2271 1203 per

1256 1219 1343 1248 viam
1364 1218 1585 1256 compromissi
1608 1217 1801 1257 procedens,
1828 1241 1847 1246 ..
1871 1217 2018 1256 episcopo
2043 1215 2215 1256 Aquilensi
2241 1220 2273 1248 et

1256 1273 1346 1302 fratri
1367 1272 1558 1307 Thomasio,
1576 1271 1654 1302 dicti
1673 1271 1861 1302 monasterii
1879 1271 2057 1309 monacho,
2079 1269 2272 1310 providendi

1256 1326 1317 1365 ipsi
1338 1325 1535 1356 monasterio
1559 1325 1598 1355 de
1623 1325 1736 1355 abbate
1758 1328 1944 1363 potestatem
1971 1323 2172 1354 unanimiter
2193 1332 2272 1354 con—

1256 1380 1369 1409 cessit.v
1386 1379 1526 1409 Praesati
1550 1383 1657 1409 autem
1681 1378 1849 1417 episcopus
1874 1383 1904 1408 et
1929 1377 2122 1408 Thomasius
2140 1378 2272 1408 fratrem

1256 1433 1389 1462 Petrum
1416 1432 1587 1469 Matthaei,
1617 1436 1692 1461 tnnc
1721 1431 1917 1461 monachum
1944 1431 2132 1462 monasterii
2157 1439 2272 1470 supra·-

1255 1486 1347 1523 dicti,
1370 1486 1630 1521 subdiaconum,
1662 1485 1809 1515 abbatem
1845 1485 2028 1523 elegerunt,
2065 1484 2272 1516 electionem-

1256 1548 1318 1578 que
1342 1539 1393 1569 B..
1422 1539 1631 1569 Penestrinus
1654 1539 1842 1577 episcopus,
1867 1542 1942 1568 tnnc
1961 1539 1996 1568 in
2022 1546 2122 1576 regno
2143 1537 2273 1568 Siciliae

1256 1592 1447 1631 apostolicae
1465 1592 1552 1622 sedis
1567 1591 1702 1630 legatus,
1721 1592 1940 1628 confirmavit3
1959 1591 2014 1622 sed
2031 1591 2118 1621 idem
2135 1590 2270 1630 legatus,

1256 1650 1357 1676 morte
1371 1651 1562 1685 praeventus
1573 1671 1580 1684 ‚
1600 1645 1838 1676 benedictionis
1855 1655 1975 1675 munus
1991 1645 2097 1675 abbati
2112 1644 2273 1684 praedicto

1257 1699 1332 1730 dare
1349 1708 1415 1730 non
1430 1701 1542 1739 potuit.
1557 1700 1664 1736 Quare
1678 1723 1697 1728 ..
1712 1699 1857 1738 episcopo
1874 1698 2033 1729 Theatino
2045 1698 2179 1728 mandat
2193 1706 2274 1738 papa

1256 1758 1291 1784 ut
1308 1754 1447 1793 praefato
1464 1754 1559 1784 Petro
1574 1753 1657 1783 illud
1674 1753 1908 1783 benedictionis
1925 1761 2046 1782 munus
2061 1752 2239 1791 impendat.

1303 1820 1315 1834 ι
1333 1807 1466 1837 Dudum
1482 1806 1676 1837 monasterio
1692 1806 1801 1836 Sancti
1823 1805 2022 1836 Johannis...
2040 1822 2080 1827 —
2096 1805 2170 1836 Dat.
2189 1805 2274 1846 apud

1258 1860 1538 1895 Urbemveterem,
1554 1869 1576 1889 11
1593 1859 1748 1890 kalendas
1760 1859 1854 1898 julii,
1872 1867 1958 1889 anuo
1974 1862 2099 1898 quarto.
2119 1871 2133 1886 »

1329 2025 1586 2054 εικῆ-5495
1834 2024 1967 2060 Orvieto,
1984 2025 1998 2052 4
2012 2025 2108 2060 Juitlet
2123 2019 2202 2054 12'91.

1294 2089 1504 2124 Indulgentiae.
1521 2087 1604 2122 (Rae.
1623 2088 1666 2119 46,
1683 2095 1708 2115 c.
1726 2087 1788 2122 3⁶20,
1804 2088 1824 2114 s.
1842 2087 1876 2115 63
1892 2090 1940 2121 τῦ.)

1303 2192 1454 2221 Universis
1477 2190 1591 2221 Christi
1611 2191 1750 2228 fidelibus
1765 2194 1917 2228 presentes
1940 2191 2059 2221 litteras
2080 2192 2272 2230 inspecturis.

1258 2244 1501 2282 Indulgentiam
1520 2243 1617 2273 unius
1633 2243 1714 2273 anni
1731 2248 1761 2273 et
1778 2253 1817 2273 xc
1833 2244 1960 2274 dierum
1977 2244 2122 2275 concedit
2138 2245 2274 2284 visitan-

1259 2299 1342 2328 tibus
1361 2297 1528 2328 ecclesiam
1548 2297 1736 2327 monasterii
1753 2297 1862 2327 Sancti
1877 2297 2029 2328 Andreae
2046 2298 2274 2338 Vercellensis‚

1258 2352 1292 2382 in
1309 2351 1455 2391 ejusdem
1472 2351 1574 2381 sancti
1587 2355 1618 2381 et
1633 2354 1769 2390 quatuor
1779 2351 1889 2381 beatae
1904 2351 2024 2382 Mariae
2034 2351 2271 2391 festivitatibus,

1259 2415 1314 2445 per
1329 2409 1398 2436 octo
1420 2405 1487 2435 dies
1506 2409 1677 2443 sequentes
1693 2409 1723 2434 et
1739 2405 1775 2434 in
1790 2404 2014 2435 anniversario
2031 2405 2082 2435 die
2100 2405 2272 2437 dedicatio-

1259 2459 1311 2488 nis
1327 2459 1471 2498 ejusdem
1486 2458 1649 2488 ecclesiae.

1301 2526 1314 2539 «
1335 2513 1409 2543 Vite
1426 2513 1574 2552 perennis
1592 2512 1731 2551 gloria...
1748 2528 1789 2535 —
1803 2512 1876 2542 Dat.
1895 2512 1981 2552 apud
1999 2513 2272 2552 Urbemveterem,

1260 2577 1307 2597 1111
1324 2575 1424 2597 nonas
1438 2566 1534 2605 julii,
1552 2574 1638 2596 anno
1654 2570 1778 2605 quarto.
1799 2578 1811 2593 κ

1847 2646 1975 2679 Orvieto‚
1991 2645 2025 2674 27
2042 2647 2108 2682 juin
2124 2646 2203 2675 1291.

1301 2710 1336 2739 In
1363 2719 1390 2740 e.
1418 2719 1478 2747 m„
1502 2719 1559 2749 pro
1579 2710 1713 2740 ecclesia
1736 2709 1926 2741 monasterii
1953 2710 2070 2740 Beatae
2092 2710 2215 2741 Mariae
2236 2710 2277 2742 de

1260 2764 1419 2802 Peri-exo,
1437 2764 1660 2794 Cisterciensis
1676 2763 1802 2794 ordinis
1815 2787 1822 2801 ,
1841 2763 2086 2802 Andegavensis
2101 2763 2255 2795 dioecesis
2266 2789 2273 2802 ‚

1259 2818 1293 2847 in
1315 2822 1452 2856 quatuor
1474 2817 1619 2856 ejusdem
1642 2817 1799 2855 virginis,
1824 2817 1857 2848 S.
1881 2816 2041 2848 Johannis
2065 2816 2226 2857 Baptistae
2246 2821 2276 2849 et

1259 2871 1292 2901 S.
1311 2871 1399 2902 Petri
1416 2871 1550 2910 apostoli
1566 2871 1811 2909 festivitatibus,
1828 2875 1900 2906 etc.,
1919 2874 1955 2901 ut
1973 2879 2080 2910 supra.
2101 2871 2174 2902 Dat.
2191 2872 2277 2912 apud

1260 2924 1525 2955 Urbemveterem
1537 2948 1545 2962 ,
1566 2935 1586 2955 v
1603 2924 1758 2955 kalendas
1773 2923 1866 2964 julii,
1885 2931 1971 2954 anno
1988 2928 2112 2963 quarto.

1299 2979 1338 3008 In
1355 2987 1381 3009 e.
1400 2988 1458 3016 m.,
1476 2987 1531 3018 pro
1547 2978 1680 3009 ecclesia
1698 2978 1807 3009 Sancti
1824 2977 1911 3008 Petri
1930 2977 1970 3008 de
1986 2977 2096 3016 Curia,
2113 2977 2275 3010 Cenoma-
