2393 3496
175 367 230 396 7111
917 358 1151 390 REGISTRES
1174 357 1228 387 DE
1250 350 1434 386 NICOLAS
1457 357 1513 386 lv.

175 434 207 462 in
227 431 463 470 Assumptionis
479 431 586 459 beatae
604 429 720 458 Mariae
741 432 770 457 et
786 428 817 457 S.
832 426 993 456 Johannis
1013 425 1171 463 Baptistae

174 484 397 515 festivitatibus
418 488 447 512 et
463 492 517 521 per
536 486 603 511 octo
619 481 685 509 «lies
707 484 884 518 sequentes.
909 478 979 507 Dat.
1004 476 1087 516 apud
1108 476 1171 506 Ur-

174 538 396 570 bemveterem,
420 545 447 564 vi
466 534 615 563 kalendas
628 533 713 571 julii,
730 540 816 561 :iuno
835 534 958 569 quarto.

216 592 251 621 In
269 600 296 620 e.
311 600 365 624 m.,
381 598 435 627 pro
451 587 580 617 ecclesia
594 586 701 615 Sancti
718 585 846 614 Martini
859 584 896 614 de
908 583 1060 613 Fontanis
1076 592 1173 621 supra

175 645 314 679 Mavam,
332 640 557 672 Ambianensis
575 638 738 672 dioecesis,
757 638 789 667 in
809 637 1047 676 Assumptiouis
1063 636 1172 666 beatae

175 677 303 731 Mariae,
324 696 355 725 S.
372 694 530 724 Joliannis
555 692 710 730 Baptistae
735 695 765 720 et
783 690 816 720 S.
837 690 968 720 Martini
992 689 1172 719 festivitati-

174 750 241 785 bus,
259 755 330 783 etc,
351 751 381 776 ut
399 755 503 784 supra.

717 791 846 821 Orvieto,
866 790 1006 824 terjuillot
1024 789 1100 816 1291.

213 858 246 886 ln
269 866 295 885 e.
316 865 370 891 111.,
390 863 443 894 pro
464 854 594 884 ecclesia
616 853 800 883 monasterii
825 852 932 882 Sancti
953 851 1118 881 [saurentii
1139 851 1172 881 in

173 910 281 939 Yineis
302 908 506 946 Urbemtani,
525 908 556 936 in
576 907 666 936 tertia
682 906 841 936 dominica
858 905 1128 942 Quadragcsimae
1144 909 1174 935 et

171 963 261 992 tertia
289 962 340 991 die
366 966 434 1000 post
459 961 573 990 festum
601 959 854 990 Resurrectionis
878 958 1072 988 dominicae.
1099 958 1170 989 Dat.

169 1015 252 1054 apud
269 1015 543 1050 Urbemvetereni,
563 1014 708 1043 kalendis
723 1013 807 1052 julii,
825 1021 910 1042 anno
927 1017 1051 1050 quarto.

751 1093 876 1121 Orvieto,
893 1091 927 1118 22
942 1092 1006 1125 juin
1025 1091 1101 1118 1291.

212 1157 246 1186 In
265 1166 291 1186 e..
311 1166 366 1192 m.,
387 1164 439 1193 pro
460 1155 590 1185 ecclesia
609 1154 716 1184 Sancti
738 1153 843 1191 Egidii
864 1153 1033 1191 Burgensi‚
1052 1154 1086 1183 in
1105 1155 1174 1183 An-

171 1210 381 1239 nuntiationis
399 1209 505 1237 beatae
523 1208 653 1243 Mariae,
671 1208 702 1237 S.
723 1206 957 1237 Bai-tholomaei
975 1211 1004 1236 et
1019 1207 1050 1237 S.
1069 1207 1173 1245 Egidii

171 1262 404 1297 festivitatibus,
421 1270 476 1299 per
493 1266 560 1291 octo
579 1261 645 1290 dics
664 1264 832 1299 sequentes
851 1264 880 1290 et
896 1261 927 1290 in
947 1261 1174 1291 anniversario

168 1316 219 1345 die
238 1316 444 1345 dedicationis
461 1315 603 1353 ejusdem
620 1314 779 1344 ecclesiae.

210 1382 222 1393 κ
250 1369 328 1398 Loca
347 1373 528 1397 sanctorum
546 1368 730 1397 oninium...
748 1384 785 1388 —
804 1367 874 1396 Dat.
893 1367 976 1406 apud
995 1368 1173 1398 Urbemve-

172 1426 281 1457 terein,
299 1431 315 1450 x
337 1420 487 1450 kalendas
503 1419 589 1457 julii,
607 1428 692 1449 auno
711 1424 835 1458 quarto.
858 1432 871 1447 »

752 1499 878 1532 Orvieto,
901 1500 931 1527 13
943 1502 1007 1535 juin
1024 1502 1102 1529 129¹.

210 1564 245 1593 111
267 1572 294 1592 e.
319 1571 374 1598 m.,
400 1571 454 1600 pro
477 1561 609 1591 ecclesia
634 1563 743 1591 Sancti
767 1563 897 1593 Martini
914 1564 953 1593 de
969 1564 1077 1602 Ulmo,
1094 1566 1173 1596 Car-

169 1617 310 1647 notensis
323 1615 487 1651 dioecesis,
502 1615 534 1644 iu
547 1616 580 1645 S.
596 1616 738 1652 Martini7
755 1616 787 1646 S.
806 1617 912 1654 Egidii
929 1619 1171 1658 etAssumptio-

169 1670 220 1699 nis
232 1670 339 1699 beatae
354 1669 473 1698 Mariae
486 1669 710 1699 festivitatibus
725 1674 754 1699 et
764 1679 819 1708 per
832 1674 900 1700 octo
911 1670 979 1701 dies
991 1676 1171 1711 sequentes.

168 1723 240 1752 Dat.
258 1722 339 1759 apud
356 1722 616 1752 Urbemveterem
628 1745 635 1758 ,
652 1722 757 1752 idibus
770 1723 867 1761 junii,
886 1733 972 1754 anno
988 1730 1111 1764 quarto.

207 1776 244 1804 ln
264 1783 290 1804 e.
310 1783 365 1810 m.,
387 1783 440 1813 pro
462 1774 593 1804 ecclesia
617 1776 711 1804 castri
733 1775 772 1806 de
790 1775 1027 1816 Capitestagno‚
1048 1779 1172 1809 Narbo-

166 1828 275 1857 nensis
291 1827 452 1864 dioecesis,
471 1827 503 1856 in
521 1827 675 1858 honorem
699 1829 780 1858 beati
805 1829 962 1869 Stephani
977 1835 1180 1870 constructas

166 1881 200 1910 in
216 1880 359 1919 ejusdem
377 1881 477 1910 sancti
493 1885 522 1910 et
535 1882 774 1921 Assumptionis
791 1883 900 1913 beatae
915 1884 1035 1915 Mariae
1053 1886 1172 1917 festivi-

169 1934 293 1967 tatibus,
317 1943 371 1972 per
393 1938 459 1963 octo
484 1934 550 1964 dies
574 1940 743 1973 sequentes
764 1940 794 1966 et
816 1937 851 1965 iu
873 1938 1096 1969 anniversario
1120 1939 1174 1970 die

167 1987 374 2016 dedicationis
390 1987 532 2024 ejusdem
548 1988 711 2018 ecclesiae.

208 2053 220 2065 α
242 2040 329 2070 Licet
344 2041 370 2070 is
386 2040 462 2071 de...
480 2058 517 2062 —
537 2042 608 2071 Dat.
628 2047 780 2081 utsupra.
802 2056 814 2070 »

747 2124 877 2156 Orvieto,
894 2125 927 2152 ⁶27
940 2127 1004 2160 juin
1024 2127 1102 2155 1291.

211 2185 244 2213 111
267 2194 294 2215 e.
314 2194 369 2220 m.,
388 2194 442 2223 pro
463 2186 597 2216 ecclesia
616 2210 636 2216 ..
654 2188 825 2225 guardiani
843 2193 873 2219 et
891 2190 1026 2220 fratrum
1048 2191 1174 2222 ordinis

168 2237 328 2267 minorum
355 2238 392 2267 de
416 2240 530 2269 Sancto
554 2240 710 2270 Audet-io.
742 2241 916 2279 Burgensis
943 2243 1112 2283 dioecesis,
1138 2245 1174 2275 in

168 2295 302 2328 quatuor
322 2291 429 2320 beatae
453 2292 580 2328 Mariae,
603 2299 786 2324 sanctorum
808 2295 971 2326 Francisci
991 2302 1020 2327 et
1040 2299 1174 2329 Antonii

169 2349 197 2373 et
214 2349 339 2373 sanctae
351 2344 460 2374 Clarae
474 2346 698 2377 festivitatibus
715 2353 743 2377 et
756 2358 812 2387 per
826 2353 894 2380 octo
907 2350 976 2380 dies
993 2357 1172 2390 sequentes.

210 2410 221 2422 «
248 2397 402 2436 Splendor
420 2404 547 2436 paterne
562 2400 699 2437 glorie...
717 2419 755 2423 —
775 2403 844 2432 Dat.
863 2404 946 2442 apud
964 2396 1174 2436 Urbemvete-

168 2460 246 2485 rem,
266 2461 283 2479 v
303 2451 454 2481 kalendas
468 2452 552 2491 julii,
571 2463 656 2484 auno
676 2460 800 2493 quarto.
823 2468 835 2482 ›)

210 2504 244 2533 lu
269 2514 294 2533 e.
314 2514 370 2539 m.,
389 2514 444 2543 pro
470 2507 600 2537 coelesia
629 2508 742 2539 domus
766 2510 899 2540 fratrum
920 2512 1174 2550 praedicatorum

171 2558 357 2595 l'turgensis,
378 2558 409 2586 in
429 2559 695 2590 Annuntiationis
717 2562 826 2592 beatae
851 2563 972 2594 Mariae
995 2568 1025 2594 et
1047 2569 1174 2596 saucto-

170 2619 239 2639 rum
267 2610 423 2640 Domiuiei
449 2616 478 2640 et
501 2613 582 2643 Petri
608 2615 760 2654 martyris
785 2616 1022 2654 festivitatibus,
1046 2623 1118 2657 etc.‚
1141 2625 1176 2650 ut

169 2672 275 2701 snpra.

753 2709 880 2744 Orvicto,
898 2710 929 2737 ‘2²3
943 2711 1007 2745 juin
1025 2712 1103 2740 1291.

211 2766 246 2795 111
271 2774 297 2795 e.
319 2775 375 2802 m.,
396 2775 449 2805 pro
466 2767 598 2798 ecclesia
617 2793 636 2799 ..
654 2771 825 2808 guardiam
843 2777 874 2802 et
894 2773 1028 2804 fratrum
1052 2775 1176 2806 ordinis

169 2818 332 2848 minorum
363 2819 625 2859 Pistorieusium,
660 2824 691 2852 in
724 2830 861 2864 quatuor
894 2826 1003 2857 beatae
1036 2828 1173 2865 Mariae,

170 2872 201 2901 S.
227 2872 404 2908 francisci,
430 2873 461 2903 S.
488 2876 619 2905 Antonii
643 2881 672 2906 et
693 2878 800 2909 beatae
823 2879 945 2910 Mariae
966 2881 1176 2920 Magdalenae

169 2925 395 2955 festivitatibus
416 2931 445 2955 et
467 2936 520 2965 per
540 2933 607 2959 octo
628 2930 694 2960 (lies
715 2937 896 2970 sequentes.
919 2934 990 2964 Dat.
1007 2935 1091 2974 apud
1112 2936 1174 2966 Ur-

168 2977 394 3015 bemveterem,
414 2989 430 3008 x
447 2979 599 3011 kalendas
613 2982 698 3021 julii¹
716 2993 802 3015 anno
818 2991 943 3024 quarto.

212 3031 246 3060 111
267 3041 293 3061 e.
313 3041 368 3070 m.,
389 3041 443 3071 pro
463 3033 594 3064 ecclesia
615 3059 632 3064 ,.
653 3037 822 3074 guardiani
840 3043 871 3070 et
891 3040 1025 3070 fratrum
1050 3041 1175 3072 ordinis

1254 423 1416 451 minorum
1433 422 1646 457 Lucanorum,
1663 422 1694 451 in
1708 426 1844 460 quatuor
1855 422 1963 452 beatae
1978 422 2107 459 Mariae,
2122 422 2154 453 S.
2168 422 2264 453 Fran·

1254 475 1331 505 cisci
1349 479 1379 505 et
1399 474 1432 506 S.
1454 475 1589 505 Antonii
1608 475 1852 510 festivitatibus,
1872 479 1930 505 etc.

1296 540 1308 553 α
1331 528 1414 558 Licet
1430 529 1456 558 is
1471 528 1548 558 de...
1567 545 1604 550 —
1622 528 1693 558 Dat.
1713 532 1869 566 utsupra.
1891 541 1904 554 »
1921 527 2074 568 (Pom-n„
2092 528 2218 568 23710.)

1845 608 1972 641 Orvieto,
1990 609 2022 636 ‘27
2034 609 2098 644 juin
2116 609 2194 637 1291.

1296 671 1334 700 In
1351 679 1378 701 e.
1400 679 1455 705 m.,
1476 679 1532 709 pro
1549 670 1684 701 ecclesia
1699 670 1809 701 Sancti
1827 671 1958 701 Martini
1979 672 2146 709 Ber-gensi,
2166 671 2266 702 Mori-

1256 724 1366 753 nensis
1389 723 1556 760 dioecesis,
1581 723 1617 753 in
1641 723 1786 762 ejusdem
1808 724 1924 760 sancti,
1947 724 1980 754 S.
2001 724 2162 755 Johannis
2184 725 2268 764 Bap-

1256 776 1347 806 tistae
1365 781 1395 806 et
1406 777 1646 815 Assumptionis
1661 777 1771 807 beatae
1787 777 1908 807 Mariae
1924 777 2150 808 festivitatibus
2166 782 2197 808 et
2213 786 2268 817 pei·

1255 833 1322 859 octo
1341 829 1409 858 dies
1424 834 1606 868 sequentes.

1298 894 1311 909 ιι
1333 882 1522 912 Sanctorum
1539 883 1663 913 meritis
1680 882 1831 913 inclita...
1848 900 1886 904 —
1903 883 1974 913 Dat.
1989 883 2072 921 apud
2093 883 2268 914 Urbemve-

1256 941 1367 970 terem,
1386 946 1405 966 v
1423 935 1578 966 kalendas
1590 936 1676 975 julii,
1695 945 1781 967 anno
1798 941 1920 975 quarto.
1941 948 1955 964 n
1975 937 2036 976 (En
2051 938 2180 975 margo.)

1297 990 1336 1019 In
1358 998 1385 1019 e.
1405 999 1462 1025 m.,
1488 998 1543 1029 pro
1562 989 1695 1020 ecclesia
1713 990 1901 1020 monasterii
1920 989 2029 1020 Sancti
2048 989 2207 1020 Leonardi
2229 988 2269 1021 de

1256 1042 1391 1079 Gliines‚
1411 1043 1605 1073 Morinensis
1623 1043 1788 1081 dioecesis,
1807 1043 1842 1073 in
1859 1043 2002 1082 ejusdem
2021 1044 2133 1075 sancti.
2151 1043 2184 1074 S.
2205 1043 2268 1074 Be·
2298 1044 2301 1046 ’

1256 1096 1374 1125 nedicti
1394 1100 1424 1125 et
1440 1096 1679 1135 Assumptionis
1695 1096 1805 1126 beatae
1823 1096 1944 1126 Mariae
1960 1096 2195 1134 festivitatibus,
2213 1105 2270 1135 pei·

1255 1154 1324 1180 octo
1344 1150 1413 1180 dies
1439 1154 1608 1189 sequentes
1631 1154 1661 1179 et
1684 1150 1719 1179 in
1740 1150 1966 1180 anniversario
1987 1150 2038 1180 die
2056 1149 2269 1180 dedicationis

1257 1204 1401 1241 eiusdem
1418 1203 1577 1234 ecclesiae.
1600 1203 1670 1233 Dat.
1693 1207 1727 1233 ut
1742 1212 1850 1242 snpra.
1867 1203 1970 1243 (lbtct.)

1841 1284 1974 1318 Orvieto,
1990 1283 2024 1310 (Ιί).
2035 1285 2100 1319 juin
2118 1283 2196 1312 1291.

1297 1347 1335 1376 In
1355 1355 1381 1376 e.
1403 1355 1459 1383 m.,
1476 1354 1533 1385 pro
1549 1346 1681 1376 ecclesia
1699 1346 1885 1377 monasterii
1901 1347 2010 1377 Sancti
2026 1346 2141 1376 Albini
2158 1345 2268 1376 Ande—

1257 1397 1423 1438 gavensis'‚
1443 1399 1478 1428 iu
1497 1398 1530 1429 S.
1549 1399 1661 1429 Albini
1678 1403 1708 1429 et
1724 1404 1859 1438 quatuor
1878 1399 1989 1429 beatae
2008 1400 2129 1430 Mariae
2145 1399 2269 1429 festivi-

1257 1453 1395 1489 tatibus,
1417 1461 1472 1491 per
1492 1453 1561 1482 octo
1580 1452 1647 1482 dies
1672 1457 1843 1491 sequentes
1863 1457 1894 1482 et
1913 1453 1948 1482 in
1972 1452 2196 1483 anniversario
2217 1452 2270 1483 die

1256 1505 1466 1535 dedicationis
1477 1505 1620 1545 ejusdem
1631 1505 1792 1536 ecclesiae.
1807 1506 1880 1536 Dat.
1892 1505 1976 1544 apud
1990 1505 2268 1544 Urbemveterem,

1256 1568 1275 1588 x
1291 1558 1444 1588 kalendas
1460 1558 1542 1598 julii,
1562 1567 1648 1589 anno
1667 1563 1791 1600 quarto.
1811 1558 1917 1598 (thid.)

1298 1613 1336 1642 In
1362 1621 1389 1642 e.
1415 1622 1472 1647 m.,
1495 1620 1551 1651 pro
1572 1611 1706 1642 ecclesia
1732 1613 1918 1642 monasterii
1946 1612 2061 1642 Beatae
2084 1613 2206 1643 Mariae
2229 1612 2269 1644 de

1257 1665 1397 1696 Caritate
1411 1666 1669 1704 Andegavensis.
1684 1665 1788 1705 (thid.)

1296 1719 1336 1748 Iu
1348 1729 1374 1749 e.
1388 1728 1446 1754 m.,
1462 1728 1519 1758 pro
1531 1719 1709 1749 cathedrali
1721 1719 1855 1750 ecclesia
1867 1719 2106 1758 andegavensi,
2124 1720 2160 1750 in
2176 1727 2270 1751 sanc-

1257 1778 1363 1803 torum
1383 1773 1532 1810 Mauriti,
1556 1772 1702 1803 Maurilii
1726 1777 1757 1803 et
1778 1773 1894 1803 Renati
1919 1773 2144 1804 festivitatibus
2163 1777 2194 1804 et
2214 1782 2271 1813 per

1255 1831 1324 1858 octo
1343 1826 1412 1857 dies
1430 1831 1611 1866 sequentes,
1629 1830 1700 1863 etc„
1720 1830 1754 1856 ut
1769 1835 1878 1866 supra.
1895 1826 2002 1866 (Ibid.)

1837 1907 1964 1939 Orvieto,
1983 1907 1998 1935 3
2010 1908 2106 1943 juillet
2119 1907 2198 1936 1291.

1298 1973 1336 2001 In
1361 1981 1388 2001 e.
1412 1980 1470 2007 m.,
1491 1979 1547 2009 pro
1568 1969 1702 2000 ecclesia
1723 1970 1825 2000 sancti
1848 1969 2010 2000 Germerii
2029 1969 2068 2000 de
2089 1970 2182 2000 Forte
2197 1968 2271 2001 Gal-

1258 2025 1351 2063 valle‚
1369 2024 1568 2055 Tholosanae
1581 2023 1748 2060 dioecesiS,
1762 2024 1795 2053 in
1813 2023 1957 2062 ejusdem
1975 2024 2078 2054 sancti
2092 2027 2123 2054 et
2133 2027 2271 2064 quatuor

1257 2081 1366 2110 beatae
1390 2079 1510 2109 Mariae
1533 2078 1759 2108 festivitatibus
1782 2081 1812 2107 et
1832 2086 1889 2116 per
1909 2082 1977 2108 octo
1997 2077 2066 2108 dies
2087 2081 2268 2117 sequentes.

1300 2146 1313 2161 «
1332 2134 1413 2164 Loca
1429 2137 1612 2163 sanctorum
1630 2131 1816 2162 omnium...
1834 2149 1871 2152 —
1890 2131 1961 2161 Dat.
1984 2131 2069 2170 apud
2089 2131 2270 2162 Urbemve-

1259 2192 1369 2224 terem⁷
1387 2196 1406 2216 v
1422 2195 1523 2216 nonas
1538 2185 1624 2224 julii,
1643 2193 1729 2215 anno
1745 2188 1869 2224 quarto.
1891 2197 1904 2212 »
1925 2184 2028 2224 (Ibid.)

1843 2264 1975 2297 Orviet0,
1991 2264 2025 2292 26
2038 2264 2103 2299 juin
2120 2263 2197 2294 1291.

1298 2331 1335 2360 In
1360 2339 1386 2360 e.
1412 2338 1470 2366 m.,
1493 2336 1548 2367 pro
1571 2327 1704 2358 ecclesia
1726 2328 1841 2358 Beatae
1863 2327 1981 2357 Mariae
1997 2326 2208 2365 Magdalenae
2230 2326 2270 2357 de

1257 2385 1403 2420 Matiaoo,
1431 2382 1626 2412 parisiensis
1652 2381 1819 2417 dioecesis,
1850 2381 1883 2410 in
1912 2381 2058 2419 ejusdem
2086 2375 2213 2410 sanctae
2239 2383 2271 2410 et

1257 2442 1394 2477 quatuor
1417 2437 1526 2466 beatae
1548 2435 1667 2465 Mariae
1688 2434 1928 2470 festivitatibus,
1950 2442 2006 2472 per
2032 2437 2101 2464 octo
2128 2433 2197 2463 dies
2217 2441 2267 2464 se-

1257 2496 1391 2531 quentes
1422 2495 1452 2520 et
1482 2489 1517 2519 in
1549 2488 1769 2518 anniversario
1800 2487 1851 2517 die
1883 2487 2093 2518 dedicationis
2123 2485 2269 2525 ejusdem

1258 2545 1422 2576 ecclesiae.

1300 2611 1313 2626 «
1333 2599 1522 2629 Sanctorum
1540 2595 1662 2625 meritis
1678 2594 1827 2625 inclita...
1845 2611 1884 2615 —-
1900 2594 1971 2624 Dat.
1989 2593 2074 2633 apud
2093 2593 2270 2624 Urbemve-

1258 2657 1369 2688 terem,
1390 2661 1420 2680 vi
1437 2649 1589 2680 kalendas
1603 2648 1687 2687 julii,
1708 2657 1794 2678 anno
1808 2636 1933 2687 quarto.
1952 2659 1966 2675 n
1985 2646 2090 2687 (Ibid.)

1329 2825 1440 2854 5481
1839 2819 1970 2850 Orvieto,
1986 2818 2020 2846 29
2035 2818 2098 2853 juin
2117 2817 2195 2845 1291.

1292 2889 1459 2915 Tei-minum
1477 2887 1547 2913 infra
1564 2893 1650 2921 quem
1668 2884 1762 2911 Adam
1780 2882 1815 2910 de
1832 2882 1989 2912 Dussiaco,
2007 2880 2117 2907 electus
2132 2879 2269 2908 Cusenti-

1257 2945 1322 2970 nus,
1339 2936 1503 2964 consecrari
1519 2935 1776 2969 debet‚,p1·orogat.
1796 2931 1878 2964 (Rau.
1895 2930 1939 2959 46.
1959 2937 1984 2956 c.
2003 2928 2064 2961 312,
2080 2929 2099 2956 f.
2115 2928 2150 2956 62
2165 2929 2215 2961 1⁸⁰.)

1297 3041 1357 3071 Ade
1380 3041 1413 3069 de
1439 3040 1590 3075 Dussiaco,
1614 3038 1701 3067 electo
1727 3035 1899 3066 Cusentino.
1927 3044 1941 3060 «
1967 3031 2176 3063 Promerente
2202 3034 2267 3061 tam
