2393 3496
217 318 273 347 804
963 314 1197 345 REGISTRES
1220 314 1274 343 DE
1298 313 1481 343 NICOLAS
1505 315 1560 344 IV.

217 384 397 414 [amitalem
419 383 565 413 concedit
586 381 792 421 dispensandi
813 389 885 410 cum
907 380 1030 410 clericis
1053 380 1220 410 Salzebur-

216 437 323 474 gensis
338 436 492 466 dioecesis
508 436 574 474 qui,
588 434 741 464 beneficia
758 442 830 462 cum
844 441 920 462 cura
933 432 1117 461 animarum
1134 440 1220 461 asse-

215 490 292 525 cuti,
312 490 393 519 infra
412 497 533 518 annum
553 487 790 525 presbyteratus
805 485 952 515 ordinem
966 493 1220 523 nonassumpse-

216 549 300 575 runt.

257 610 269 624 α
298 596 444 626 Exhibita
462 594 550 623 nobis
570 597 658 621 tua...
677 608 714 612 —-
739 591 808 620 Dat.
829 590 913 629 apud
935 591 1216 627 Urbemveterem,

216 660 270 679 vtn
291 648 442 679 kalendas
460 646 597 682 augusti,
615 652 701 674 anno
719 648 842 682 quarto.
864 656 878 670 »

283 845 398 874 597⁷

250 906 433 941 Dispensatio
443 914 531 940 super
542 905 655 932 defectu
668 905 814 931 natalium.
827 904 910 938 (Rae.
924 904 965 936 46,
979 913 1004 931 c.
1018 904 1076 935 478,
1091 904 1111 931 f.
1123 903 1156 931 93
1168 906 1219 937 νο.)

694 842 821 873 Orvieto‚
844 843 868 869 ll
889 842 1053 877 septembre
1072 841 1149 869 1291.

251 1025 367 1053 Enneco
385 1024 458 1060 Lupi
474 1024 507 1051 cle
526 1023 678 1060 Lombyer,
699 1023 843 1051 canonico
866 1022 982 1051 ecclesie
1003 1021 1220 1058 Pampilonen-

212 1078 264 1113 sis,
282 1077 401 1105 ordinis
417 1076 447 1104 S.
465 1076 639 1112 :lnynslitztss
661 1073 741 1104 Cum
761 1082 807 1109 eo,
826 1083 898 1103 cum
917 1082 980 1112 quo
998 1075 1062 1112 jam
1080 1074 1140 1104 suit
1154 1073 1219 1103 dis-

213 1135 380 1169 pensatum
399 1134 448 1163 ut,
467 1137 530 1158 non
547 1128 691 1157 obstante
709 1127 832 1157 defectu
852 1127 1008 1156 natalium
1024 1136 1120 1166 quem
1140 1128 1220 1166 pati-

215 1188 278 1220 tur,
302 1183 339 1212 de
355 1182 549 1211 subdiacono
567 1181 695 1219 genitus
714 1185 743 1210 et
761 1181 880 1218 soluta,
902 1180 940 1210 ad
958 1189 1071 1211 omnes
1091 1181 1219 1211 ordines

211 1235 390 1274 promoveri
407 1239 437 1263 et
453 1234 645 1263 benelifflum
661 1234 909 1263 ecclesiasticum
925 1233 1070 1263 obtinere
1086 1233 1218 1269 valeret,

211 1289 330 1327 quique
350 1288 428 1317 adeo
451 1297 483 1316 se
506 1287 590 1325 juris
616 1287 765 1316 canonici
784 1287 888 1317 studio
908 1285 1056 1316 sedulum
1082 1286 1220 1316 reddidit

211 1342 296 1381 quod
313 1342 345 1371 in
358 1350 393 1370 eo
409 1340 613 1370 laudabiliter
625 1340 794 1378 proficiens
808 1339 1050 1378 Pampilonensi
1066 1339 1219 1370 ecclesiae

213 1395 246 1424 in
265 1394 428 1425 ostialatus
443 1393 545 1423 officio
561 1393 685 1422 diutius
707 1392 856 1429 servivit,
875 1402 985 1422 rursus
1006 1393 1169 1432 dispensat
1184 1397 1219 1422 ut

212 1449 307 1478 etiam
326 1452 528 1487 personatum
546 1446 595 1476 vel
611 1446 802 1484 dignitatem
819 1445 1078 1483 ecclesiasticam,
1097 1446 1220 1485 episco-

211 1501 274 1540 pali
291 1501 444 1538 dignitate
461 1504 599 1537 excepta,
618 1500 757 1537 recipere
774 1499 881 1537 possit.

253 1567 266 1581 ιι
292 1555 453 1584 Virtutum
471 1554 585 1584 merita
604 1562 813 1583 numerare...
829 1569 870 1575 —
891 1553 961 1583 Dat.
979 1553 1061 1592 apud
1080 1554 1218 1584 Urbem·-

213 1613 359 1643 veterem,
379 1618 411 1637 ιιι
432 1607 504 1637 idus
521 1606 720 1646 septembris,
738 1615 823 1636 anno
840 1611 963 1645 quarto.
982 1619 997 1633 »

282 1808 400 1837 5978

247 1871 380 1897 Facultas
408 1870 573 1896 conserendi
608 1870 808 1897 tabellionatus
837 1870 960 1897 officium
989 1871 1038 1897 uni
1067 1878 1217 1905 personae.

211 1920 292 1951 (Reo.
310 1920 351 1951 46,
370 1928 395 1946 c.
413 1919 472 1950 479,
490 1919 508 1946 f.
525 1919 558 1946 03
575 1920 626 1951 vo.)

685 1807 810 1838 Orvieto,
832 1808 868 1833 1⁶¹
883 1807 1047 1842 septembre
1066 1807 1143 1835 1291.

251 2038 382 2075 Roberto,
399 2037 595 2065 Ballioniensi
610 2036 752 2074 episcopo.

251 2102 264 2117 ι
291 2090 333 2119 Ex
351 2094 437 2128 parte
453 2094 541 2119 tua...
561 2106 599 2110 —
618 2089 689 2118 Dat.
706 2089 791 2128 apud
810 2089 1085 2125 Urbemveterem‚
1103 2089 1217 2120 kalen-

210 2143 259 2173 dis
275 2142 474 2181 septembris.
494 2150 579 2172 anno
594 2146 716 2180 quarto.
736 2154 749 2169 ι

279 2335 532 2363 zava-5984

248 2383 426 2422 Patriarcbae
439 2396 621 2422 Antiocheno
634 2397 789 2430 pensiones
800 2405 911 2424 annuas
921 2398 1061 2432 assignat.
1077 2397 1159 2431 (Rae.
1172 2397 1216 2429 46,

210 2453 236 2472 c.
253 2445 318 2476 480,
337 2445 355 2471 f.
373 2444 404 2471 93
421 2446 471 2476 νῦ.)

712 2333 838 2366 Orvieto,
856 2336 871 2361 5
886 2335 1050 2370 septembre
1067 2335 1147 2364 ¹291.

259 2561 423 2589 Venerabili
436 2562 530 2596 fratri
545 2561 590 2597 0.,
604 2562 780 2598 patriarche
792 2563 986 2598 Antiocheno,
1004 2561 1218 2601 patriarchatu

211 2613 414 2643 Antiocheno
430 2623 484 2652 per
501 2614 692 2644 Sarracenos
708 2614 850 2653 spoliato,
867 2615 1055 2654 pensionem
1074 2623 1218 2645 annuam

209 2666 522 2705 quadringentarum
549 2666 704 2696 librarum
734 2669 957 2698 turonensium
982 2676 1154 2707 parvorum
1180 2668 1219 2698 de

210 2720 416 2758 proventibus
439 2720 507 2749 sive
527 2720 619 2750 bonis
637 2721 783 2751 omnium
805 2722 1075 2752 monasteriorum
1096 2721 1219 2752 Cister-

211 2773 329 2803 ciensis
340 2773 463 2803 ordinis
475 2773 669 2812 ubicumque
678 2775 854 2805 consistant
865 2775 1104 2815 percipiendam
1115 2776 1220 2815 quoad

211 2826 326 2856 vixerit
342 2826 495 2864 assignat.

252 2891 264 2905 ι
292 2871 341 2908 Ad
363 2879 421 2909 hoc
443 2888 540 2910 nos...
563 2897 601 2901 -
621 2881 691 2910 Dat.
711 2881 793 2919 apud
818 2882 1099 2920 Urbemveterem‚
1124 2883 1220 2913 nonis

210 2932 410 2971 septembriS,
429 2941 514 2963 anno
530 2938 652 2972 quarto.
674 2947 685 2959 ι·

252 2986 286 3014 ln
302 2995 328 3015 e.
347 2994 389 3016 m.
408 3007 426 3014 ..
444 2986 641 3016 mosam-ario
660 2987 852 3026 Bajocensis,
871 3012 889 3019 ..
907 2989 1029 3019 cantori
1046 2988 1219 3019 Meldensis

1304 383 1334 408 et
1353 401 1372 408 ..
1393 380 1568 417 praeposito
1586 379 1695 410 Sancti
1714 379 1888 410 Salvator-is
1903 380 1942 409 de
1960 379 2119 416 Lavania,
2135 380 2309 412 Januensis

1303 431 1471 467 dioecesis,
1490 431 1696 462 ecclesiarum
1725 432 1856 462 mandat
1880 436 1914 462 ut
1936 432 2094 470 praedicto
2112 432 2309 470 patriarchae

1307 485 1490 522 pensionem
1506 485 1698 523 praedictam
1711 486 1806 515 certis
1821 485 1889 516 loco
1905 490 1934 516 et
1951 486 2088 516 termino
2103 485 2240 524 persolvi
2253 495 2310 516 an-

1303 537 1354 566 nis
1370 537 1507 575 singulis
1525 538 1652 568 faciant.

1344 591 1381 620 In
1399 600 1425 620 e.
1444 600 1487 620 m.
1505 591 1608 621 eidem
1627 591 1825 630 patriarchae
1842 591 1980 621 similem
1998 592 2184 630 pensionem
2201 592 2240 624 de
2255 593 2310 624 bo-

1304 644 1355 672 nis
1381 644 1646 674 monasteriorum
1675 644 2043 674 Praemonstratensium
2074 644 2310 684 percipiendam

1303 697 1456 734 assignat.

1344 750 1379 778 In
1401 759 1426 779 e.
1447 759 1489 779 m.
1511 749 1678 788 praedictis
1695 750 1919 780 executoribus
1935 759 1990 789 pro
2008 750 2067 781 hac
2085 751 2250 790 pensione.

1344 804 1381 833 In
1400 813 1427 833 e.
1447 813 1488 833 m.
1510 826 1529 833 ..
1548 803 1654 833 abbati
1671 803 1812 834 Cistertii
1828 804 1961 843 ejusque
1977 805 2182 835 coabbatibus
2195 809 2226 835 et
2238 813 2313 836 con-

1304 857 1452 886 ventibus
1473 857 1633 887 universis
1657 858 1924 887 monasteriorum
1945 857 2167 888 Cisterciensis
2186 858 2312 891 ordinis

1305 910 1434 940 mandat
1451 915 1484 939 ut
1502 911 1692 949 praedictam
1714 911 1901 949 pensionem
1921 911 2110 948 persolvant.

1344 964 1381 993 In
1399 974 1427 993 e.
1447 974 1490 994 m.
1512 988 1531 993 ..
1549 965 1653 994 abbati
1674 964 1983 994 Praemonstratensi
2002 965 2134 1004 ejusque
2149 965 2311 996 coabbati-

1304 1017 1362 1047 bus
1379 1022 1408 1046 et
1423 1017 1636 1047 conventibus
1656 1018 1816 1047 universis
1834 1018 2100 1048 monasteriorum
2119 1018 2312 1050 Praemon's—

1304 1071 1451 1100 tratensis
1469 1071 1603 1101 ordinis.
2267 1068 2270 1072 ’

1375 1263 1627 1293 aasz-5981}

1342 1326 1520 1352 Patriarchae
1540 1326 1722 1352 Antiocheno
1739 1327 1895 1361 prioratum
1914 1326 2036 1354 Sanctae
2052 1326 2157 1354 Mariae
2172 1327 2208 1354 de
2222 1315 2318 1360 Tam,⁴

1304 1375 1485 1402 Placentinae
1501 1374 1654 1406 dioecesis,
1672 1375 1836 1402 committit.
1854 1375 1937 1408 (Rae.
1955 1375 1998 1409 46,
2016 1384 2042 1403 c.
2059 1376 2121 1410 48¹,
2138 1376 2158 1403 f.
2174 1375 2208 1403 9⁴
2222 1379 2270 1410 το.)

1807 1262 1934 1296 Orvieto,
1951 1264 1966 1290 5
1981 1264 2145 1299 septembre
2162 1263 2240 1292 ¹291.

1347 1491 1513 1521 Venerabili
1535 1493 1630 1527 fratri
1651 1492 1704 1527 0.‚
1723 1492 1898 1530 patriarche
1915 1493 2118 1529 Antiocheno,
2136 1492 2314 1531 prioratum

1303 1544 1437 1574 Sanctae
1457 1545 1577 1574 Mariae
1598 1544 1636 1574 de
1652 1544 1751 1581 Taro,
1769 1544 1977 1574 Placentinae
1998 1545 2165 1581 dioecesis,
2182 1545 2222 1575 ad
2242 1553 2312 1576 mo-

1303 1598 1480 1627 nasterinm
1499 1597 1537 1626 de
1558 1598 1724 1633 Bruxone,
1741 1597 1866 1627 ordinis
1883 1597 1915 1627 S.
1936 1598 2101 1628 Benedicti
2113 1622 2120 1634 ,
2137 1598 2314 1629 Januensis

1303 1651 1474 1687 dioecesis,
1495 1650 1588 1689 pleno
1608 1651 1680 1688 J'ure
1700 1655 1915 1689 spectantem,
1935 1650 1991 1689 qui
2013 1650 2255 1688 conventualis,
2277 1655 2314 1682 ut

1302 1704 1432 1741 dicitur,
1450 1712 1513 1733 non
1531 1708 1577 1733 est
1593 1708 1623 1732 et
1637 1703 1675 1732 ad
1692 1704 1784 1742 cujus
1799 1703 1944 1742 regimen
1963 1705 2128 1734 consuevit
2144 1713 2199 1743 per
2213 1704 2313 1735 abba-
2360 1719 2362 1722 ·

1304 1763 1366 1788 tem
1388 1767 1472 1787 unus
1495 1766 1531 1787 ex
1553 1757 1697 1795 ejusdem
1718 1757 1906 1786 monasterii
1928 1757 2094 1787 monachis
2119 1757 2263 1797 deputari
2283 1762 2335 1800 ειἲ

1302 1819 1358 1850 pro
1370 1810 1472 1849 ipsius
1485 1810 1618 1840 arbitrio
1630 1810 1784 1844 amoveri,
1802 1819 1874 1839 cum
1891 1810 2044 1840 omnibus
2057 1810 2185 1850 juribus
2200 1816 2230 1841 et
2242 1821 2312 1851 per-

1303 1864 1449 1894 tinentiis
1477 1864 1544 1902 ejus
1574 1863 1760 1898 committit,
1793 1863 1833 1893 ab
1862 1863 1930 1902 ipso
1959 1864 2063 1903 quoad
2093 1864 2208 1894 vixerit
2235 1865 2313 1895 reti-

1302 1917 1457 1947 nendum.

1344 1983 1358 1997 «
1376 1970 1466 2000 Circa
1484 1978 1650 2009 personam
1669 1974 1794 1999 tuam...
1813 1987 1849 1991 —
1867 1970 1937 2000 Dat.
1955 1974 1989 2000 ut
2005 1979 2111 2010 snpra.
2133 1983 2146 1998 ι»

1343 2025 1381 2054 In
1409 2033 1435 2053 e.
1464 2032 1507 2052 m.
1536 2046 1555 2053 ..
1580 2023 1756 2062 praeposito
1778 2022 1930 2054 ecclesiae
1947 2024 2054 2054 Sancti
2078 2023 2252 2055 Salvator-is
2273 2024 2313 2055 de

1303 2077 1455 2113 Lavania,
1465 2076 1642 2106 Januensis
1653 2076 1818 2114 dioecesis,
1836 2099 1856 2108 ..
1868 2077 2022 2115 magistro
2029 2077 2212 2108 scholarum
2222 2080 2252 2108 et
2260 2077 2313 2108 Ja-

1300 2131 1378 2161 cobo
1394 2131 1478 2161 dicto
1497 2130 1623 2167 Rubeo,
1639 2129 1794 2160 canonico
1808 2130 1984 2160 Jannensis
2001 2130 2164 2166 ecclesiae,
2181 2130 2314 2161 mandat

1303 2190 1336 2214 ut
1353 2184 1550 2223 praedictum
1567 2183 1781 2222 patriarcham
1799 2183 1848 2213 vel
1867 2184 1936 2222 ejus
1952 2189 2189 2222 procuratorem
2201 2185 2235 2214 in
2246 2193 2314 2216 cor-

1302 2237 1441 2278 poralem
1461 2237 1692 2276 possessionem
1709 2237 1867 2275 prioratus
1883 2236 1972 2267 illius
1988 2237 2156 2268 inducant.
2189 2268 2192 2271 Δ

1343 2304 1357 2318 «
1377 2291 1468 2321 Circa
1484 2298 1651 2329 personam
1670 2289 1816 2320 dilecti...
1833 2307 1872 2312 -
1889 2290 1959 2320 Dat.
1978 2294 2013 2320 ut
2028 2299 2134 2330 supra.
2155 2302 2168 2318 ι

1373 2489 1488 2518 598ἵ

1339 2551 1471 2578 Facultas
1486 2551 1609 2586 eligendi
1626 2550 1821 2577 confessores.
1839 2550 1921 2584 (Rae.
1939 2550 1981 2582 46,
1999 2559 2025 2579 c.
2043 2550 2102 2583 482,
2119 2551 2140 2579 f.
2155 2551 2189 2579 94
2205 2552 2257 2584 vo.)

1783 2488 1915 2519 Orvieto,
1934 2487 1966 2515 12
1981 2489 2145 2524 septembre
2160 2488 2240 2518 1291.

1321 2690 1329 2697 .
1342 2667 1464 2697 Dileclis
1479 2667 1555 2704 filiis
1570 2667 1702 2705 capitulo
1719 2667 1834 2696 ecclesie
1849 2666 1957 2695 Sancti
1971 2666 2100 2696 Martini
2119 2666 2310 2703 Turonensis,

1302 2722 1341 2750 ad
1364 2730 1525 2750 romanam
1548 2721 1700 2750 ecclesiam
1725 2721 1811 2750 nullo
1833 2720 1930 2749 medio
1947 2721 2148 2758 pertinentis,
2168 2719 2314 2750 concedit

1303 2779 1348 2812 ut,
1368 2774 1516 2813 quotiens
1533 2774 1673 2803 viderint
1695 2773 1859 2813 expedire,
1881 2777 1942 2802 tres
1965 2772 2095 2802 idoneos
2111 2772 2312 2812 presbyteros

1303 2827 1434 2865 eligant,
1453 2827 1507 2866 qui
1524 2828 1665 2866 ipsorum
1682 2831 1712 2856 et
1727 2825 1976 2865 capellanorum,
1996 2825 2205 2863 vicariorum,
2222 2825 2312 2856 cleri-

1302 2890 1412 2911 corum
1432 2886 1460 2910 et
1481 2881 1689 2910 familiarium
1708 2888 1818 2910 eorum
1835 2879 2051 2910 consessiones
2069 2878 2214 2910 audiant.

1348 2947 1360 2961 ‹
1376 2935 1550 2965 Consuevit
1562 2934 1732 2973 apostolica
1749 2933 1877 2964 sedes...
1891 2950 1928 2955 —
1946 2932 2018 2963 Dat.
2035 2932 2119 2971 apud
2136 2932 2314 2964 Urbemve-

1303 2991 1413 3024 terem,
1433 2997 1453 3017 11
1471 2988 1541 3018 idus
1559 2987 1760 3027 septembris,
1776 2995 1863 3017 anno
1878 2989 2000 3025 quarto.
2020 2998 2032 3012 ι
