2393 3496
0 1948 10 2178 —fl—A—m-
2 1795 8 1943 -—„—„—

886 357 1098 389 REGISTRE
1120 347 1336 389 CAME'RAL.

71 434 150 465 cives
164 428 319 464 Gaietani,
335 427 588 466 quadringentos
602 427 763 465 octoginta
779 427 923 465 quinque
934 426 1070 455 florenos

70 485 148 522 auri,
172 491 248 522 quos
269 491 287 511 a
307 480 487 511 Cantellino
509 480 662 517 Cantelli,
680 481 748 510 cive
770 484 799 510 et
821 483 994 510 mercatore
1013 479 1068 508 Ja-

73 538 194 572 nuensi,
211 544 266 575 pro
282 543 408 565 camera
421 538 528 564 nostra
544 535 579 563 in
593 534 772 573 depositum
788 537 986 572 receperunt,
1005 541 1070 562 res-

74 593 182 624 tituere
194 589 275 619 dicte
285 596 409 617 camere
421 592 601 624 teneantur,
612 596 743 626 nosque,
754 587 793 617 de
803 586 956 617 fidelitate
965 585 1072 615 dilecti

73 645 130 677 filii
145 642 303 674 Johannis
322 641 481 671 Macharii
499 641 537 670 de
556 641 664 675 Urbe,
690 641 810 670 familie
830 644 935 670 nostre
950 648 1071 669 mares-

73 698 164 733 calci,
191 696 300 726 latoris
324 695 541 734 presentium,
570 695 787 730 confidentes,
819 694 924 732 ipsum
950 694 988 722 ad
1016 702 1072 723 vos

73 755 192 793 propter
202 749 261 779 hoc
272 747 450 787 specialiter
463 748 730 783 transmittamus,
749 747 952 777 universitati
969 751 1072 776 vestre

73 814 126 846 per
139 802 306 842 apostolica
320 802 435 840 scripta
456 800 647 830 mandamus
664 801 816 839 quatinus
833 801 935 830 eidem
952 809 1073 829 mares-

75 857 155 890 calco
176 856 313 895 predicte
328 864 453 884 camere
473 854 604 884 nomine
624 854 776 892 prefatam
795 854 931 892 pecunie
946 853 1072 892 quanti-

75 915 176 946 tatem,
195 907 317 938 sublato
335 916 423 937 more
443 907 623 945 dispendio,
650 905 742 944 plene
764 915 800 936 ac
823 906 922 935 libere
948 905 1072 935 restitui

74 963 228 995 faciatis...
260 961 332 990 Dat.
364 961 486 996 Rome,
511 959 594 998 apud
623 959 782 998 [Sanctam
809 959 945 988 Mariam
973 959 1073 996 Majo-

75 1015 187 1054 rem...]
199 1015 353 1054 januarii,
372 1013 575 1052 pontificatus
592 1013 692 1043 nostri
711 1021 797 1042 anno
815 1017 938 1051 quarto.
960 1024 970 1038 u

140 1215 252 1244 '2343

106 1276 240 1306 sichardo
255 1276 331 1303 dicto
347 1275 435 1302 Bocio
459 1275 576 1302 Roberti
598 1275 632 1301 de
648 1274 828 1301 Brictonorio
845 1275 919 1301 bona
943 1283 996 1300 sua
1013 1282 1075 1300 res-

75 1328 156 1357 tituit.
175 1325 244 1360 (Fol.
261 1325 294 1353 60
310 1327 362 1358 νο.)

412 1212 776 1246 Sainte-Marie-Majeure,
794 1213 808 1238 'A'
829 1220 905 1238 mars
924 1212 1000 1239 1292.

116 1429 280 1460 Venerabili
299 1428 395 1466 fratri
416 1428 454 1463 I.,
475 1429 606 1464 episcopo
624 1428 766 1462 Aretino,
792 1427 899 1455 rectori
919 1427 1076 1463 provincie

77 1483 253 1514 Romaniole.
277 1494 289 1508 α
312 1481 377 1510 Sua
402 1480 493 1509 nobis
514 1479 649 1509 dilectus
667 1479 753 1508 filius
773 1479 950 1508 Sichardus
973 1479 1076 1508 dictus

80 1536 190 1567 Bocius
212 1534 342 1564 Roberti
365 1534 403 1563 de
424 1533 635 1567 Brictonorio,
660 1533 771 1571 laycus
797 1532 1076 1570 Foropopuliensis

78 1588 218 1624 diocesis,
249 1587 399 1626 petitione
432 1586 624 1616 monstravit
647 1586 729 1624 quod
761 1585 951 1615 venerabilis
983 1586 1078 1615 frater

81 1646 181 1673 noster
199 1641 251 1676 G.,
271 1641 435 1679 episcopus
456 1639 668 1674 Mimatensis,
692 1643 767 1668 tuuc
785 1639 924 1668 decanus
947 1639 1079 1668 ecclesie

79 1695 276 1727 Carnotcnsis
289 1703 325 1724 ac
339 1698 440 1724 rector
457 1693 621 1732 provincie
634 1692 836 1729 Ronianiole,
852 1692 934 1722 bona
948 1692 1079 1722 illorum

81 1747 280 1788 quiGuidoni
292 1747 330 1776 de
344 1745 539 1776 Montefiltro
554 1747 686 1785 ejusque
697 1745 905 1784 complicibus
919 1745 951 1773 in
969 1745 1079 1775 eadem

80 1801 239 1841 provincia
254 1805 365 1831 contra
384 1808 553 1830 romanam
574 1799 742 1829 ecclesiam
759 1799 957 1828 adherebant
974 1799 1079 1828 eidem

81 1854 207 1886 ecclesie
224 1853 458 1884 sententialiter
475 1852 672 1887 confiscavit,
694 1861 810 1890 eosque
830 1852 958 1890 privans
978 1852 1079 1891 privi-

80 1907 179 1946 legiis,
196 1907 372 1938 honoribus
392 1910 421 1936 et
442 1906 544 1937 feudis
562 1905 759 1944 quibuslibet
774 1906 813 1935 de
832 1905 899 1943 ipsa
916 1905 1081 1944 provincia

79 1960 277 1992 forbandivit.
306 1960 512 1991 Postmodum
537 1968 611 1990 vero
634 1963 782 1997 suggesto
804 1959 906 1989 felicis
932 1959 1079 1989 recorda-

82 2013 171 2044 tionis
178 2013 317 2043 Martino
327 2021 406 2052 pape
417 2013 520 2051 1111c0,
535 2013 750 2052 predecessori
763 2017 881 2049 nostro,
895 2013 980 2051 quod
994 2013 1082 2043 idem

82 2066 192 2109 Bocius
207 2069 237 2096 et
252 2066 416 2105 quondam
433 2067 588 2104 Uguicio,
614 2066 710 2096 frater
728 2075 820 2103 suus,
838 2071 946 2096 contra
963 2066 1081 2096 dictam

81 2120 239 2152 ecclesiam
255 2120 447 2150 adheserant
458 2119 602 2150 Guidoni
614 2124 644 2149 et
654 2119 862 2159 complicibus
875 2119 1081 2158 supradictis,

80 2173 158 2204 bona
172 2183 233 2213 que
255 2174 383 2203 fuerant
402 2173 492 2203 Bocii
510 2178 541 2202 et
563 2173 755 2211 Uguicionis
770 2173 985 2212 predictorum
1002 2172 1082 2202 Gui-

81 2226 154 2257 doni
170 2227 252 2257 dicto
274 2226 394 2256 Minori
415 2226 453 2256 de
474 2225 627 2263 Poleam,
651 2230 727 2256 tnnc
750 2226 784 2255 iu
808 2225 961 2255 fidelitate
980 2225 1082 2265 ipsius

65 2279 206 2311 ‘ecclesie
223 2279 422 2319 persistenti,
443 2288 498 2319 per
518 2288 591 2309 suas
614 2280 808 2309 concessisse
827 2279 944 2309 dicitur
959 2279 1082 2309 litteras

82 2333 238 2372 speciales,
267 2341 303 2362 ac
329 2333 412 2363 bone
436 2332 591 2362 memorie
617 2332 668 2368 B„
696 2332 860 2370 episcopus
883 2332 1080 2368 Portuensis,

82 2388 154 2416 tunc
176 2386 210 2415 in
232 2386 373 2424 partibus
398 2385 467 2415 illis
486 2385 656 2424 apostolice
677 2385 762 2415 sedis
783 2384 918 2423 legatus,
943 2386 1083 2416 eundem

83 2437 256 2470 Guidonem
280 2438 315 2468 in
338 2438 534 2477 corporalem
555 2438 789 2477 possessionem
806 2438 965 2468 dictorum
984 2439 1083 2469 bono-

82 2501 151 2522 rum
165 2492 203 2522 de
216 2491 344 2531 speciali
360 2491 511 2522 mandato
528 2491 673 2530 ejusdem
692 2491 923 2529 predecessoris
941 2492 1081 2521 induxit.

83 2545 221 2586 Cumque
237 2545 353 2576 nobilis
369 2546 418 2575 vir
435 2546 547 2575 Petrus
564 2545 720 2584 Stephani
736 2545 774 2575 de
786 2545 884 2581 Urbe,
898 2545 1003 2575 denuo
1019 2555 1084 2576 rec-

83 2601 129 2629 tor
147 2599 264 2638 prefate
286 2599 460 2637 provincie,
478 2598 655 2637 predictum
678 2598 861 2628 Guidonem
878 2599 916 2628 de
938 2598 1083 2635 Polenta,

82 2655 203 2691 propter
219 2651 390 2682 nonnullas
405 2652 553 2687 offensas,
575 2651 724 2690 injurias,
745 2651 952 2688 rebelliones,
971 2652 1084 2682 inobe-

83 2703 214 2735 dientias
230 2709 259 2734 et
273 2714 420 2735 excessus
436 2705 622 2734 commissos
636 2710 666 2734 et
682 2709 874 2743 perpetratos
891 2714 946 2743 per
961 2714 1035 2735 eum
1051 2706 1085 2735 in

84 2756 150 2796 ipsa
166 2758 330 2797 provincia
353 2763 416 2788 tam
436 2762 547 2788 contra
566 2757 674 2796 ipsum
692 2761 847 2787 rectorem
864 2767 961 2797 quam
985 2758 1085 2789 eccle-

84 2809 162 2840 siam
178 2815 382 2841 memoratam
398 2810 814 2849 privaveritsententialiter
827 2811 977 2841 omnibus
994 2812 1087 2841 honis

85 2863 158 2899 suis,
176 2863 370 2902 privilegiis,
389 2863 568 2894 honoribus
587 2868 617 2893 et
632 2864 735 2893 feudis
755 2864 953 2902 quibuslibet
970 2874 1031 2904 que
1047 2865 1087 2895 ab

85 2916 215 2947 ecclesia
227 2926 359 2947 romana
377 2918 505 2948 tenebat
523 2925 622 2955 eaque
637 2917 860 2947 confiscaverit
875 2917 1006 2947 ecclesie
1021 2927 1088 2957 pre-

85 2968 193 3007 libate,
210 2971 295 3001 idem
313 2971 427 3001 Bocius
443 2971 535 3000 nobis
551 2969 720 3000 humiliter
738 2970 927 3009 supplicavit
945 2976 994 3007 ut,
1015 2979 1088 3001 cum

87 3021 152 3062 ipse
165 3032 201 3053 ac
216 3024 318 3054 dictus
336 3024 433 3054 frater
449 3033 526 3054 suus
541 3048 547 3060 ,
565 3023 644 3053 dum
661 3023 798 3060 viveret,
817 3024 856 3054 ad
873 3024 1016 3063 ejusdem
1036 3033 1087 3055 ec-

2085 358 2158 389 1005

1153 422 1248 453 clesie
1273 424 1424 454 mandata
1450 424 1606 454 redierint
1633 429 1663 455 et
1691 425 1727 454 iu
1752 425 1904 455 fidelitate
1930 434 1966 455 ac
1990 425 2160 457 devotione

1152 477 1253 515 ipsius
1276 477 1407 507 ecclesie
1430 478 1554 508 firmato
1581 478 1739 517 proposito
1764 487 1968 517 perseverare
1989 483 2160 518 proponat,

1153 530 1236 559 bona
1251 531 1317 568 J‘am
1339 530 1423 560 dicta
1446 531 1509 561 sibi
1528 531 1652 561 restitui
1670 532 1920 562 misericorditer
1937 532 2159 570 dignaremur.

1154 583 1221 613 Nos
1233 583 1331 621 igitur
1343 584 1540 614 attendentes
1555 584 1638 623 quod
1648 585 1780 614 Boccius
1792 585 1966 624 prelibatus
1979 594 2015 615 ex
2027 586 2160 624 premis-

1154 635 1196 665 sis
1212 636 1251 665 ab
1267 636 1377 666 eadem
1391 636 1559 675 provincia
1570 637 1689 667 diutius
1702 637 1842 667 exulavit
1853 647 1889 668 ac
1902 638 2042 677 dampna
2052 648 2162 669 rerum

1154 687 1386 727 dispendiaque
1405 698 1467 719 nou
1481 689 1605 719 modica
1621 690 1763 728 pertulit,
1783 691 1933 730 quodque
1948 700 2042 730 super
2059 700 2162 722 exces-

1155 741 1242 771 sibus
1258 742 1437 771 commissis
1450 752 1504 780 per
1520 752 1594 772 eum
1610 752 1734 773 camere
1751 748 1857 773 nostre
1873 749 2000 783 paratus
2011 749 2058 774 est
2074 745 2162 774 satis-

1155 794 1257 824 facere
1282 795 1372 833 juxta
1398 800 1545 824 nostrum
1575 796 1811 834 beneplacitum
1840 802 1870 826 et
1898 798 2103 833 mandatum,
2134 801 2164 828 et

1157 853 1281 886 propter
1305 848 1366 878 hoc
1390 848 1531 878 volentes
1556 858 1650 886 agere
1671 850 1918 880 misericorditer
1941 860 2014 881 cum
2037 852 2161 889 eodem,

1157 902 1348 931 fraternitati
1375 906 1427 932 tue
1452 911 1508 940 per
1532 903 1702 941 apostolica
1727 904 1843 942 scripta
1867 905 2058 935 mandamus
2083 915 2162 944 qua-

1157 955 1262 991 tinus,
1284 955 1309 984 si
1328 955 1366 984 de
1388 956 1551 994 premissis
1577 956 1615 985 de
1639 956 1733 994 plano
1758 961 1788 986 et
1809 957 1879 986 sine
1898 959 2033 996 strepitu
2049 958 2165 997 judicii

1157 1008 1214 1037 tibi
1225 1008 1413 1044 constiterit,
1424 1018 1477 1047 per
1492 1009 1631 1038 eundem
1640 1009 1791 1039 Boccium
1807 1010 1936 1047 triginta
1948 1011 2077 1041 florenis
2092 1011 2166 1041 auri

1158 1060 1356 1090 thesaurario
1380 1061 1543 1099 provincie
1565 1062 1755 1092 Romaniole
1781 1067 1888 1093 nostro
1912 1068 1942 1093 et
1964 1063 2095 1094 ecclesie
2115 1073 2165 1094 ro-

1157 1123 1252 1143 mane
1268 1114 1401 1144 nomine
1418 1114 1529 1144 solutis
1544 1115 1583 1144 ad
1600 1124 1731 1155 presens
1748 1125 1784 1145 ac
1805 1117 1938 1155 receptis
1953 1117 2026 1156 fidej
2034 1117 2166 1147 ussoriis

1156 1167 1359 1197 cautionibus
1385 1167 1425 1197 ab
1451 1168 1561 1198 eodem
1591 1169 1676 1208 quod
1705 1170 1906 1208 septuaginta
1932 1170 2068 1200 florenos
2095 1170 2167 1200 auri

1157 1221 1241 1251 dicto
1268 1221 1468 1251 thesaurario
1495 1222 1579 1251 infra
1604 1231 1727 1252 annum
1753 1231 1827 1252 cum
1853 1223 1966 1253 effectu
1991 1223 2166 1262 persolvat,

1156 1274 1262 1312 ipsum
1281 1273 1314 1302 in
1334 1274 1444 1303 eadem
1464 1275 1627 1312 provincia
1643 1275 1740 1305 facias
1758 1275 1883 1314 publice
1898 1276 2073 1313 rebaudiri,
2091 1285 2167 1306 nec-

1159 1335 1223 1356 non
1250 1326 1289 1355 ad
1312 1327 1395 1356 bona
1420 1327 1558 1365 predicta
1581 1328 1697 1366 quibus
1722 1333 1785 1358 tam
1809 1329 1876 1367 ipse
1903 1338 2000 1367 quam
2027 1329 2169 1367 prefatus

1159 1380 1306 1417 Uguicio,
1321 1380 1385 1416 cni,
1400 1380 1483 1410 sicut
1495 1381 1659 1417 asseritur,
1677 1381 1846 1411 succedere
1860 1382 1898 1411 de
1911 1383 1984 1421 jure
1997 1382 2119 1417 debeat,
2133 1387 2169 1412 ut

1158 1433 1364 1471 premittitur,
1385 1434 1501 1472 privati
1526 1434 1658 1464 fuerunt
1675 1439 1705 1464 et
1723 1435 1763 1464 ad
1778 1437 1852 1474 jura
1868 1435 2009 1474 quelibet
2031 1445 2093 1475 que
2109 1436 2170 1466 sibi

1159 1490 1252 1515 antea
1267 1487 1489 1524 competebant
1510 1487 1542 1516 in
1568 1488 1731 1526 integrum
1750 1489 1933 1518 auctoritate
1953 1493 2060 1519 nostra
2076 1489 2169 1519 resti-

1161 1544 1230 1569 tuas
1246 1539 1284 1568 de
1299 1539 1401 1576 gratia
1416 1540 1553 1578 speciali,
1564 1549 1599 1569 ac
1616 1541 1719 1579 ipsum
1737 1542 1770 1570 in
1787 1541 1982 1580 corporalem
1999 1542 2168 1580 possessio-

1161 1602 1236 1622 nem
1250 1593 1407 1623 bonorum
1420 1598 1450 1623 et
1461 1594 1584 1632 jurium
1598 1594 1810 1632 predictorum
1823 1605 1878 1634 per
1892 1599 1920 1625 te
1932 1595 1983 1625 vel
1998 1605 2053 1634 per
2068 1595 2169 1625 alium

1161 1646 1296 1675 inducas
1326 1650 1356 1676 et
1380 1646 1531 1676 defendas
1554 1648 1739 1683 inductum,
1767 1647 1891 1678 illicitis
1917 1649 2168 1687 detemptoribus

1161 1699 1276 1729 amotis
1307 1700 1347 1729 ab
1377 1700 1432 1729 eis.
1468 1701 1539 1730 Non
1575 1701 1774 1731 obstantibus
1807 1702 2066 1740 quibuscumque
2095 1710 2168 1740 pro-

1162 1752 1318 1789 cessibus,
1342 1753 1614 1790 exhandimentis,
1639 1754 1806 1784 sententiis
1832 1759 1862 1784 et
1887 1755 2169 1785 confiscationibus

1163 1807 1252 1835 sactis
1280 1810 1309 1835 et
1338 1806 1455 1836 habitis
1486 1816 1540 1845 per
1569 1816 1789 1846 quoscumque
1816 1812 1926 1838 contra
1960 1808 2111 1838 Roceium
2140 1811 2171 1838 et

1166 1860 1377 1897 Uguicionem
1391 1860 1526 1898 prefatos
1540 1860 1589 1890 vel
1603 1861 1740 1891 alterum
1752 1861 1951 1891 eorumdem.
1971 1862 2041 1891 Dat.
2056 1862 2167 1897 Rome,

1163 1912 1248 1950 apud
1264 1912 1413 1942 Sanctam
1435 1913 1571 1942 Mariam
1593 1914 1763 1952 Majorem,
1784 1915 1878 1944 nonis
1899 1915 2022 1951 martii,
2041 1914 2170 1953 pontifi·

1163 1969 1250 1995 catus
1270 1965 1370 1996 nostri
1385 1974 1470 1996 anuo
1486 1967 1609 2004 quinto.
1631 1979 1644 1993 »

1237 2120 1260 2148 ’2
1265 2120 1353 2148 344

1203 2181 1243 2208 De
1260 2181 1445 2216 processione
1462 2181 1579 2208 sudarii.
1596 2180 1667 2215 (Fol.
1685 2181 1716 2208 61
1735 2183 1781 2214 1‘0.)

1880 2119 1947 2151 (Pas
1963 2119 1997 2145 de
2013 2119 2100 2152 date.)

1205 2277 1448 2316 [Venerabllsbus
1466 2278 1616 2314 fratribus
1632 2278 1745 2306 nostris
1762 2299 1780 2306 ..
1802 2282 1827 2306 et
1844 2300 1865 2307 ..
1884 2278 2039 2314 episcopis.
2059 2288 2072 2303 α
2090 2276 2172 2306 Cum

1166 2339 1220 2369 per
1239 2330 1443 2369 apostolicam
1459 2330 1578 2369 sedem]
1606 2330 1702 2360 suerit
1717 2329 1922 2360 laudabiliter
1938 2329 2123 2359 ordinatum
2138 2333 2174 2359 ut

1167 2384 1295 2423 [ymago
1311 2384 1424 2422 que...]
1443 2392 1496 2413 seu
1516 2383 1681 2412 sudarium
1700 2382 1876 2422 appellatur
1896 2391 1914 2412 a
1932 2382 2061 2412 basilica
2078 2382 2173 2412 Prin-

1167 2436 1258 2476 [cipis
1281 2435 1497 2475 apostolorum
1518 2436 1556 2466 de
1580 2436 1666 2466 Urbe
1689 2445 1789 2474 usque
1810 2435 1850 2465 ad
1871 2435 2027 2474 hospitale
2051 2435 2175 2474 Sancti]

1167 2490 1304 2528 Spiritus
1323 2489 1357 2518 in
1374 2489 1480 2525 Saxia,
1499 2490 1557 2519 sihi
1576 2489 1733 2524 vicinum,
1750 2489 1785 2518 in
1801 2489 1964 2519 dominico
1980 2489 2031 2518 die
2047 2488 2175 2528 quo[...]

1167 2542 1370 2580 evangelium
1387 2542 1464 2572 solet
1479 2542 1553 2579 dici,
1575 2542 1711 2580 singulis
1729 2543 1823 2571 annis
1842 2541 2063 2580 sollempniter
2080 2541 2176 2581 [defe-

1167 2601 1265 2632 ratur‚
1285 2595 1486 2634 fraternitati]
1512 2599 1612 2625 vestre
1630 2595 1829 2634 presentium
1854 2598 1962 2625 tenore
1984 2595 2176 2625 mandamus

1168 2649 1320 2687 quatinus
1334 2648 1394 2678 hac
1410 2649 1477 2678 vice
1489 2648 1642 2687 prefatam
1659 2648 1847 2687 ymaginem
1863 2648 1903 2678 ab
1918 2648 2029 2678 eadem
2045 2648 2177 2678 basilica

1169 2711 1268 2741 usque
1285 2702 1323 2731 ad
1340 2700 1494 2740 hospitale
1511 2701 1689 2739 predictum
1707 2702 1872 2731 nominato
1888 2701 1956 2737 die,
1974 2705 2048 2731 ante
2063 2701 2178 2730 missa-

1169 2765 1240 2786 rum
1257 2755 1459 2793 sollempnia,
1478 2763 1532 2784 vos
1549 2754 1598 2784 vel
1614 2754 1695 2784 alter
1715 2759 1856 2784 vestrum
1880 2754 2032 2784 deferatis
2052 2762 2176 2792 proces-

1169 2808 1336 2839 sionaliter
1352 2813 1381 2837 et
1393 2807 1504 2837 devote
1515 2808 1762 2837 etconvenienti
1773 2808 1853 2837 inihi
1868 2807 1984 2846 populo
1995 2811 2178 2837 reverenter

1171 2867 1205 2891 ut
1223 2861 1375 2891 convenit
1394 2860 1585 2897 ostendatis3
1608 2865 1638 2890 et
1653 2861 1804 2891 omnihus
1822 2869 1895 2890 vere
1911 2859 2133 2899 penitentibus
2149 2863 2179 2890 et

1170 2914 1321 2945 confessis
1338 2914 1393 2952 qui
1410 2913 1520 2943 eodem
1542 2914 1592 2943 die
1610 2914 1650 2943 ad
1667 2913 1821 2952 hospitale
1840 2914 1909 2952 Jam
1928 2912 2049 2942 dictum
2068 2912 2178 2943 devote

1170 2968 1363 2998 accesserint
1387 2975 1490 2996 uuum
1519 2975 1643 2996 annum
1671 2971 1701 2996 et
1724 2976 1762 2996 xc
1787 2966 1854 2996 dies
1879 2966 1918 2995 de
1941 2966 2088 3004 injuncta
2114 2965 2178 2996 sihi

1172 3021 1348 3060 penitentia
1364 3020 1548 3050 auctoritate
1565 3021 1765 3059 presentium
1782 3019 1938 3049 relaxetis.
1960 3031 1972 3045 n
