<?xml version="1.0" encoding="UTF-8"?>
<!DOCTYPE html PUBLIC "-//W3C//DTD XHTML 1.0 Transitional//EN"
    "http://www.w3.org/TR/xhtml1/DTD/xhtml1-transitional.dtd">
<html xmlns="http://www.w3.org/1999/xhtml" xml:lang="en" lang="en">
 <head>
  <title>
</title>
<meta http-equiv="Content-Type" content="text/html;charset=utf-8" />
  <meta name='ocr-system' content='tesseract 3.04.00' />
  <meta name='ocr-capabilities' content='ocr_page ocr_carea ocr_par ocr_line ocrx_word'/>
</head>
<body>
  <div class='ocr_page' id='page_1' title='image "./lesregistresdeni02romeuoft_0309.png"; bbox 0 0 2393 3496; ppageno 0'>
   <div class='ocr_carea' id='block_1_1' title="bbox 0 1473 10 1560">
    <p class='ocr_par' dir='ltr' id='par_1_1' title="bbox 0 1473 10 1560">
     <span class='ocr_line' id='line_1_1' title="bbox 0 1473 10 1560; textangle 90"><span class='ocrx_word' id='word_1_1' title='bbox 0 1473 10 1560; x_wconf 40' lang='lat' dir='ltr'><strong>-oe-v..</strong></span> 
     </span>
    </p>
   </div>
   <div class='ocr_carea' id='block_1_2' title="bbox 0 1202 10 1844">
    <p class='ocr_par' dir='ltr' id='par_1_2' title="bbox 0 1202 10 1844">
     <span class='ocr_line' id='line_1_2' title="bbox 0 1202 10 1844; baseline 0 0"><span class='ocrx_word' id='word_1_2' title='bbox 0 1202 10 1844; x_wconf 95' lang='lat' dir='ltr'><strong> </strong></span> 
     </span>
    </p>
   </div>
   <div class='ocr_carea' id='block_1_3' title="bbox 883 338 2156 379">
    <p class='ocr_par' dir='ltr' id='par_1_3' title="bbox 883 338 2156 379">
     <span class='ocr_line' id='line_1_3' title="bbox 883 338 2156 379; baseline -0.003 0"><span class='ocrx_word' id='word_1_3' title='bbox 883 348 1095 379; x_wconf 79' lang='lat' dir='ltr'>REGISTRE</span> <span class='ocrx_word' id='word_1_4' title='bbox 1118 338 1334 378; x_wconf 62' lang='lat' dir='ltr'><strong>CAMnRAL.</strong></span> <span class='ocrx_word' id='word_1_5' title='bbox 2099 345 2156 376; x_wconf 83' lang='lat'><strong>983</strong></span> 
     </span>
    </p>
   </div>
   <div class='ocr_carea' id='block_1_4' title="bbox 136 420 251 449">
    <p class='ocr_par' dir='ltr' id='par_1_4' title="bbox 136 420 251 449">
     <span class='ocr_line' id='line_1_4' title="bbox 136 420 251 449; baseline -0.017 0"><span class='ocrx_word' id='word_1_6' title='bbox 136 420 251 449; x_wconf 65' lang='lat'><strong>&#39;2225</strong></span> 
     </span>
    </p>
   </div>
   <div class='ocr_carea' id='block_1_5' title="bbox 69 477 1067 561">
    <p class='ocr_par' dir='ltr' id='par_1_5' title="bbox 69 477 1067 561">
     <span class='ocr_line' id='line_1_5' title="bbox 103 477 1067 510; baseline -0.005 -1"><span class='ocrx_word' id='word_1_7' title='bbox 103 482 201 510; x_wconf 87' lang='lat' dir='ltr'><strong>Curam</strong></span> <span class='ocrx_word' id='word_1_8' title='bbox 217 485 244 507; x_wconf 86' lang='lat' dir='ltr'><strong>et</strong></span> <span class='ocrx_word' id='word_1_9' title='bbox 259 479 535 506; x_wconf 77' lang='lat' dir='ltr'><strong>administrationem</strong></span> <span class='ocrx_word' id='word_1_10' title='bbox 551 479 691 506; x_wconf 86' lang='lat' dir='ltr'><strong>ecclesiae</strong></span> <span class='ocrx_word' id='word_1_11' title='bbox 707 479 881 506; x_wconf 87' lang='lat' dir='ltr'><strong>Albanensis</strong></span> <span class='ocrx_word' id='word_1_12' title='bbox 896 477 1021 504; x_wconf 88' lang='lat' dir='ltr'><strong>Berardo</strong></span> <span class='ocrx_word' id='word_1_13' title='bbox 1032 477 1067 504; x_wconf 86' lang='lat' dir='ltr'><strong>dc</strong></span> 
     </span>
     <span class='ocr_line' id='line_1_6' title="bbox 69 527 568 561; baseline -0.012 0"><span class='ocrx_word' id='word_1_14' title='bbox 69 532 188 560; x_wconf 88' lang='lat' dir='ltr'><strong>Tuderto</strong></span> <span class='ocrx_word' id='word_1_15' title='bbox 202 528 364 556; x_wconf 83' lang='lat' dir='ltr'><strong>committit.</strong></span> <span class='ocrx_word' id='word_1_16' title='bbox 385 527 454 560; x_wconf 78' lang='lat' dir='ltr'><strong>(Fol.</strong></span> <span class='ocrx_word' id='word_1_17' title='bbox 473 528 504 555; x_wconf 87' lang='grc'><strong>38</strong></span> <span class='ocrx_word' id='word_1_18' title='bbox 521 530 568 561; x_wconf 68' lang='lat' dir='ltr'><strong>ro.)</strong></span> 
     </span>
    </p>
   </div>
   <div class='ocr_carea' id='block_1_6' title="bbox 398 415 995 453">
    <p class='ocr_par' dir='ltr' id='par_1_6' title="bbox 398 415 995 453">
     <span class='ocr_line' id='line_1_7' title="bbox 398 415 995 453; baseline -0.002 -10"><span class='ocrx_word' id='word_1_19' title='bbox 398 416 764 453; x_wconf 65' lang='lat' dir='ltr'><strong>Sainte-Marie-ltiajoeure.</strong></span> <span class='ocrx_word' id='word_1_20' title='bbox 783 416 815 443; x_wconf 72' lang='grc' dir='ltr'><strong>ε29</strong></span> <span class='ocrx_word' id='word_1_21' title='bbox 831 416 900 442; x_wconf 75' lang='lat' dir='ltr'><strong>avril</strong></span> <span class='ocrx_word' id='word_1_22' title='bbox 918 415 995 442; x_wconf 67' lang='lat'><strong>1289.</strong></span> 
     </span>
    </p>
   </div>
   <div class='ocr_carea' id='block_1_7' title="bbox 71 630 1069 876">
    <p class='ocr_par' dir='ltr' id='par_1_7' title="bbox 71 630 1068 716">
     <span class='ocr_line' id='line_1_8' title="bbox 108 630 1068 668; baseline -0.004 -6"><span class='ocrx_word' id='word_1_23' title='bbox 108 633 211 662; x_wconf 82' lang='lat' dir='ltr'><strong>Dilecto</strong></span> <span class='ocrx_word' id='word_1_24' title='bbox 227 631 290 668; x_wconf 76' lang='lat' dir='ltr'><strong>filio</strong></span> <span class='ocrx_word' id='word_1_25' title='bbox 308 631 403 666; x_wconf 80' lang='lat' dir='ltr'><strong>fratri</strong></span> <span class='ocrx_word' id='word_1_26' title='bbox 423 630 553 659; x_wconf 82' lang='lat' dir='ltr'><strong>Berardo</strong></span> <span class='ocrx_word' id='word_1_27' title='bbox 569 630 604 659; x_wconf 81' lang='lat' dir='ltr'><strong>de</strong></span> <span class='ocrx_word' id='word_1_28' title='bbox 627 630 773 667; x_wconf 76' lang='lat' dir='ltr'><strong>Tuderto‚</strong></span> <span class='ocrx_word' id='word_1_29' title='bbox 794 630 914 659; x_wconf 83' lang='lat' dir='ltr'><strong>ordinis</strong></span> <span class='ocrx_word' id='word_1_30' title='bbox 931 632 1068 667; x_wconf 78' lang='lat' dir='ltr'><strong>fratrum</strong></span> 
     </span>
     <span class='ocr_line' id='line_1_9' title="bbox 71 686 232 716; baseline -0.025 -1"><span class='ocrx_word' id='word_1_31' title='bbox 71 686 232 716; x_wconf 82' lang='lat' dir='ltr'><strong>minorum.</strong></span> 
     </span>
    </p>

    <p class='ocr_par' dir='ltr' id='par_1_8' title="bbox 71 735 1069 876">
     <span class='ocr_line' id='line_1_10' title="bbox 110 735 1068 774; baseline -0.002 -8"><span class='ocrx_word' id='word_1_32' title='bbox 110 749 123 766; x_wconf 81' lang='grc' dir='ltr'>ι</span> <span class='ocrx_word' id='word_1_33' title='bbox 144 736 221 767; x_wconf 93' lang='lat' dir='ltr'><strong>Cum</strong></span> <span class='ocrx_word' id='word_1_34' title='bbox 242 735 280 765; x_wconf 91' lang='lat' dir='ltr'><strong>de</strong></span> <span class='ocrx_word' id='word_1_35' title='bbox 301 739 391 765; x_wconf 90' lang='lat' dir='ltr'><strong>tue...</strong></span> <span class='ocrx_word' id='word_1_36' title='bbox 415 752 452 757; x_wconf 94' lang='lat'><strong>—</strong></span> <span class='ocrx_word' id='word_1_37' title='bbox 472 736 551 765; x_wconf 88' lang='lat' dir='ltr'><strong>Data</strong></span> <span class='ocrx_word' id='word_1_38' title='bbox 574 735 642 774; x_wconf 84' lang='lat' dir='ltr'><strong>(sic)</strong></span> <span class='ocrx_word' id='word_1_39' title='bbox 664 735 782 770; x_wconf 84' lang='lat' dir='ltr'><strong>Rome,</strong></span> <span class='ocrx_word' id='word_1_40' title='bbox 809 735 893 774; x_wconf 87' lang='lat' dir='ltr'><strong>apud</strong></span> <span class='ocrx_word' id='word_1_41' title='bbox 918 735 1068 765; x_wconf 80' lang='lat' dir='ltr'><strong>Sanctam</strong></span> 
     </span>
     <span class='ocr_line' id='line_1_11' title="bbox 72 787 1069 828; baseline -0.004 -7"><span class='ocrx_word' id='word_1_42' title='bbox 72 790 200 822; x_wconf 87' lang='lat' dir='ltr'><strong>Mariam</strong></span> <span class='ocrx_word' id='word_1_43' title='bbox 218 789 388 828; x_wconf 89' lang='lat' dir='ltr'><strong>Majorem,</strong></span> <span class='ocrx_word' id='word_1_44' title='bbox 408 798 441 818; x_wconf 88' lang='lat'><strong>111</strong></span> <span class='ocrx_word' id='word_1_45' title='bbox 461 787 613 818; x_wconf 82' lang='lat' dir='ltr'>kalendas</span> <span class='ocrx_word' id='word_1_46' title='bbox 631 788 727 825; x_wconf 82' lang='lat' dir='ltr'><strong>maii,</strong></span> <span class='ocrx_word' id='word_1_47' title='bbox 748 789 951 827; x_wconf 86' lang='lat' dir='ltr'><strong>pontificatus</strong></span> <span class='ocrx_word' id='word_1_48' title='bbox 969 787 1069 818; x_wconf 81' lang='lat' dir='ltr'><strong>nostri</strong></span> 
     </span>
     <span class='ocr_line' id='line_1_12' title="bbox 71 842 351 876; baseline -0.018 -1"><span class='ocrx_word' id='word_1_49' title='bbox 71 852 151 876; x_wconf 87' lang='lat' dir='ltr'><strong>anno</strong></span> <span class='ocrx_word' id='word_1_50' title='bbox 167 842 315 873; x_wconf 89' lang='lat' dir='ltr'><strong>secundo.</strong></span> <span class='ocrx_word' id='word_1_51' title='bbox 338 854 351 869; x_wconf 69' lang='grc' dir='ltr'><strong>ι»</strong></span> 
     </span>
    </p>
   </div>
   <div class='ocr_carea' id='block_1_8' title="bbox 104 1021 1016 1121">
    <p class='ocr_par' dir='ltr' id='par_1_9' title="bbox 104 1021 1016 1121">
     <span class='ocr_line' id='line_1_13' title="bbox 122 1021 1016 1056; baseline -0.004 -4"><span class='ocrx_word' id='word_1_52' title='bbox 122 1022 371 1053; x_wconf 52' lang='lat' dir='ltr'><strong>&amp;zze-&#39;2229</strong></span> <span class='ocrx_word' id='word_1_53' title='bbox 422 1021 783 1056; x_wconf 79' lang='lat' dir='ltr'><strong>Sainte—Marie-MaJeure,</strong></span> <span class='ocrx_word' id='word_1_54' title='bbox 802 1021 835 1048; x_wconf 88' lang='grc'><strong>30</strong></span> <span class='ocrx_word' id='word_1_55' title='bbox 851 1021 921 1047; x_wconf 90' lang='lat' dir='ltr'><strong>avril</strong></span> <span class='ocrx_word' id='word_1_56' title='bbox 939 1021 1016 1048; x_wconf 78' lang='lat'><strong>1289.</strong></span> 
     </span>
     <span class='ocr_line' id='line_1_14' title="bbox 104 1083 449 1121; baseline -0.009 -8"><span class='ocrx_word' id='word_1_57' title='bbox 104 1085 247 1121; x_wconf 83' lang='lat' dir='ltr'><strong>Apochae.</strong></span> <span class='ocrx_word' id='word_1_58' title='bbox 265 1083 336 1117; x_wconf 87' lang='lat' dir='ltr'><strong>(Fol.</strong></span> <span class='ocrx_word' id='word_1_59' title='bbox 353 1083 385 1110; x_wconf 84' lang='lat'><strong>38</strong></span> <span class='ocrx_word' id='word_1_60' title='bbox 402 1085 449 1116; x_wconf 69' lang='lat' dir='ltr'><strong>ru.)</strong></span> 
     </span>
    </p>
   </div>
   <div class='ocr_carea' id='block_1_9' title="bbox 70 1185 1084 2612">
    <p class='ocr_par' dir='ltr' id='par_1_10' title="bbox 70 1185 1075 1599">
     <span class='ocr_line' id='line_1_15' title="bbox 108 1185 1073 1224; baseline -0.003 -7"><span class='ocrx_word' id='word_1_61' title='bbox 108 1186 215 1218; x_wconf 82' lang='lat' dir='ltr'><strong>Dilecto</strong></span> <span class='ocrx_word' id='word_1_62' title='bbox 230 1187 295 1224; x_wconf 80' lang='lat' dir='ltr'><strong>filio</strong></span> <span class='ocrx_word' id='word_1_63' title='bbox 312 1186 453 1215; x_wconf 80' lang='lat' dir='ltr'><strong>Jacobino</strong></span> <span class='ocrx_word' id='word_1_64' title='bbox 469 1186 587 1222; x_wconf 84' lang='lat' dir='ltr'><strong>Alfani,</strong></span> <span class='ocrx_word' id='word_1_65' title='bbox 601 1185 636 1214; x_wconf 85' lang='lat' dir='ltr'><strong>cle</strong></span> <span class='ocrx_word' id='word_1_66' title='bbox 649 1186 787 1214; x_wconf 77' lang='lat' dir='ltr'><strong>societate</strong></span> <span class='ocrx_word' id='word_1_67' title='bbox 802 1185 997 1220; x_wconf 80' lang='lat' dir='ltr'><strong>Alsanorum,</strong></span> <span class='ocrx_word' id='word_1_68' title='bbox 1012 1185 1073 1214; x_wconf 83' lang='lat' dir='ltr'><strong>civi</strong></span> 
     </span>
     <span class='ocr_line' id='line_1_16' title="bbox 71 1238 1072 1276; baseline -0.005 -5"><span class='ocrx_word' id='word_1_69' title='bbox 71 1246 98 1272; x_wconf 75' lang='lat' dir='ltr'><strong>et</strong></span> <span class='ocrx_word' id='word_1_70' title='bbox 116 1240 273 1270; x_wconf 74' lang='lat' dir='ltr'><strong>mercatori</strong></span> <span class='ocrx_word' id='word_1_71' title='bbox 299 1239 491 1275; x_wconf 75' lang='lat' dir='ltr'><strong>Florentino,</strong></span> <span class='ocrx_word' id='word_1_72' title='bbox 515 1238 670 1276; x_wconf 88' lang='lat' dir='ltr'><strong>apocham</strong></span> <span class='ocrx_word' id='word_1_73' title='bbox 696 1238 770 1267; x_wconf 85' lang='lat' dir='ltr'><strong>facit</strong></span> <span class='ocrx_word' id='word_1_74' title='bbox 797 1238 1072 1276; x_wconf 83' lang='lat' dir='ltr'><strong>[quingentarum]</strong></span> 
     </span>
     <span class='ocr_line' id='line_1_17' title="bbox 72 1290 1073 1334; baseline -0.004 -10"><span class='ocrx_word' id='word_1_75' title='bbox 72 1293 300 1334; x_wconf 86' lang='lat' dir='ltr'><strong>quinquaginta</strong></span> <span class='ocrx_word' id='word_1_76' title='bbox 318 1300 498 1322; x_wconf 85' lang='lat' dir='ltr'><strong>marcarum</strong></span> <span class='ocrx_word' id='word_1_77' title='bbox 519 1291 747 1329; x_wconf 79' lang='lat' dir='ltr'><strong>sterlingorum</strong></span> <span class='ocrx_word' id='word_1_78' title='bbox 759 1315 767 1330; x_wconf 83' lang='lat'>‚</span> <span class='ocrx_word' id='word_1_79' title='bbox 785 1300 863 1330; x_wconf 85' lang='lat' dir='ltr'><strong>quas</strong></span> <span class='ocrx_word' id='word_1_80' title='bbox 881 1291 920 1320; x_wconf 90' lang='lat' dir='ltr'><strong>de</strong></span> <span class='ocrx_word' id='word_1_81' title='bbox 938 1290 1073 1329; x_wconf 81' lang='lat' dir='ltr'><strong>pecunia</strong></span> 
     </span>
     <span class='ocr_line' id='line_1_18' title="bbox 70 1344 1072 1384; baseline -0.004 -6"><span class='ocrx_word' id='word_1_82' title='bbox 70 1347 264 1378; x_wconf 81' lang='lat' dir='ltr'><strong>decimarum</strong></span> <span class='ocrx_word' id='word_1_83' title='bbox 279 1346 313 1375; x_wconf 92' lang='lat' dir='ltr'><strong>in</strong></span> <span class='ocrx_word' id='word_1_84' title='bbox 328 1345 501 1375; x_wconf 85' lang='lat' dir='ltr'><strong>Alamania</strong></span> <span class='ocrx_word' id='word_1_85' title='bbox 517 1354 573 1384; x_wconf 87' lang='lat' dir='ltr'><strong>per</strong></span> <span class='ocrx_word' id='word_1_86' title='bbox 590 1369 610 1376; x_wconf 90' lang='lat'><strong>..</strong></span> <span class='ocrx_word' id='word_1_87' title='bbox 626 1345 767 1383; x_wconf 77' lang='lat' dir='ltr'><strong>priorem</strong></span> <span class='ocrx_word' id='word_1_88' title='bbox 784 1344 956 1375; x_wconf 87' lang='lat' dir='ltr'><strong>saecularis</strong></span> <span class='ocrx_word' id='word_1_89' title='bbox 970 1344 1072 1374; x_wconf 89' lang='lat' dir='ltr'><strong>eccle-</strong></span> 
     </span>
     <span class='ocr_line' id='line_1_19' title="bbox 72 1398 1074 1436; baseline -0.004 -5"><span class='ocrx_word' id='word_1_90' title='bbox 72 1401 133 1432; x_wconf 84' lang='lat' dir='ltr'><strong>siae</strong></span> <span class='ocrx_word' id='word_1_91' title='bbox 147 1399 256 1430; x_wconf 81' lang='lat' dir='ltr'><strong>Sancti</strong></span> <span class='ocrx_word' id='word_1_92' title='bbox 271 1399 419 1429; x_wconf 86' lang='lat' dir='ltr'><strong>Andreae</strong></span> <span class='ocrx_word' id='word_1_93' title='bbox 435 1399 658 1429; x_wconf 87' lang='lat' dir='ltr'><strong>Urbevetanae</strong></span> <span class='ocrx_word' id='word_1_94' title='bbox 678 1398 899 1435; x_wconf 87' lang='lat' dir='ltr'><strong>collectarum,</strong></span> <span class='ocrx_word' id='word_1_95' title='bbox 923 1398 1008 1436; x_wconf 84' lang='lat' dir='ltr'><strong>apud</strong></span> <span class='ocrx_word' id='word_1_96' title='bbox 1024 1398 1074 1436; x_wconf 91' lang='lat' dir='ltr'><strong>ip-</strong></span> 
     </span>
     <span class='ocr_line' id='line_1_20' title="bbox 73 1451 1073 1491; baseline -0.002 -7"><span class='ocrx_word' id='word_1_97' title='bbox 73 1463 136 1485; x_wconf 87' lang='lat' dir='ltr'><strong>sam</strong></span> <span class='ocrx_word' id='word_1_98' title='bbox 152 1453 332 1483; x_wconf 85' lang='lat' dir='ltr'><strong>societatem</strong></span> <span class='ocrx_word' id='word_1_99' title='bbox 348 1452 500 1491; x_wconf 86' lang='lat' dir='ltr'><strong>deposita,</strong></span> <span class='ocrx_word' id='word_1_100' title='bbox 516 1452 705 1489; x_wconf 80' lang='lat' dir='ltr'><strong>Lanfranco,</strong></span> <span class='ocrx_word' id='word_1_101' title='bbox 723 1452 852 1481; x_wconf 84' lang='lat' dir='ltr'><strong>Fortino</strong></span> <span class='ocrx_word' id='word_1_102' title='bbox 868 1456 898 1481; x_wconf 81' lang='lat' dir='ltr'><strong>et</strong></span> <span class='ocrx_word' id='word_1_103' title='bbox 913 1451 1073 1489; x_wconf 89' lang='lat' dir='ltr'><strong>Baldutio,</strong></span> 
     </span>
     <span class='ocr_line' id='line_1_21' title="bbox 74 1504 1075 1542; baseline -0.003 -5"><span class='ocrx_word' id='word_1_104' title='bbox 74 1507 110 1538; x_wconf 85' lang='lat' dir='ltr'><strong>de</strong></span> <span class='ocrx_word' id='word_1_105' title='bbox 128 1507 273 1536; x_wconf 86' lang='lat' dir='ltr'><strong>societate</strong></span> <span class='ocrx_word' id='word_1_106' title='bbox 289 1505 478 1535; x_wconf 85' lang='lat' dir='ltr'><strong>Clarentum</strong></span> <span class='ocrx_word' id='word_1_107' title='bbox 495 1505 533 1535; x_wconf 90' lang='lat' dir='ltr'><strong>de</strong></span> <span class='ocrx_word' id='word_1_108' title='bbox 549 1505 703 1542; x_wconf 75' lang='lat' dir='ltr'><strong>pistorio,</strong></span> <span class='ocrx_word' id='word_1_109' title='bbox 721 1505 761 1534; x_wconf 90' lang='lat' dir='ltr'><strong>ad</strong></span> <span class='ocrx_word' id='word_1_110' title='bbox 782 1505 969 1535; x_wconf 87' lang='lat' dir='ltr'><strong>mandatum</strong></span> <span class='ocrx_word' id='word_1_111' title='bbox 991 1504 1075 1534; x_wconf 86' lang='lat' dir='ltr'><strong>sedis</strong></span> 
     </span>
     <span class='ocr_line' id='line_1_22' title="bbox 74 1558 434 1599; baseline -0.008 -9"><span class='ocrx_word' id='word_1_112' title='bbox 74 1559 258 1599; x_wconf 86' lang='lat' dir='ltr'><strong>apostolicae</strong></span> <span class='ocrx_word' id='word_1_113' title='bbox 274 1558 434 1597; x_wconf 82' lang='lat' dir='ltr'><strong>persolvit.</strong></span> 
     </span>
    </p>

    <p class='ocr_par' dir='ltr' id='par_1_11' title="bbox 75 1611 1078 1759">
     <span class='ocr_line' id='line_1_23' title="bbox 115 1611 1077 1650; baseline 0.001 -10"><span class='ocrx_word' id='word_1_114' title='bbox 115 1624 128 1640; x_wconf 74' lang='grc' dir='ltr'><strong>α</strong></span> <span class='ocrx_word' id='word_1_115' title='bbox 150 1612 232 1643; x_wconf 91' lang='lat' dir='ltr'><strong>Cum</strong></span> <span class='ocrx_word' id='word_1_116' title='bbox 254 1611 293 1641; x_wconf 88' lang='lat' dir='ltr'><strong>de</strong></span> <span class='ocrx_word' id='word_1_117' title='bbox 313 1612 488 1650; x_wconf 91' lang='lat' dir='ltr'><strong>pecunia...</strong></span> <span class='ocrx_word' id='word_1_118' title='bbox 510 1628 550 1634; x_wconf 95' lang='lat'>—</span> <span class='ocrx_word' id='word_1_119' title='bbox 574 1612 646 1642; x_wconf 89' lang='lat' dir='ltr'><strong>Dat.</strong></span> <span class='ocrx_word' id='word_1_120' title='bbox 670 1612 788 1647; x_wconf 76' lang='lat' dir='ltr'><strong>Rome,</strong></span> <span class='ocrx_word' id='word_1_121' title='bbox 818 1611 902 1650; x_wconf 89' lang='lat' dir='ltr'><strong>apud</strong></span> <span class='ocrx_word' id='word_1_122' title='bbox 925 1612 1077 1642; x_wconf 82' lang='lat' dir='ltr'><strong>Sanctam</strong></span> 
     </span>
     <span class='ocr_line' id='line_1_24' title="bbox 76 1664 1078 1704; baseline -0.002 -8"><span class='ocrx_word' id='word_1_123' title='bbox 76 1665 207 1696; x_wconf 86' lang='lat' dir='ltr'><strong>Mariam</strong></span> <span class='ocrx_word' id='word_1_124' title='bbox 228 1666 398 1703; x_wconf 88' lang='lat' dir='ltr'><strong>Majorem,</strong></span> <span class='ocrx_word' id='word_1_125' title='bbox 417 1674 439 1694; x_wconf 88' lang='lat'><strong>11</strong></span> <span class='ocrx_word' id='word_1_126' title='bbox 461 1664 615 1694; x_wconf 84' lang='lat' dir='ltr'><strong>kalendas</strong></span> <span class='ocrx_word' id='word_1_127' title='bbox 635 1665 730 1702; x_wconf 90' lang='lat' dir='ltr'><strong>maii,</strong></span> <span class='ocrx_word' id='word_1_128' title='bbox 748 1665 950 1704; x_wconf 87' lang='lat' dir='ltr'><strong>pontificatus</strong></span> <span class='ocrx_word' id='word_1_129' title='bbox 977 1665 1078 1695; x_wconf 82' lang='lat' dir='ltr'><strong>nostri</strong></span> 
     </span>
     <span class='ocr_line' id='line_1_25' title="bbox 75 1719 1015 1759; baseline -0.007 -9"><span class='ocrx_word' id='word_1_130' title='bbox 75 1727 156 1750; x_wconf 84' lang='lat' dir='ltr'><strong>anno</strong></span> <span class='ocrx_word' id='word_1_131' title='bbox 171 1719 320 1749; x_wconf 79' lang='lat' dir='ltr'><strong>secunde.</strong></span> <span class='ocrx_word' id='word_1_132' title='bbox 342 1731 356 1746; x_wconf 77' lang='lat'><strong>5&gt;</strong></span> <span class='ocrx_word' id='word_1_133' title='bbox 1012 1754 1015 1759; x_wconf 92' lang='lat'><strong>.</strong></span> 
     </span>
    </p>

    <p class='ocr_par' dir='ltr' id='par_1_12' title="bbox 75 1771 1080 2026">
     <span class='ocr_line' id='line_1_26' title="bbox 113 1771 1079 1809; baseline -0.001 -6"><span class='ocrx_word' id='word_1_134' title='bbox 113 1773 152 1803; x_wconf 89' lang='lat' dir='ltr'><strong>In</strong></span> <span class='ocrx_word' id='word_1_135' title='bbox 177 1781 203 1803; x_wconf 92' lang='lat' dir='ltr'><strong>e.</strong></span> <span class='ocrx_word' id='word_1_136' title='bbox 228 1781 270 1802; x_wconf 86' lang='lat' dir='ltr'><strong>m.</strong></span> <span class='ocrx_word' id='word_1_137' title='bbox 292 1773 385 1802; x_wconf 85' lang='lat' dir='ltr'><strong>Petro</strong></span> <span class='ocrx_word' id='word_1_138' title='bbox 412 1772 550 1809; x_wconf 85' lang='lat' dir='ltr'><strong>Foresii,</strong></span> <span class='ocrx_word' id='word_1_139' title='bbox 576 1771 614 1801; x_wconf 85' lang='lat' dir='ltr'><strong>de</strong></span> <span class='ocrx_word' id='word_1_140' title='bbox 639 1771 784 1802; x_wconf 85' lang='lat' dir='ltr'><strong>societate</strong></span> <span class='ocrx_word' id='word_1_141' title='bbox 806 1772 1017 1802; x_wconf 87' lang='lat' dir='ltr'><strong>Lambertutii</strong></span> <span class='ocrx_word' id='word_1_142' title='bbox 1039 1772 1079 1802; x_wconf 89' lang='lat' dir='ltr'><strong>de</strong></span> 
     </span>
     <span class='ocr_line' id='line_1_27' title="bbox 77 1825 1080 1864; baseline -0.001 -7"><span class='ocrx_word' id='word_1_143' title='bbox 77 1826 305 1862; x_wconf 88' lang='lat' dir='ltr'><strong>Frescohaldis‚</strong></span> <span class='ocrx_word' id='word_1_144' title='bbox 329 1825 392 1855; x_wconf 83' lang='lat' dir='ltr'><strong>civi</strong></span> <span class='ocrx_word' id='word_1_145' title='bbox 415 1830 444 1855; x_wconf 91' lang='lat' dir='ltr'><strong>et</strong></span> <span class='ocrx_word' id='word_1_146' title='bbox 464 1826 633 1855; x_wconf 81' lang='lat' dir='ltr'><strong>mercatori</strong></span> <span class='ocrx_word' id='word_1_147' title='bbox 654 1825 857 1862; x_wconf 83' lang='lat' dir='ltr'><strong>Florentino,</strong></span> <span class='ocrx_word' id='word_1_148' title='bbox 880 1834 936 1864; x_wconf 88' lang='lat' dir='ltr'><strong>pro</strong></span> <span class='ocrx_word' id='word_1_149' title='bbox 952 1834 1080 1856; x_wconf 87' lang='lat' dir='ltr'><strong>summa</strong></span> 
     </span>
     <span class='ocr_line' id='line_1_28' title="bbox 75 1875 1079 1919; baseline 0 -10"><span class='ocrx_word' id='word_1_150' title='bbox 75 1880 322 1919; x_wconf 86' lang='lat' dir='ltr'><strong>quingentarum</strong></span> <span class='ocrx_word' id='word_1_151' title='bbox 333 1879 498 1916; x_wconf 83' lang='lat' dir='ltr'><strong>sexaginta</strong></span> <span class='ocrx_word' id='word_1_152' title='bbox 509 1879 652 1917; x_wconf 87' lang='lat' dir='ltr'><strong>quinque</strong></span> <span class='ocrx_word' id='word_1_153' title='bbox 667 1878 871 1908; x_wconf 80' lang='lat' dir='ltr'><strong>marcharum</strong></span> <span class='ocrx_word' id='word_1_154' title='bbox 885 1883 915 1908; x_wconf 89' lang='lat' dir='ltr'><strong>et</strong></span> <span class='ocrx_word' id='word_1_155' title='bbox 926 1875 1079 1909; x_wconf 83' lang='lat' dir='ltr'><strong>dimidiae</strong></span> 
     </span>
     <span class='ocr_line' id='line_1_29' title="bbox 77 1931 1080 1971; baseline -0.001 -7"><span class='ocrx_word' id='word_1_156' title='bbox 77 1933 299 1971; x_wconf 85' lang='lat' dir='ltr'><strong>sterlingorum</strong></span> <span class='ocrx_word' id='word_1_157' title='bbox 315 1936 345 1962; x_wconf 89' lang='lat' dir='ltr'><strong>et</strong></span> <span class='ocrx_word' id='word_1_158' title='bbox 360 1933 571 1963; x_wconf 85' lang='lat' dir='ltr'><strong>ducentarum</strong></span> <span class='ocrx_word' id='word_1_159' title='bbox 584 1933 748 1970; x_wconf 80' lang='lat' dir='ltr'><strong>sexaginta</strong></span> <span class='ocrx_word' id='word_1_160' title='bbox 762 1941 812 1962; x_wconf 84' lang='lat' dir='ltr'><strong>sex</strong></span> <span class='ocrx_word' id='word_1_161' title='bbox 826 1931 982 1962; x_wconf 82' lang='lat' dir='ltr'><strong>librarum</strong></span> <span class='ocrx_word' id='word_1_162' title='bbox 997 1936 1080 1963; x_wconf 92' lang='lat' dir='ltr'><strong>turo-</strong></span> 
     </span>
     <span class='ocr_line' id='line_1_30' title="bbox 76 1987 419 2026; baseline -0.006 -9"><span class='ocrx_word' id='word_1_163' title='bbox 76 1987 223 2017; x_wconf 86' lang='lat' dir='ltr'><strong>nensium</strong></span> <span class='ocrx_word' id='word_1_164' title='bbox 238 1995 419 2026; x_wconf 86' lang='lat' dir='ltr'><strong>parvorum.</strong></span> 
     </span>
    </p>

    <p class='ocr_par' dir='ltr' id='par_1_13' title="bbox 76 2038 1080 2345">
     <span class='ocr_line' id='line_1_31' title="bbox 113 2038 1080 2077; baseline 0 -8"><span class='ocrx_word' id='word_1_165' title='bbox 113 2040 151 2069; x_wconf 91' lang='lat' dir='ltr'><strong>In</strong></span> <span class='ocrx_word' id='word_1_166' title='bbox 166 2048 192 2069; x_wconf 93' lang='lat' dir='ltr'><strong>e.</strong></span> <span class='ocrx_word' id='word_1_167' title='bbox 205 2049 249 2069; x_wconf 91' lang='lat' dir='ltr'><strong>m.</strong></span> <span class='ocrx_word' id='word_1_168' title='bbox 263 2040 364 2070; x_wconf 88' lang='lat' dir='ltr'><strong>Lanto</strong></span> <span class='ocrx_word' id='word_1_169' title='bbox 379 2038 547 2077; x_wconf 89' lang='lat' dir='ltr'><strong>Agolantis</strong></span> <span class='ocrx_word' id='word_1_170' title='bbox 564 2042 595 2068; x_wconf 88' lang='lat' dir='ltr'><strong>et</strong></span> <span class='ocrx_word' id='word_1_171' title='bbox 606 2038 706 2068; x_wconf 88' lang='lat' dir='ltr'><strong>Gheri</strong></span> <span class='ocrx_word' id='word_1_172' title='bbox 720 2039 910 2075; x_wconf 86' lang='lat' dir='ltr'><strong>Bonacursi,</strong></span> <span class='ocrx_word' id='word_1_173' title='bbox 928 2038 966 2068; x_wconf 89' lang='lat' dir='ltr'><strong>de</strong></span> <span class='ocrx_word' id='word_1_174' title='bbox 983 2039 1080 2069; x_wconf 88' lang='lat' dir='ltr'><strong>socie-</strong></span> 
     </span>
     <span class='ocr_line' id='line_1_32' title="bbox 76 2092 1079 2130; baseline -0.002 -6"><span class='ocrx_word' id='word_1_175' title='bbox 76 2094 134 2124; x_wconf 78' lang='lat' dir='ltr'><strong>tate</strong></span> <span class='ocrx_word' id='word_1_176' title='bbox 148 2094 452 2130; x_wconf 88' lang='lat' dir='ltr'><strong>Ammannatorum,</strong></span> <span class='ocrx_word' id='word_1_177' title='bbox 471 2093 596 2123; x_wconf 88' lang='lat' dir='ltr'><strong>civibus</strong></span> <span class='ocrx_word' id='word_1_178' title='bbox 612 2096 643 2123; x_wconf 86' lang='lat' dir='ltr'><strong>et</strong></span> <span class='ocrx_word' id='word_1_179' title='bbox 658 2092 887 2122; x_wconf 83' lang='lat' dir='ltr'><strong>mercatoribus</strong></span> <span class='ocrx_word' id='word_1_180' title='bbox 903 2093 1079 2123; x_wconf 89' lang='lat' dir='ltr'><strong>Pistorien-</strong></span> 
     </span>
     <span class='ocr_line' id='line_1_33' title="bbox 76 2146 1080 2186; baseline -0.002 -9"><span class='ocrx_word' id='word_1_181' title='bbox 76 2147 177 2184; x_wconf 87' lang='lat' dir='ltr'><strong>sibus,</strong></span> <span class='ocrx_word' id='word_1_182' title='bbox 197 2155 252 2186; x_wconf 89' lang='lat' dir='ltr'><strong>pro</strong></span> <span class='ocrx_word' id='word_1_183' title='bbox 274 2155 402 2177; x_wconf 86' lang='lat' dir='ltr'><strong>summa</strong></span> <span class='ocrx_word' id='word_1_184' title='bbox 423 2146 678 2185; x_wconf 84' lang='lat' dir='ltr'><strong>quingentarum</strong></span> <span class='ocrx_word' id='word_1_185' title='bbox 704 2146 835 2184; x_wconf 87' lang='lat' dir='ltr'><strong>triginta</strong></span> <span class='ocrx_word' id='word_1_186' title='bbox 853 2150 974 2184; x_wconf 87' lang='lat' dir='ltr'><strong>septem</strong></span> <span class='ocrx_word' id='word_1_187' title='bbox 993 2155 1080 2175; x_wconf 90' lang='lat' dir='ltr'><strong>mar-</strong></span> 
     </span>
     <span class='ocr_line' id='line_1_34' title="bbox 77 2198 1080 2238; baseline -0.003 -7"><span class='ocrx_word' id='word_1_188' title='bbox 77 2200 206 2231; x_wconf 85' lang='lat' dir='ltr'><strong>charum</strong></span> <span class='ocrx_word' id='word_1_189' title='bbox 232 2200 459 2238; x_wconf 85' lang='lat' dir='ltr'><strong>sterlingorum</strong></span> <span class='ocrx_word' id='word_1_190' title='bbox 490 2204 520 2229; x_wconf 90' lang='lat' dir='ltr'><strong>et</strong></span> <span class='ocrx_word' id='word_1_191' title='bbox 548 2199 700 2229; x_wconf 83' lang='lat' dir='ltr'><strong>tredecim</strong></span> <span class='ocrx_word' id='word_1_192' title='bbox 728 2199 883 2228; x_wconf 86' lang='lat' dir='ltr'><strong>librarum</strong></span> <span class='ocrx_word' id='word_1_193' title='bbox 909 2203 939 2228; x_wconf 88' lang='lat' dir='ltr'><strong>et</strong></span> <span class='ocrx_word' id='word_1_194' title='bbox 969 2198 1080 2229; x_wconf 87' lang='lat' dir='ltr'><strong>decem</strong></span> 
     </span>
     <span class='ocr_line' id='line_1_35' title="bbox 77 2252 1080 2292; baseline -0.003 -8"><span class='ocrx_word' id='word_1_195' title='bbox 77 2253 246 2285; x_wconf 85' lang='lat' dir='ltr'><strong>solidorum</strong></span> <span class='ocrx_word' id='word_1_196' title='bbox 263 2261 450 2292; x_wconf 87' lang='lat' dir='ltr'><strong>grossorum</strong></span> <span class='ocrx_word' id='word_1_197' title='bbox 465 2253 591 2291; x_wconf 83' lang='lat' dir='ltr'><strong>argenti</strong></span> <span class='ocrx_word' id='word_1_198' title='bbox 606 2261 642 2282; x_wconf 87' lang='lat' dir='ltr'><strong>ac</strong></span> <span class='ocrx_word' id='word_1_199' title='bbox 660 2256 789 2282; x_wconf 88' lang='lat' dir='ltr'><strong>centum</strong></span> <span class='ocrx_word' id='word_1_200' title='bbox 806 2252 970 2289; x_wconf 82' lang='lat' dir='ltr'><strong>sexaginta</strong></span> <span class='ocrx_word' id='word_1_201' title='bbox 982 2252 1080 2282; x_wconf 89' lang='lat' dir='ltr'><strong>unius</strong></span> 
     </span>
     <span class='ocr_line' id='line_1_36' title="bbox 77 2306 669 2345; baseline -0.003 -8"><span class='ocrx_word' id='word_1_202' title='bbox 77 2306 229 2337; x_wconf 89' lang='lat' dir='ltr'><strong>librarum</strong></span> <span class='ocrx_word' id='word_1_203' title='bbox 246 2315 416 2345; x_wconf 89' lang='lat' dir='ltr'><strong>parvorum</strong></span> <span class='ocrx_word' id='word_1_204' title='bbox 434 2306 669 2336; x_wconf 87' lang='lat' dir='ltr'><strong>turonensium.</strong></span> 
     </span>
    </p>

    <p class='ocr_par' dir='ltr' id='par_1_14' title="bbox 77 2358 1084 2612">
     <span class='ocr_line' id='line_1_37' title="bbox 116 2358 1082 2396; baseline -0.003 -6"><span class='ocrx_word' id='word_1_205' title='bbox 116 2360 154 2390; x_wconf 90' lang='lat' dir='ltr'><strong>In</strong></span> <span class='ocrx_word' id='word_1_206' title='bbox 169 2369 197 2390; x_wconf 86' lang='lat' dir='ltr'><strong>e.</strong></span> <span class='ocrx_word' id='word_1_207' title='bbox 213 2369 257 2390; x_wconf 91' lang='lat' dir='ltr'><strong>m.</strong></span> <span class='ocrx_word' id='word_1_208' title='bbox 276 2359 422 2390; x_wconf 81' lang='lat' dir='ltr'><strong>Ranucio</strong></span> <span class='ocrx_word' id='word_1_209' title='bbox 435 2359 580 2396; x_wconf 78' lang='lat' dir='ltr'><strong>Abbatis‚</strong></span> <span class='ocrx_word' id='word_1_210' title='bbox 600 2359 637 2388; x_wconf 88' lang='lat' dir='ltr'><strong>de</strong></span> <span class='ocrx_word' id='word_1_211' title='bbox 654 2359 803 2389; x_wconf 89' lang='lat' dir='ltr'><strong>societate</strong></span> <span class='ocrx_word' id='word_1_212' title='bbox 813 2358 976 2388; x_wconf 88' lang='lat' dir='ltr'><strong>Abbatum</strong></span> <span class='ocrx_word' id='word_1_213' title='bbox 992 2358 1082 2388; x_wconf 87' lang='lat' dir='ltr'><strong>etJo-</strong></span> 
     </span>
     <span class='ocr_line' id='line_1_38' title="bbox 78 2412 1082 2450; baseline -0.002 -7"><span class='ocrx_word' id='word_1_214' title='bbox 78 2412 193 2443; x_wconf 88' lang='lat' dir='ltr'><strong>hannis</strong></span> <span class='ocrx_word' id='word_1_215' title='bbox 220 2412 416 2450; x_wconf 82' lang='lat' dir='ltr'><strong>Bacharelli,</strong></span> <span class='ocrx_word' id='word_1_216' title='bbox 447 2412 512 2442; x_wconf 87' lang='lat' dir='ltr'><strong>civi</strong></span> <span class='ocrx_word' id='word_1_217' title='bbox 536 2418 567 2442; x_wconf 86' lang='lat' dir='ltr'><strong>et</strong></span> <span class='ocrx_word' id='word_1_218' title='bbox 590 2412 759 2442; x_wconf 84' lang='lat' dir='ltr'><strong>mercatori</strong></span> <span class='ocrx_word' id='word_1_219' title='bbox 788 2412 975 2442; x_wconf 87' lang='lat' dir='ltr'><strong>Florentino</strong></span> <span class='ocrx_word' id='word_1_220' title='bbox 989 2436 995 2448; x_wconf 86' lang='lat'>,</span> <span class='ocrx_word' id='word_1_221' title='bbox 1026 2419 1082 2450; x_wconf 89' lang='lat' dir='ltr'><strong>pro</strong></span> 
     </span>
     <span class='ocr_line' id='line_1_39' title="bbox 79 2464 1082 2505; baseline -0.002 -9"><span class='ocrx_word' id='word_1_222' title='bbox 79 2475 202 2497; x_wconf 84' lang='lat' dir='ltr'><strong>summa</strong></span> <span class='ocrx_word' id='word_1_223' title='bbox 215 2467 466 2505; x_wconf 87' lang='lat' dir='ltr'><strong>quingentarum</strong></span> <span class='ocrx_word' id='word_1_224' title='bbox 489 2466 623 2504; x_wconf 88' lang='lat' dir='ltr'><strong>triginta</strong></span> <span class='ocrx_word' id='word_1_225' title='bbox 638 2470 706 2496; x_wconf 90' lang='lat' dir='ltr'><strong>octo</strong></span> <span class='ocrx_word' id='word_1_226' title='bbox 725 2466 930 2495; x_wconf 86' lang='lat' dir='ltr'><strong>marcharum</strong></span> <span class='ocrx_word' id='word_1_227' title='bbox 949 2464 1082 2495; x_wconf 89' lang='lat' dir='ltr'><strong>sterlin-</strong></span> 
     </span>
     <span class='ocr_line' id='line_1_40' title="bbox 79 2518 1084 2559; baseline -0.001 -9"><span class='ocrx_word' id='word_1_228' title='bbox 79 2528 188 2558; x_wconf 86' lang='lat' dir='ltr'><strong>gorum</strong></span> <span class='ocrx_word' id='word_1_229' title='bbox 213 2524 243 2550; x_wconf 89' lang='lat' dir='ltr'><strong>et</strong></span> <span class='ocrx_word' id='word_1_230' title='bbox 272 2519 513 2559; x_wconf 88' lang='lat' dir='ltr'><strong>quatuordecim</strong></span> <span class='ocrx_word' id='word_1_231' title='bbox 538 2519 696 2549; x_wconf 89' lang='lat' dir='ltr'><strong>librarum</strong></span> <span class='ocrx_word' id='word_1_232' title='bbox 721 2523 750 2548; x_wconf 91' lang='lat' dir='ltr'><strong>et</strong></span> <span class='ocrx_word' id='word_1_233' title='bbox 778 2528 831 2548; x_wconf 89' lang='lat' dir='ltr'><strong>sex</strong></span> <span class='ocrx_word' id='word_1_234' title='bbox 854 2518 1029 2548; x_wconf 88' lang='lat' dir='ltr'><strong>solidorum</strong></span> <span class='ocrx_word' id='word_1_235' title='bbox 1053 2523 1084 2549; x_wconf 88' lang='lat' dir='ltr'><strong>et</strong></span> 
     </span>
     <span class='ocr_line' id='line_1_41' title="bbox 77 2573 811 2612; baseline -0.001 -9"><span class='ocrx_word' id='word_1_236' title='bbox 77 2577 144 2604; x_wconf 89' lang='lat' dir='ltr'><strong>octo</strong></span> <span class='ocrx_word' id='word_1_237' title='bbox 162 2573 366 2603; x_wconf 88' lang='lat' dir='ltr'><strong>denariorum</strong></span> <span class='ocrx_word' id='word_1_238' title='bbox 386 2573 609 2603; x_wconf 88' lang='lat' dir='ltr'><strong>turonensium</strong></span> <span class='ocrx_word' id='word_1_239' title='bbox 627 2581 811 2612; x_wconf 87' lang='lat' dir='ltr'><strong>parvorum.</strong></span> 
     </span>
    </p>
   </div>
   <div class='ocr_carea' id='block_1_10' title="bbox 147 2757 1011 2789">
    <p class='ocr_par' dir='ltr' id='par_1_15' title="bbox 147 2757 1011 2789">
     <span class='ocr_line' id='line_1_42' title="bbox 147 2757 1011 2789; baseline -0.001 -2"><span class='ocrx_word' id='word_1_240' title='bbox 147 2758 393 2787; x_wconf 50' lang='lat' dir='ltr'><strong>&amp;vso-’⁷23¹</strong></span> <span class='ocrx_word' id='word_1_241' title='bbox 701 2757 788 2789; x_wconf 81' lang='lat' dir='ltr'><strong>Rieu,</strong></span> <span class='ocrx_word' id='word_1_242' title='bbox 805 2757 838 2784; x_wconf 70' lang='lat'><strong>23</strong></span> <span class='ocrx_word' id='word_1_243' title='bbox 855 2758 910 2784; x_wconf 89' lang='lat' dir='ltr'><strong>mai</strong></span> <span class='ocrx_word' id='word_1_244' title='bbox 932 2757 1011 2786; x_wconf 68' lang='lat'><strong>1289.</strong></span> 
     </span>
    </p>
   </div>
   <div class='ocr_carea' id='block_1_11' title="bbox 80 2819 1085 2901">
    <p class='ocr_par' dir='ltr' id='par_1_16' title="bbox 80 2819 1085 2901">
     <span class='ocr_line' id='line_1_43' title="bbox 113 2819 1085 2856; baseline 0 -9"><span class='ocrx_word' id='word_1_245' title='bbox 113 2820 292 2848; x_wconf 86' lang='lat' dir='ltr'><strong>Lambertino</strong></span> <span class='ocrx_word' id='word_1_246' title='bbox 307 2821 342 2847; x_wconf 90' lang='lat' dir='ltr'><strong>de</strong></span> <span class='ocrx_word' id='word_1_247' title='bbox 357 2819 517 2847; x_wconf 87' lang='lat' dir='ltr'><strong>Tollentino</strong></span> <span class='ocrx_word' id='word_1_248' title='bbox 534 2820 687 2846; x_wconf 86' lang='lat' dir='ltr'><strong>rectoriam</strong></span> <span class='ocrx_word' id='word_1_249' title='bbox 702 2820 730 2846; x_wconf 91' lang='lat' dir='ltr'><strong>in</strong></span> <span class='ocrx_word' id='word_1_250' title='bbox 747 2820 945 2855; x_wconf 86' lang='lat' dir='ltr'><strong>spiritualibus</strong></span> <span class='ocrx_word' id='word_1_251' title='bbox 963 2819 1085 2856; x_wconf 81' lang='lat' dir='ltr'><strong>Campa-</strong></span> 
     </span>
     <span class='ocr_line' id='line_1_44' title="bbox 80 2867 737 2901; baseline -0.003 -5"><span class='ocrx_word' id='word_1_252' title='bbox 80 2869 140 2896; x_wconf 78' lang='lat' dir='ltr'><strong>niae</strong></span> <span class='ocrx_word' id='word_1_253' title='bbox 155 2873 182 2897; x_wconf 86' lang='lat' dir='ltr'><strong>et</strong></span> <span class='ocrx_word' id='word_1_254' title='bbox 197 2869 354 2896; x_wconf 85' lang='lat' dir='ltr'><strong>Maritimae</strong></span> <span class='ocrx_word' id='word_1_255' title='bbox 370 2868 531 2895; x_wconf 85' lang='lat' dir='ltr'><strong>committit.</strong></span> <span class='ocrx_word' id='word_1_256' title='bbox 549 2867 619 2901; x_wconf 84' lang='lat' dir='ltr'><strong>(Fol.</strong></span> <span class='ocrx_word' id='word_1_257' title='bbox 639 2867 671 2895; x_wconf 87' lang='lat'><strong>38</strong></span> <span class='ocrx_word' id='word_1_258' title='bbox 687 2871 737 2900; x_wconf 73' lang='grc' dir='ltr'><strong>νο.)</strong></span> 
     </span>
    </p>
   </div>
   <div class='ocr_carea' id='block_1_12' title="bbox 81 2969 1082 3061">
    <p class='ocr_par' dir='ltr' id='par_1_17' title="bbox 81 2969 1082 3061">
     <span class='ocr_line' id='line_1_45' title="bbox 119 2969 1082 3008; baseline 0 -8"><span class='ocrx_word' id='word_1_259' title='bbox 119 2971 226 3000; x_wconf 83' lang='lat' dir='ltr'><strong>Dilecto</strong></span> <span class='ocrx_word' id='word_1_260' title='bbox 251 2971 316 3008; x_wconf 79' lang='lat' dir='ltr'><strong>filio</strong></span> <span class='ocrx_word' id='word_1_261' title='bbox 338 2971 527 2999; x_wconf 80' lang='lat' dir='ltr'><strong>Lambertino</strong></span> <span class='ocrx_word' id='word_1_262' title='bbox 552 2969 585 2998; x_wconf 83' lang='lat' dir='ltr'><strong>de</strong></span> <span class='ocrx_word' id='word_1_263' title='bbox 613 2970 795 3005; x_wconf 83' lang='lat' dir='ltr'><strong>Tollentino,</strong></span> <span class='ocrx_word' id='word_1_264' title='bbox 820 2971 964 3000; x_wconf 82' lang='lat' dir='ltr'><strong>canonico</strong></span> <span class='ocrx_word' id='word_1_265' title='bbox 982 2971 1082 3000; x_wconf 84' lang='lat' dir='ltr'><strong>Bono-</strong></span> 
     </span>
     <span class='ocr_line' id='line_1_46' title="bbox 81 3022 1001 3061; baseline 0 -9"><span class='ocrx_word' id='word_1_266' title='bbox 81 3024 189 3059; x_wconf 79' lang='lat' dir='ltr'><strong>niensi,</strong></span> <span class='ocrx_word' id='word_1_267' title='bbox 207 3024 241 3052; x_wconf 84' lang='lat' dir='ltr'><strong>in</strong></span> <span class='ocrx_word' id='word_1_268' title='bbox 253 3023 468 3061; x_wconf 81' lang='lat' dir='ltr'><strong>spiritualibus</strong></span> <span class='ocrx_word' id='word_1_269' title='bbox 482 3022 645 3060; x_wconf 68' lang='lat' dir='ltr'><strong>Campania</strong></span> <span class='ocrx_word' id='word_1_270' title='bbox 660 3022 868 3060; x_wconf 79' lang='lat' dir='ltr'><strong>Maritimeque</strong></span> <span class='ocrx_word' id='word_1_271' title='bbox 881 3025 1001 3053; x_wconf 83' lang='lat' dir='ltr'><strong>rectori.</strong></span> 
     </span>
    </p>
   </div>
   <div class='ocr_carea' id='block_1_13' title="bbox 1151 412 2163 1082">
    <p class='ocr_par' dir='ltr' id='par_1_18' title="bbox 1151 412 2155 508">
     <span class='ocr_line' id='line_1_47' title="bbox 1193 412 2155 453; baseline 0 -12"><span class='ocrx_word' id='word_1_272' title='bbox 1193 427 1207 441; x_wconf 63' lang='grc' dir='ltr'><strong>(ι</strong></span> <span class='ocrx_word' id='word_1_273' title='bbox 1224 414 1304 444; x_wconf 92' lang='lat' dir='ltr'><strong>Cum</strong></span> <span class='ocrx_word' id='word_1_274' title='bbox 1320 414 1356 443; x_wconf 90' lang='lat' dir='ltr'><strong>in</strong></span> <span class='ocrx_word' id='word_1_275' title='bbox 1369 414 1581 453; x_wconf 72' lang='lat' dir='ltr'><strong>Campania...</strong></span> <span class='ocrx_word' id='word_1_276' title='bbox 1597 431 1636 435; x_wconf 97' lang='lat'><strong>—</strong></span> <span class='ocrx_word' id='word_1_277' title='bbox 1652 414 1723 443; x_wconf 89' lang='lat' dir='ltr'><strong>Dat.</strong></span> <span class='ocrx_word' id='word_1_278' title='bbox 1742 413 1850 450; x_wconf 86' lang='lat' dir='ltr'><strong>Reate,</strong></span> <span class='ocrx_word' id='word_1_279' title='bbox 1863 422 1880 442; x_wconf 86' lang='lat' dir='ltr'>x</span> <span class='ocrx_word' id='word_1_280' title='bbox 1892 412 2045 442; x_wconf 84' lang='lat' dir='ltr'><strong>kalendas</strong></span> <span class='ocrx_word' id='word_1_281' title='bbox 2057 412 2155 450; x_wconf 86' lang='lat' dir='ltr'><strong>junii,</strong></span> 
     </span>
     <span class='ocr_line' id='line_1_48' title="bbox 1151 467 1799 508; baseline -0.002 -11"><span class='ocrx_word' id='word_1_282' title='bbox 1151 468 1352 506; x_wconf 87' lang='lat' dir='ltr'><strong>pontificatus</strong></span> <span class='ocrx_word' id='word_1_283' title='bbox 1369 468 1480 508; x_wconf 83' lang='lat' dir='ltr'><strong>[nostri</strong></span> <span class='ocrx_word' id='word_1_284' title='bbox 1497 476 1583 498; x_wconf 89' lang='lat' dir='ltr'><strong>anno</strong></span> <span class='ocrx_word' id='word_1_285' title='bbox 1599 467 1764 504; x_wconf 89' lang='lat' dir='ltr'><strong>secundo].</strong></span> <span class='ocrx_word' id='word_1_286' title='bbox 1787 478 1799 493; x_wconf 75' lang='grc' dir='ltr'><strong>ιι</strong></span> 
     </span>
    </p>

    <p class='ocr_par' dir='ltr' id='par_1_19' title="bbox 1151 518 2163 1082">
     <span class='ocr_line' id='line_1_49' title="bbox 1191 518 2158 559; baseline -0.003 -9"><span class='ocrx_word' id='word_1_287' title='bbox 1191 521 1229 550; x_wconf 90' lang='lat' dir='ltr'><strong>In</strong></span> <span class='ocrx_word' id='word_1_288' title='bbox 1245 529 1272 550; x_wconf 84' lang='lat' dir='ltr'><strong>e.</strong></span> <span class='ocrx_word' id='word_1_289' title='bbox 1293 530 1336 550; x_wconf 87' lang='lat' dir='ltr'><strong>m.</strong></span> <span class='ocrx_word' id='word_1_290' title='bbox 1350 521 1514 559; x_wconf 79' lang='lat' dir='ltr'><strong>episcopis,</strong></span> <span class='ocrx_word' id='word_1_291' title='bbox 1531 520 1709 557; x_wconf 82' lang='lat' dir='ltr'><strong>abbatibus,</strong></span> <span class='ocrx_word' id='word_1_292' title='bbox 1726 519 1885 559; x_wconf 88' lang='lat' dir='ltr'><strong>prioribus</strong></span> <span class='ocrx_word' id='word_1_293' title='bbox 1904 523 1933 548; x_wconf 90' lang='lat' dir='ltr'><strong>et</strong></span> <span class='ocrx_word' id='word_1_294' title='bbox 1948 518 2158 549; x_wconf 89' lang='lat' dir='ltr'><strong>conventibus</strong></span> 
     </span>
     <span class='ocr_line' id='line_1_50' title="bbox 1151 571 2156 611; baseline -0.002 -9"><span class='ocrx_word' id='word_1_295' title='bbox 1151 573 1371 603; x_wconf 90' lang='lat' dir='ltr'><strong>Cistercieusis</strong></span> <span class='ocrx_word' id='word_1_296' title='bbox 1387 577 1417 603; x_wconf 90' lang='lat' dir='ltr'><strong>et</strong></span> <span class='ocrx_word' id='word_1_297' title='bbox 1432 573 1570 603; x_wconf 87' lang='lat' dir='ltr'><strong>aliorum</strong></span> <span class='ocrx_word' id='word_1_298' title='bbox 1582 573 1746 611; x_wconf 88' lang='lat' dir='ltr'><strong>ordinum,</strong></span> <span class='ocrx_word' id='word_1_299' title='bbox 1759 582 1795 603; x_wconf 82' lang='lat' dir='ltr'><strong>ac</strong></span> <span class='ocrx_word' id='word_1_300' title='bbox 1808 573 1947 609; x_wconf 87' lang='lat' dir='ltr'><strong>decanis,</strong></span> <span class='ocrx_word' id='word_1_301' title='bbox 1960 571 2156 611; x_wconf 83' lang='lat' dir='ltr'><strong>praepositis,</strong></span> 
     </span>
     <span class='ocr_line' id='line_1_51' title="bbox 1151 623 2162 664; baseline -0.001 -9"><span class='ocrx_word' id='word_1_302' title='bbox 1151 626 1407 663; x_wconf 84' lang='lat' dir='ltr'><strong>archidiaconis,</strong></span> <span class='ocrx_word' id='word_1_303' title='bbox 1431 626 1736 664; x_wconf 77' lang='lat' dir='ltr'><strong>archipresbyteris,</strong></span> <span class='ocrx_word' id='word_1_304' title='bbox 1766 625 1929 664; x_wconf 87' lang='lat' dir='ltr'><strong>plebanis,</strong></span> <span class='ocrx_word' id='word_1_305' title='bbox 1961 623 2107 664; x_wconf 87' lang='lat' dir='ltr'><strong>capitulis</strong></span> <span class='ocrx_word' id='word_1_306' title='bbox 2131 628 2162 654; x_wconf 86' lang='lat' dir='ltr'><strong>et</strong></span> 
     </span>
     <span class='ocr_line' id='line_1_52' title="bbox 1152 677 2162 717; baseline 0.001 -10"><span class='ocrx_word' id='word_1_307' title='bbox 1152 678 1291 708; x_wconf 86' lang='lat' dir='ltr'><strong>aliarum</strong></span> <span class='ocrx_word' id='word_1_308' title='bbox 1310 679 1516 709; x_wconf 86' lang='lat' dir='ltr'><strong>ecclesiarum</strong></span> <span class='ocrx_word' id='word_1_309' title='bbox 1538 678 1688 717; x_wconf 85' lang='lat' dir='ltr'><strong>praelatis</strong></span> <span class='ocrx_word' id='word_1_310' title='bbox 1711 687 1765 708; x_wconf 89' lang='lat' dir='ltr'><strong>seu</strong></span> <span class='ocrx_word' id='word_1_311' title='bbox 1790 678 1965 708; x_wconf 88' lang='lat' dir='ltr'><strong>rectoribus</strong></span> <span class='ocrx_word' id='word_1_312' title='bbox 1982 677 2162 716; x_wconf 81' lang='lat' dir='ltr'><strong>ceterisque</strong></span> 
     </span>
     <span class='ocr_line' id='line_1_53' title="bbox 1152 730 2161 770; baseline -0.002 -8"><span class='ocrx_word' id='word_1_313' title='bbox 1152 734 1295 770; x_wconf 85' lang='lat' dir='ltr'><strong>personis</strong></span> <span class='ocrx_word' id='word_1_314' title='bbox 1312 733 1544 768; x_wconf 84' lang='lat' dir='ltr'><strong>ecclesiasticis,</strong></span> <span class='ocrx_word' id='word_1_315' title='bbox 1562 732 1714 770; x_wconf 81' lang='lat' dir='ltr'><strong>exemptis</strong></span> <span class='ocrx_word' id='word_1_316' title='bbox 1731 736 1761 761; x_wconf 86' lang='lat' dir='ltr'><strong>et</strong></span> <span class='ocrx_word' id='word_1_317' title='bbox 1778 740 1842 762; x_wconf 88' lang='lat' dir='ltr'><strong>non</strong></span> <span class='ocrx_word' id='word_1_318' title='bbox 1859 731 2023 770; x_wconf 79' lang='lat' dir='ltr'><strong>exemptis,</strong></span> <span class='ocrx_word' id='word_1_319' title='bbox 2041 739 2077 760; x_wconf 89' lang='lat' dir='ltr'><strong>ac</strong></span> <span class='ocrx_word' id='word_1_320' title='bbox 2090 730 2161 761; x_wconf 85' lang='lat' dir='ltr'><strong>hos-</strong></span> 
     </span>
     <span class='ocr_line' id='line_1_54' title="bbox 1152 782 2162 824; baseline -0.001 -9"><span class='ocrx_word' id='word_1_321' title='bbox 1152 786 1260 824; x_wconf 82' lang='lat' dir='ltr'><strong>pitalis</strong></span> <span class='ocrx_word' id='word_1_322' title='bbox 1276 786 1384 815; x_wconf 81' lang='lat' dir='ltr'><strong>Sancti</strong></span> <span class='ocrx_word' id='word_1_323' title='bbox 1399 785 1560 815; x_wconf 79' lang='lat' dir='ltr'><strong>Joliannis</strong></span> <span class='ocrx_word' id='word_1_324' title='bbox 1574 784 1828 814; x_wconf 85' lang='lat' dir='ltr'><strong>Jcrosolimitani</strong></span> <span class='ocrx_word' id='word_1_325' title='bbox 1845 789 1875 814; x_wconf 88' lang='lat' dir='ltr'><strong>et</strong></span> <span class='ocrx_word' id='word_1_326' title='bbox 1887 785 2020 814; x_wconf 87' lang='lat' dir='ltr'><strong>militiae</strong></span> <span class='ocrx_word' id='word_1_327' title='bbox 2035 782 2162 822; x_wconf 87' lang='lat' dir='ltr'><strong>Templi</strong></span> 
     </span>
     <span class='ocr_line' id='line_1_55' title="bbox 1153 837 2160 877; baseline -0.002 -9"><span class='ocrx_word' id='word_1_328' title='bbox 1153 839 1315 877; x_wconf 81' lang='lat' dir='ltr'><strong>magistris</strong></span> <span class='ocrx_word' id='word_1_329' title='bbox 1329 843 1358 868; x_wconf 89' lang='lat' dir='ltr'><strong>et</strong></span> <span class='ocrx_word' id='word_1_330' title='bbox 1371 838 1638 877; x_wconf 79' lang='lat' dir='ltr'><strong>praeceptoribus,</strong></span> <span class='ocrx_word' id='word_1_331' title='bbox 1661 846 1786 867; x_wconf 87' lang='lat' dir='ltr'><strong>necnon</strong></span> <span class='ocrx_word' id='word_1_332' title='bbox 1804 838 1967 867; x_wconf 86' lang='lat' dir='ltr'><strong>universis</strong></span> <span class='ocrx_word' id='word_1_333' title='bbox 1983 837 2160 873; x_wconf 81' lang='lat' dir='ltr'><strong>nobilibus,</strong></span> 
     </span>
     <span class='ocr_line' id='line_1_56' title="bbox 1153 890 2162 931; baseline -0.003 -9"><span class='ocrx_word' id='word_1_334' title='bbox 1153 893 1358 931; x_wconf 87' lang='lat' dir='ltr'><strong>potestatibus</strong></span> <span class='ocrx_word' id='word_1_335' title='bbox 1381 901 1436 921; x_wconf 91' lang='lat' dir='ltr'><strong>seu</strong></span> <span class='ocrx_word' id='word_1_336' title='bbox 1458 891 1649 927; x_wconf 88' lang='lat' dir='ltr'><strong>rectoribus,</strong></span> <span class='ocrx_word' id='word_1_337' title='bbox 1676 891 1961 920; x_wconf 83' lang='lat' dir='ltr'><strong>communitatibus</strong></span> <span class='ocrx_word' id='word_1_338' title='bbox 1982 895 2011 920; x_wconf 83' lang='lat' dir='ltr'><strong>et</strong></span> <span class='ocrx_word' id='word_1_339' title='bbox 2031 890 2162 920; x_wconf 88' lang='lat' dir='ltr'><strong>univer-</strong></span> 
     </span>
     <span class='ocr_line' id='line_1_57' title="bbox 1154 943 2162 983; baseline -0.003 -8"><span class='ocrx_word' id='word_1_340' title='bbox 1154 946 1299 975; x_wconf 85' lang='lat' dir='ltr'><strong>sitatibus</strong></span> <span class='ocrx_word' id='word_1_341' title='bbox 1317 945 1494 983; x_wconf 86' lang='lat' dir='ltr'><strong>ceterisque</strong></span> <span class='ocrx_word' id='word_1_342' title='bbox 1511 944 1654 983; x_wconf 86' lang='lat' dir='ltr'><strong>personis</strong></span> <span class='ocrx_word' id='word_1_343' title='bbox 1668 943 1885 973; x_wconf 82' lang='lat' dir='ltr'><strong>saecularibus</strong></span> <span class='ocrx_word' id='word_1_344' title='bbox 1898 943 2072 980; x_wconf 81' lang='lat' dir='ltr'><strong>civitatum,</strong></span> <span class='ocrx_word' id='word_1_345' title='bbox 2092 952 2162 973; x_wconf 88' lang='lat' dir='ltr'><strong>cas-</strong></span> 
     </span>
     <span class='ocr_line' id='line_1_58' title="bbox 1155 996 2163 1036; baseline -0.003 -8"><span class='ocrx_word' id='word_1_346' title='bbox 1155 1002 1275 1028; x_wconf 89' lang='lat' dir='ltr'><strong>trorum</strong></span> <span class='ocrx_word' id='word_1_347' title='bbox 1289 1002 1318 1028; x_wconf 87' lang='lat' dir='ltr'><strong>et</strong></span> <span class='ocrx_word' id='word_1_348' title='bbox 1331 998 1468 1028; x_wconf 79' lang='lat' dir='ltr'><strong>aliorum</strong></span> <span class='ocrx_word' id='word_1_349' title='bbox 1479 997 1620 1027; x_wconf 87' lang='lat' dir='ltr'><strong>locorum</strong></span> <span class='ocrx_word' id='word_1_350' title='bbox 1634 1006 1689 1036; x_wconf 88' lang='lat' dir='ltr'><strong>per</strong></span> <span class='ocrx_word' id='word_1_351' title='bbox 1699 996 1909 1034; x_wconf 82' lang='lat' dir='ltr'><strong>Campaniam</strong></span> <span class='ocrx_word' id='word_1_352' title='bbox 1921 1001 1951 1026; x_wconf 88' lang='lat' dir='ltr'><strong>et</strong></span> <span class='ocrx_word' id='word_1_353' title='bbox 1966 996 2163 1026; x_wconf 81' lang='lat' dir='ltr'><strong>Maritimam</strong></span> 
     </span>
     <span class='ocr_line' id='line_1_59' title="bbox 1155 1053 1347 1082; baseline -0.005 0"><span class='ocrx_word' id='word_1_354' title='bbox 1155 1053 1347 1082; x_wconf 88' lang='lat' dir='ltr'><strong>constitutis.</strong></span> 
     </span>
    </p>
   </div>
   <div class='ocr_carea' id='block_1_14' title="bbox 1192 1224 1541 1323">
    <p class='ocr_par' dir='ltr' id='par_1_20' title="bbox 1192 1224 1541 1323">
     <span class='ocr_line' id='line_1_60' title="bbox 1229 1224 1485 1254; baseline -0.008 -1"><span class='ocrx_word' id='word_1_355' title='bbox 1229 1224 1485 1254; x_wconf 49' lang='lat'><strong>2232-‘2233</strong></span> 
     </span>
     <span class='ocr_line' id='line_1_61' title="bbox 1192 1286 1541 1323; baseline -0.003 -9"><span class='ocrx_word' id='word_1_356' title='bbox 1192 1288 1340 1323; x_wconf 87' lang='lat' dir='ltr'><strong>Apochae.</strong></span> <span class='ocrx_word' id='word_1_357' title='bbox 1358 1286 1429 1320; x_wconf 83' lang='lat' dir='ltr'><strong>(Fol.</strong></span> <span class='ocrx_word' id='word_1_358' title='bbox 1445 1287 1477 1314; x_wconf 75' lang='lat'><strong>39</strong></span> <span class='ocrx_word' id='word_1_359' title='bbox 1495 1287 1541 1319; x_wconf 72' lang='lat' dir='ltr'><strong>ro.)</strong></span> 
     </span>
    </p>
   </div>
   <div class='ocr_carea' id='block_1_15' title="bbox 1805 1221 2111 1254">
    <p class='ocr_par' dir='ltr' id='par_1_21' title="bbox 1805 1221 2111 1254">
     <span class='ocr_line' id='line_1_62' title="bbox 1805 1221 2111 1254; baseline -0.007 -5"><span class='ocrx_word' id='word_1_360' title='bbox 1805 1222 1890 1254; x_wconf 65' lang='lat' dir='ltr'><strong>Rieu,</strong></span> <span class='ocrx_word' id='word_1_361' title='bbox 1910 1221 1942 1248; x_wconf 73' lang='lat'><strong>‘23</strong></span> <span class='ocrx_word' id='word_1_362' title='bbox 1960 1222 2015 1248; x_wconf 91' lang='lat' dir='ltr'><strong>mai</strong></span> <span class='ocrx_word' id='word_1_363' title='bbox 2034 1221 2111 1248; x_wconf 71' lang='lat'><strong>1289.</strong></span> 
     </span>
    </p>
   </div>
   <div class='ocr_carea' id='block_1_16' title="bbox 1157 1387 2168 1960">
    <p class='ocr_par' dir='ltr' id='par_1_22' title="bbox 1157 1387 2168 1746">
     <span class='ocr_line' id='line_1_63' title="bbox 1197 1387 2168 1427; baseline -0.004 -7"><span class='ocrx_word' id='word_1_364' title='bbox 1197 1391 1305 1420; x_wconf 70' lang='lat' dir='ltr'><strong>Dilecto</strong></span> <span class='ocrx_word' id='word_1_365' title='bbox 1321 1390 1386 1427; x_wconf 74' lang='lat' dir='ltr'><strong>filio</strong></span> <span class='ocrx_word' id='word_1_366' title='bbox 1403 1391 1500 1419; x_wconf 78' lang='lat' dir='ltr'><strong>Thure</strong></span> <span class='ocrx_word' id='word_1_367' title='bbox 1511 1389 1723 1424; x_wconf 68' lang='lat' dir='ltr'><strong>BarUzoZomei,</strong></span> <span class='ocrx_word' id='word_1_368' title='bbox 1743 1388 1777 1417; x_wconf 87' lang='lat' dir='ltr'><strong>de</strong></span> <span class='ocrx_word' id='word_1_369' title='bbox 1789 1389 1928 1417; x_wconf 76' lang='lat' dir='ltr'><strong>societate</strong></span> <span class='ocrx_word' id='word_1_370' title='bbox 1942 1388 2080 1424; x_wconf 80' lang='lat' dir='ltr'><strong>filiorum</strong></span> <span class='ocrx_word' id='word_1_371' title='bbox 2092 1387 2168 1416; x_wconf 78' lang='lat' dir='ltr'><strong>Bon-</strong></span> 
     </span>
     <span class='ocr_line' id='line_1_64' title="bbox 1157 1438 2168 1481; baseline -0.006 -8"><span class='ocrx_word' id='word_1_372' title='bbox 1157 1445 1291 1481; x_wconf 68' lang='lat' dir='ltr'><strong>sz&#39;qnoris</strong></span> <span class='ocrx_word' id='word_1_373' title='bbox 1312 1448 1338 1472; x_wconf 80' lang='lat' dir='ltr'><strong>et</strong></span> <span class='ocrx_word' id='word_1_374' title='bbox 1357 1444 1564 1472; x_wconf 77' lang='lat' dir='ltr'><strong>Bonaventurc</strong></span> <span class='ocrx_word' id='word_1_375' title='bbox 1582 1441 1786 1477; x_wconf 68' lang='lat' dir='ltr'><strong>Ber-nardini,</strong></span> <span class='ocrx_word' id='word_1_376' title='bbox 1808 1442 1869 1471; x_wconf 80' lang='lat' dir='ltr'><strong>ciri</strong></span> <span class='ocrx_word' id='word_1_377' title='bbox 1892 1446 1918 1470; x_wconf 78' lang='lat' dir='ltr'><strong>et</strong></span> <span class='ocrx_word' id='word_1_378' title='bbox 1938 1440 2102 1469; x_wconf 77' lang='lat' dir='ltr'><strong>mercatori</strong></span> <span class='ocrx_word' id='word_1_379' title='bbox 2118 1438 2168 1467; x_wconf 81' lang='lat' dir='ltr'><strong>Se-</strong></span> 
     </span>
     <span class='ocr_line' id='line_1_65' title="bbox 1158 1491 2168 1534; baseline -0.005 -8"><span class='ocrx_word' id='word_1_380' title='bbox 1158 1498 1256 1526; x_wconf 76' lang='lat' dir='ltr'><strong>nensi.</strong></span> <span class='ocrx_word' id='word_1_381' title='bbox 1281 1496 1318 1526; x_wconf 88' lang='lat' dir='ltr'><strong>Ei</strong></span> <span class='ocrx_word' id='word_1_382' title='bbox 1342 1495 1496 1534; x_wconf 84' lang='lat' dir='ltr'><strong>apocham</strong></span> <span class='ocrx_word' id='word_1_383' title='bbox 1520 1495 1560 1525; x_wconf 90' lang='lat' dir='ltr'><strong>de</strong></span> <span class='ocrx_word' id='word_1_384' title='bbox 1579 1495 1703 1525; x_wconf 87' lang='lat' dir='ltr'><strong>duobus</strong></span> <span class='ocrx_word' id='word_1_385' title='bbox 1721 1494 1852 1524; x_wconf 90' lang='lat' dir='ltr'><strong>milibus</strong></span> <span class='ocrx_word' id='word_1_386' title='bbox 1877 1492 2063 1532; x_wconf 83' lang='lat' dir='ltr'><strong>quingentis</strong></span> <span class='ocrx_word' id='word_1_387' title='bbox 2077 1491 2168 1521; x_wconf 87' lang='lat' dir='ltr'><strong>libris</strong></span> 
     </span>
     <span class='ocr_line' id='line_1_66' title="bbox 1159 1547 2167 1588; baseline -0.005 -8"><span class='ocrx_word' id='word_1_388' title='bbox 1159 1550 1383 1581; x_wconf 87' lang='lat' dir='ltr'><strong>turonensium</strong></span> <span class='ocrx_word' id='word_1_389' title='bbox 1400 1557 1582 1588; x_wconf 82' lang='lat' dir='ltr'><strong>parvorum,</strong></span> <span class='ocrx_word' id='word_1_390' title='bbox 1602 1557 1682 1587; x_wconf 82' lang='lat' dir='ltr'><strong>quas</strong></span> <span class='ocrx_word' id='word_1_391' title='bbox 1698 1548 1737 1578; x_wconf 86' lang='lat' dir='ltr'><strong>de</strong></span> <span class='ocrx_word' id='word_1_392' title='bbox 1754 1547 1881 1577; x_wconf 87' lang='lat' dir='ltr'><strong>residuo</strong></span> <span class='ocrx_word' id='word_1_393' title='bbox 1898 1547 2095 1576; x_wconf 89' lang='lat' dir='ltr'><strong>decimarum</strong></span> <span class='ocrx_word' id='word_1_394' title='bbox 2107 1553 2167 1575; x_wconf 90' lang='lat' dir='ltr'><strong>no-</strong></span> 
     </span>
     <span class='ocr_line' id='line_1_67' title="bbox 1159 1598 2167 1641; baseline -0.005 -8"><span class='ocrx_word' id='word_1_395' title='bbox 1159 1604 1249 1634; x_wconf 87' lang='lat' dir='ltr'><strong>mine</strong></span> <span class='ocrx_word' id='word_1_396' title='bbox 1264 1603 1298 1634; x_wconf 93' lang='lat' dir='ltr'><strong>C.</strong></span> <span class='ocrx_word' id='word_1_397' title='bbox 1321 1604 1406 1641; x_wconf 85' lang='lat' dir='ltr'><strong>regis</strong></span> <span class='ocrx_word' id='word_1_398' title='bbox 1422 1602 1550 1632; x_wconf 82' lang='lat' dir='ltr'><strong>Siciliae</strong></span> <span class='ocrx_word' id='word_1_399' title='bbox 1566 1603 1597 1631; x_wconf 91' lang='lat' dir='ltr'><strong>in</strong></span> <span class='ocrx_word' id='word_1_400' title='bbox 1619 1600 1835 1640; x_wconf 86' lang='lat' dir='ltr'><strong>Folqualkerii</strong></span> <span class='ocrx_word' id='word_1_401' title='bbox 1857 1605 1886 1630; x_wconf 94' lang='lat' dir='ltr'><strong>et</strong></span> <span class='ocrx_word' id='word_1_402' title='bbox 1908 1598 2097 1629; x_wconf 81' lang='lat' dir='ltr'><strong>Provinciae</strong></span> <span class='ocrx_word' id='word_1_403' title='bbox 2115 1606 2167 1628; x_wconf 90' lang='lat' dir='ltr'><strong>co-</strong></span> 
     </span>
     <span class='ocr_line' id='line_1_68' title="bbox 1160 1651 2168 1692; baseline -0.005 -6"><span class='ocrx_word' id='word_1_404' title='bbox 1160 1656 1326 1686; x_wconf 84' lang='lat' dir='ltr'><strong>mitatibus</strong></span> <span class='ocrx_word' id='word_1_405' title='bbox 1342 1655 1547 1686; x_wconf 82' lang='lat' dir='ltr'><strong>collectarum</strong></span> <span class='ocrx_word' id='word_1_406' title='bbox 1567 1655 1719 1692; x_wconf 87' lang='lat' dir='ltr'><strong>magistro</strong></span> <span class='ocrx_word' id='word_1_407' title='bbox 1738 1653 1827 1683; x_wconf 87' lang='lat' dir='ltr'><strong>Adae</strong></span> <span class='ocrx_word' id='word_1_408' title='bbox 1842 1653 1880 1683; x_wconf 90' lang='lat' dir='ltr'><strong>de</strong></span> <span class='ocrx_word' id='word_1_409' title='bbox 1903 1652 2056 1682; x_wconf 85' lang='lat' dir='ltr'><strong>Dussiaco</strong></span> <span class='ocrx_word' id='word_1_410' title='bbox 2068 1674 2077 1688; x_wconf 90' lang='lat'><em>‚</em></span> <span class='ocrx_word' id='word_1_411' title='bbox 2096 1651 2168 1681; x_wconf 85' lang='lat' dir='ltr'><strong>the-</strong></span> 
     </span>
     <span class='ocr_line' id='line_1_69' title="bbox 1161 1706 1918 1746; baseline -0.005 -6"><span class='ocrx_word' id='word_1_412' title='bbox 1161 1710 1307 1740; x_wconf 89' lang='lat' dir='ltr'><strong>saurario</strong></span> <span class='ocrx_word' id='word_1_413' title='bbox 1324 1714 1354 1739; x_wconf 90' lang='lat' dir='ltr'><strong>et</strong></span> <span class='ocrx_word' id='word_1_414' title='bbox 1369 1709 1484 1739; x_wconf 86' lang='lat' dir='ltr'><strong>nuntio</strong></span> <span class='ocrx_word' id='word_1_415' title='bbox 1500 1709 1583 1746; x_wconf 88' lang='lat' dir='ltr'><strong>regis</strong></span> <span class='ocrx_word' id='word_1_416' title='bbox 1600 1707 1742 1743; x_wconf 84' lang='lat' dir='ltr'><strong>Siciliae,</strong></span> <span class='ocrx_word' id='word_1_417' title='bbox 1757 1706 1918 1746; x_wconf 89' lang='lat' dir='ltr'><strong>persolvit.</strong></span> 
     </span>
    </p>

    <p class='ocr_par' dir='ltr' id='par_1_23' title="bbox 1161 1758 2166 1857">
     <span class='ocr_line' id='line_1_70' title="bbox 1203 1758 2166 1797; baseline -0.007 -3"><span class='ocrx_word' id='word_1_418' title='bbox 1203 1776 1216 1791; x_wconf 80' lang='lat'>«</span> <span class='ocrx_word' id='word_1_419' title='bbox 1241 1764 1321 1794; x_wconf 92' lang='lat' dir='ltr'><strong>Cum</strong></span> <span class='ocrx_word' id='word_1_420' title='bbox 1341 1763 1378 1793; x_wconf 86' lang='lat' dir='ltr'><strong>de</strong></span> <span class='ocrx_word' id='word_1_421' title='bbox 1395 1763 1556 1793; x_wconf 88' lang='lat' dir='ltr'><strong>residuo...</strong></span> <span class='ocrx_word' id='word_1_422' title='bbox 1574 1778 1614 1784; x_wconf 92' lang='lat'><em>-</em></span> <span class='ocrx_word' id='word_1_423' title='bbox 1629 1762 1701 1792; x_wconf 85' lang='lat' dir='ltr'><strong>Dat.</strong></span> <span class='ocrx_word' id='word_1_424' title='bbox 1723 1762 1838 1797; x_wconf 87' lang='lat' dir='ltr'><strong>Reate,</strong></span> <span class='ocrx_word' id='word_1_425' title='bbox 1856 1770 1875 1790; x_wconf 64' lang='grc' dir='ltr'>Χ</span> <span class='ocrx_word' id='word_1_426' title='bbox 1888 1759 2043 1790; x_wconf 82' lang='lat' dir='ltr'><strong>kalendas</strong></span> <span class='ocrx_word' id='word_1_427' title='bbox 2064 1758 2166 1797; x_wconf 88' lang='lat' dir='ltr'><strong>junii,</strong></span> 
     </span>
     <span class='ocr_line' id='line_1_71' title="bbox 1161 1815 1788 1857; baseline -0.008 -9"><span class='ocrx_word' id='word_1_428' title='bbox 1161 1818 1365 1857; x_wconf 84' lang='lat' dir='ltr'><strong>pontificatus</strong></span> <span class='ocrx_word' id='word_1_429' title='bbox 1382 1817 1479 1846; x_wconf 85' lang='lat' dir='ltr'><strong>nostri</strong></span> <span class='ocrx_word' id='word_1_430' title='bbox 1496 1825 1581 1846; x_wconf 88' lang='lat' dir='ltr'><strong>anno</strong></span> <span class='ocrx_word' id='word_1_431' title='bbox 1598 1815 1750 1846; x_wconf 87' lang='lat' dir='ltr'><strong>secundo.</strong></span> <span class='ocrx_word' id='word_1_432' title='bbox 1775 1827 1788 1842; x_wconf 69' lang='grc' dir='ltr'><strong>ι»</strong></span> 
     </span>
    </p>

    <p class='ocr_par' dir='ltr' id='par_1_24' title="bbox 1163 1867 2167 1960">
     <span class='ocr_line' id='line_1_72' title="bbox 1202 1867 2167 1908; baseline -0.007 -7"><span class='ocrx_word' id='word_1_433' title='bbox 1202 1872 1241 1901; x_wconf 90' lang='lat' dir='ltr'><strong>In</strong></span> <span class='ocrx_word' id='word_1_434' title='bbox 1255 1880 1281 1901; x_wconf 89' lang='lat' dir='ltr'><strong>e.</strong></span> <span class='ocrx_word' id='word_1_435' title='bbox 1292 1880 1336 1900; x_wconf 89' lang='lat' dir='ltr'><strong>m.</strong></span> <span class='ocrx_word' id='word_1_436' title='bbox 1350 1871 1450 1900; x_wconf 88' lang='lat' dir='ltr'><strong>Lanto</strong></span> <span class='ocrx_word' id='word_1_437' title='bbox 1460 1869 1641 1908; x_wconf 84' lang='lat' dir='ltr'><strong>Agolantis‚</strong></span> <span class='ocrx_word' id='word_1_438' title='bbox 1652 1868 1690 1898; x_wconf 87' lang='lat' dir='ltr'><strong>de</strong></span> <span class='ocrx_word' id='word_1_439' title='bbox 1705 1868 1851 1898; x_wconf 86' lang='lat' dir='ltr'><strong>societate</strong></span> <span class='ocrx_word' id='word_1_440' title='bbox 1864 1867 2167 1901; x_wconf 83' lang='lat' dir='ltr'><strong>Ammannatorum,</strong></span> 
     </span>
     <span class='ocr_line' id='line_1_73' title="bbox 1163 1920 2027 1960; baseline -0.007 -6"><span class='ocrx_word' id='word_1_441' title='bbox 1163 1925 1224 1955; x_wconf 87' lang='lat' dir='ltr'><strong>civi</strong></span> <span class='ocrx_word' id='word_1_442' title='bbox 1241 1929 1270 1954; x_wconf 87' lang='lat' dir='ltr'><strong>et</strong></span> <span class='ocrx_word' id='word_1_443' title='bbox 1285 1923 1452 1954; x_wconf 86' lang='lat' dir='ltr'><strong>mercatori</strong></span> <span class='ocrx_word' id='word_1_444' title='bbox 1471 1922 1673 1959; x_wconf 84' lang='lat' dir='ltr'><strong>Pistoriensi,</strong></span> <span class='ocrx_word' id='word_1_445' title='bbox 1691 1929 1747 1960; x_wconf 90' lang='lat' dir='ltr'><strong>pro</strong></span> <span class='ocrx_word' id='word_1_446' title='bbox 1763 1920 1874 1951; x_wconf 88' lang='lat' dir='ltr'><strong>eadem</strong></span> <span class='ocrx_word' id='word_1_447' title='bbox 1891 1927 2027 1950; x_wconf 85' lang='lat' dir='ltr'><strong>summa.</strong></span> 
     </span>
    </p>
   </div>
   <div class='ocr_carea' id='block_1_17' title="bbox 1236 2090 2099 2126">
    <p class='ocr_par' dir='ltr' id='par_1_25' title="bbox 1236 2090 2099 2126">
     <span class='ocr_line' id='line_1_74' title="bbox 1236 2090 2099 2126; baseline -0.012 -1"><span class='ocrx_word' id='word_1_448' title='bbox 1236 2096 1352 2126; x_wconf 60' lang='grc' dir='ltr'><strong>ἠιμ</strong></span> <span class='ocrx_word' id='word_1_449' title='bbox 1788 2091 1875 2123; x_wconf 81' lang='lat' dir='ltr'><strong>Rieti,</strong></span> <span class='ocrx_word' id='word_1_450' title='bbox 1894 2090 1925 2117; x_wconf 74' lang='lat'><strong>22</strong></span> <span class='ocrx_word' id='word_1_451' title='bbox 1938 2090 2003 2125; x_wconf 82' lang='lat' dir='ltr'><strong>juin</strong></span> <span class='ocrx_word' id='word_1_452' title='bbox 2021 2090 2099 2117; x_wconf 75' lang='lat'><strong>1289.</strong></span> 
     </span>
    </p>
   </div>
   <div class='ocr_carea' id='block_1_18' title="bbox 1198 2152 2169 2188">
    <p class='ocr_par' dir='ltr' id='par_1_26' title="bbox 1198 2152 2169 2188">
     <span class='ocr_line' id='line_1_75' title="bbox 1198 2152 2169 2188; baseline -0.009 -1"><span class='ocrx_word' id='word_1_453' title='bbox 1198 2159 1303 2186; x_wconf 89' lang='lat' dir='ltr'><strong>Contra</strong></span> <span class='ocrx_word' id='word_1_454' title='bbox 1312 2159 1511 2185; x_wconf 79' lang='lat' dir='ltr'><strong>molestatores</strong></span> <span class='ocrx_word' id='word_1_455' title='bbox 1520 2156 1680 2182; x_wconf 86' lang='lat' dir='ltr'><strong>officialium</strong></span> <span class='ocrx_word' id='word_1_456' title='bbox 1691 2155 1811 2181; x_wconf 83' lang='lat' dir='ltr'><strong>rectoris</strong></span> <span class='ocrx_word' id='word_1_457' title='bbox 1820 2153 1990 2188; x_wconf 87' lang='lat' dir='ltr'><strong>Venaysini.</strong></span> <span class='ocrx_word' id='word_1_458' title='bbox 2001 2152 2073 2186; x_wconf 85' lang='lat' dir='ltr'><strong>(Fol.</strong></span> <span class='ocrx_word' id='word_1_459' title='bbox 2083 2152 2115 2179; x_wconf 82' lang='lat'><strong>39</strong></span> <span class='ocrx_word' id='word_1_460' title='bbox 2122 2153 2169 2184; x_wconf 78' lang='lat' dir='ltr'><strong>r0.)</strong></span> 
     </span>
    </p>
   </div>
   <div class='ocr_carea' id='block_1_19' title="bbox 1163 2256 2172 2558">
    <p class='ocr_par' dir='ltr' id='par_1_27' title="bbox 1163 2256 2172 2451">
     <span class='ocr_line' id='line_1_76' title="bbox 1204 2256 2171 2297; baseline -0.007 -7"><span class='ocrx_word' id='word_1_461' title='bbox 1204 2263 1311 2291; x_wconf 78' lang='lat' dir='ltr'><strong>Dilecto</strong></span> <span class='ocrx_word' id='word_1_462' title='bbox 1330 2261 1394 2297; x_wconf 77' lang='lat' dir='ltr'><strong>filio</strong></span> <span class='ocrx_word' id='word_1_463' title='bbox 1408 2260 1537 2289; x_wconf 81' lang='lat' dir='ltr'><strong>Henrico</strong></span> <span class='ocrx_word' id='word_1_464' title='bbox 1554 2259 1587 2287; x_wconf 82' lang='lat' dir='ltr'><strong>de</strong></span> <span class='ocrx_word' id='word_1_465' title='bbox 1600 2258 1746 2293; x_wconf 75' lang='lat' dir='ltr'><strong>Cebenna,</strong></span> <span class='ocrx_word' id='word_1_466' title='bbox 1761 2257 1915 2294; x_wconf 81' lang='lat' dir='ltr'><strong>capellano</strong></span> <span class='ocrx_word' id='word_1_467' title='bbox 1931 2260 2044 2291; x_wconf 72' lang='grc' dir='ltr'><strong>ηοεινο,</strong></span> <span class='ocrx_word' id='word_1_468' title='bbox 2061 2256 2171 2284; x_wconf 78' lang='lat' dir='ltr'><strong>rectori</strong></span> 
     </span>
     <span class='ocr_line' id='line_1_77' title="bbox 1165 2307 2172 2350; baseline -0.008 -6"><span class='ocrx_word' id='word_1_469' title='bbox 1165 2320 1242 2345; x_wconf 80' lang='lat' dir='ltr'><strong>terre</strong></span> <span class='ocrx_word' id='word_1_470' title='bbox 1262 2315 1296 2343; x_wconf 77' lang='lat' dir='ltr'><strong>cle</strong></span> <span class='ocrx_word' id='word_1_471' title='bbox 1317 2314 1492 2350; x_wconf 79' lang='lat' dir='ltr'><strong>I&#39;enoysino.</strong></span> <span class='ocrx_word' id='word_1_472' title='bbox 1514 2312 1551 2341; x_wconf 89' lang='lat' dir='ltr'><strong>Ei</strong></span> <span class='ocrx_word' id='word_1_473' title='bbox 1568 2314 1752 2350; x_wconf 82' lang='lat' dir='ltr'><strong>potestatem</strong></span> <span class='ocrx_word' id='word_1_474' title='bbox 1768 2309 1912 2339; x_wconf 86' lang='lat' dir='ltr'><strong>concedit</strong></span> <span class='ocrx_word' id='word_1_475' title='bbox 1930 2307 2098 2339; x_wconf 88' lang='lat' dir='ltr'><strong>coercendi</strong></span> <span class='ocrx_word' id='word_1_476' title='bbox 2116 2315 2172 2346; x_wconf 88' lang='lat' dir='ltr'><strong>per</strong></span> 
     </span>
     <span class='ocr_line' id='line_1_78' title="bbox 1163 2360 2172 2398; baseline -0.008 0"><span class='ocrx_word' id='word_1_477' title='bbox 1163 2376 1332 2398; x_wconf 89' lang='lat' dir='ltr'><strong>censuram</strong></span> <span class='ocrx_word' id='word_1_478' title='bbox 1349 2365 1595 2396; x_wconf 86' lang='lat' dir='ltr'><strong>ecclesiasticam</strong></span> <span class='ocrx_word' id='word_1_479' title='bbox 1610 2363 1828 2394; x_wconf 88' lang='lat' dir='ltr'><strong>molestatores</strong></span> <span class='ocrx_word' id='word_1_480' title='bbox 1839 2371 1972 2393; x_wconf 90' lang='lat' dir='ltr'><strong>suorum</strong></span> <span class='ocrx_word' id='word_1_481' title='bbox 1983 2360 2172 2391; x_wconf 82' lang='lat' dir='ltr'><strong>officialium</strong></span> 
     </span>
     <span class='ocr_line' id='line_1_79' title="bbox 1164 2417 1706 2451; baseline -0.009 -1"><span class='ocrx_word' id='word_1_482' title='bbox 1164 2425 1200 2451; x_wconf 89' lang='lat' dir='ltr'><strong>ut</strong></span> <span class='ocrx_word' id='word_1_483' title='bbox 1214 2429 1232 2450; x_wconf 90' lang='lat' dir='ltr'><strong>a</strong></span> <span class='ocrx_word' id='word_1_484' title='bbox 1247 2418 1524 2449; x_wconf 85' lang='lat' dir='ltr'><strong>molestationibus</strong></span> <span class='ocrx_word' id='word_1_485' title='bbox 1540 2417 1706 2447; x_wconf 89' lang='lat' dir='ltr'><strong>desistant.</strong></span> 
     </span>
    </p>

    <p class='ocr_par' dir='ltr' id='par_1_28' title="bbox 1165 2467 2172 2558">
     <span class='ocr_line' id='line_1_80' title="bbox 1205 2467 2172 2507; baseline -0.004 -6"><span class='ocrx_word' id='word_1_486' title='bbox 1205 2486 1220 2501; x_wconf 56' lang='grc' dir='ltr'><strong>ι(</strong></span> <span class='ocrx_word' id='word_1_487' title='bbox 1239 2474 1320 2504; x_wconf 87' lang='lat' dir='ltr'><strong>Cum</strong></span> <span class='ocrx_word' id='word_1_488' title='bbox 1336 2473 1417 2502; x_wconf 84' lang='lat' dir='ltr'><strong>sicut</strong></span> <span class='ocrx_word' id='word_1_489' title='bbox 1434 2472 1506 2502; x_wconf 89' lang='lat' dir='ltr'><strong>in...</strong></span> <span class='ocrx_word' id='word_1_490' title='bbox 1525 2488 1563 2493; x_wconf 86' lang='lat'><em>-</em></span> <span class='ocrx_word' id='word_1_491' title='bbox 1579 2471 1650 2500; x_wconf 87' lang='lat' dir='ltr'><strong>Dat.</strong></span> <span class='ocrx_word' id='word_1_492' title='bbox 1670 2470 1778 2506; x_wconf 81' lang='lat' dir='ltr'><strong>Reate,</strong></span> <span class='ocrx_word' id='word_1_493' title='bbox 1797 2479 1815 2498; x_wconf 84' lang='lat' dir='ltr'>x</span> <span class='ocrx_word' id='word_1_494' title='bbox 1828 2468 1982 2499; x_wconf 85' lang='lat' dir='ltr'><strong>kalendas</strong></span> <span class='ocrx_word' id='word_1_495' title='bbox 1998 2467 2084 2507; x_wconf 82' lang='lat' dir='ltr'><strong>julii,</strong></span> <span class='ocrx_word' id='word_1_496' title='bbox 2097 2475 2172 2507; x_wconf 89' lang='lat' dir='ltr'><strong>pon-</strong></span> 
     </span>
     <span class='ocr_line' id='line_1_81' title="bbox 1165 2523 1725 2558; baseline -0.009 -1"><span class='ocrx_word' id='word_1_497' title='bbox 1165 2527 1302 2558; x_wconf 82' lang='lat' dir='ltr'><strong>tificatus</strong></span> <span class='ocrx_word' id='word_1_498' title='bbox 1318 2525 1417 2555; x_wconf 85' lang='lat' dir='ltr'><strong>nostri</strong></span> <span class='ocrx_word' id='word_1_499' title='bbox 1433 2533 1519 2555; x_wconf 83' lang='lat' dir='ltr'><strong>anuo</strong></span> <span class='ocrx_word' id='word_1_500' title='bbox 1538 2523 1690 2554; x_wconf 82' lang='lat' dir='ltr'><strong>seeundo.</strong></span> <span class='ocrx_word' id='word_1_501' title='bbox 1711 2534 1725 2550; x_wconf 82' lang='lat'><strong>»</strong></span> 
     </span>
    </p>
   </div>
   <div class='ocr_carea' id='block_1_20' title="bbox 1202 2698 1534 2796">
    <p class='ocr_par' dir='ltr' id='par_1_29' title="bbox 1202 2698 1534 2796">
     <span class='ocr_line' id='line_1_82' title="bbox 1239 2698 1358 2727; baseline -0.008 0"><span class='ocrx_word' id='word_1_502' title='bbox 1239 2698 1358 2727; x_wconf 64' lang='lat'>’2235</span> 
     </span>
     <span class='ocr_line' id='line_1_83' title="bbox 1202 2759 1534 2796; baseline -0.009 -8"><span class='ocrx_word' id='word_1_503' title='bbox 1202 2761 1332 2796; x_wconf 83' lang='lat' dir='ltr'><strong>Apocha.</strong></span> <span class='ocrx_word' id='word_1_504' title='bbox 1350 2759 1421 2793; x_wconf 84' lang='lat' dir='ltr'><strong>(Fol.</strong></span> <span class='ocrx_word' id='word_1_505' title='bbox 1439 2759 1471 2786; x_wconf 83' lang='lat'><strong>39</strong></span> <span class='ocrx_word' id='word_1_506' title='bbox 1489 2762 1534 2790; x_wconf 80' lang='lat' dir='ltr'><strong>ro.)</strong></span> 
     </span>
    </p>
   </div>
   <div class='ocr_carea' id='block_1_21' title="bbox 1792 2693 2101 2728">
    <p class='ocr_par' dir='ltr' id='par_1_30' title="bbox 1792 2693 2101 2728">
     <span class='ocr_line' id='line_1_84' title="bbox 1792 2693 2101 2728; baseline -0.006 -7"><span class='ocrx_word' id='word_1_507' title='bbox 1792 2694 1879 2728; x_wconf 71' lang='lat' dir='ltr'><strong>Rieu,</strong></span> <span class='ocrx_word' id='word_1_508' title='bbox 1896 2694 1929 2720; x_wconf 72' lang='lat'><strong>24</strong></span> <span class='ocrx_word' id='word_1_509' title='bbox 1941 2693 2006 2728; x_wconf 77' lang='lat' dir='ltr'><strong>J&#39;uin</strong></span> <span class='ocrx_word' id='word_1_510' title='bbox 2024 2693 2101 2720; x_wconf 70' lang='lat'><strong>1289.</strong></span> 
     </span>
    </p>
   </div>
   <div class='ocr_carea' id='block_1_22' title="bbox 1166 2857 2176 3056">
    <p class='ocr_par' dir='ltr' id='par_1_31' title="bbox 1166 2857 2176 3056">
     <span class='ocr_line' id='line_1_85' title="bbox 1206 2857 2175 2899; baseline -0.006 -8"><span class='ocrx_word' id='word_1_511' title='bbox 1206 2863 1314 2891; x_wconf 76' lang='lat' dir='ltr'><strong>Dilecto</strong></span> <span class='ocrx_word' id='word_1_512' title='bbox 1335 2862 1399 2899; x_wconf 79' lang='lat' dir='ltr'><strong>filio</strong></span> <span class='ocrx_word' id='word_1_513' title='bbox 1416 2861 1555 2899; x_wconf 77' lang='lat' dir='ltr'><strong>Philippo</strong></span> <span class='ocrx_word' id='word_1_514' title='bbox 1574 2861 1608 2889; x_wconf 88' lang='lat' dir='ltr'><strong>de</strong></span> <span class='ocrx_word' id='word_1_515' title='bbox 1625 2859 1752 2896; x_wconf 76' lang='lat' dir='ltr'><strong>Gemite,</strong></span> <span class='ocrx_word' id='word_1_516' title='bbox 1769 2859 1915 2896; x_wconf 76' lang='lat' dir='ltr'><strong>preposito</strong></span> <span class='ocrx_word' id='word_1_517' title='bbox 1937 2858 2052 2887; x_wconf 78' lang='lat' dir='ltr'><strong>ecclesie</strong></span> <span class='ocrx_word' id='word_1_518' title='bbox 2069 2857 2175 2886; x_wconf 73' lang='lat' dir='ltr'><strong>Sancti</strong></span> 
     </span>
     <span class='ocr_line' id='line_1_86' title="bbox 1166 2910 2176 2950; baseline -0.008 -5"><span class='ocrx_word' id='word_1_519' title='bbox 1166 2916 1324 2946; x_wconf 76' lang='lat' dir='ltr'><strong>Laurentii</strong></span> <span class='ocrx_word' id='word_1_520' title='bbox 1342 2913 1588 2950; x_wconf 61' lang='lat' dir='ltr'><strong>mediolanensis,</strong></span> <span class='ocrx_word' id='word_1_521' title='bbox 1607 2913 1758 2942; x_wconf 70' lang='lat' dir='ltr'><strong>executori</strong></span> <span class='ocrx_word' id='word_1_522' title='bbox 1781 2913 1889 2941; x_wconf 77' lang='lat' dir='ltr'><strong>ultime</strong></span> <span class='ocrx_word' id='word_1_523' title='bbox 1912 2910 2079 2940; x_wconf 75' lang='lat' dir='ltr'><strong>voluntatis</strong></span> <span class='ocrx_word' id='word_1_524' title='bbox 2104 2910 2176 2938; x_wconf 81' lang='lat' dir='ltr'><strong>bone</strong></span> 
     </span>
     <span class='ocr_line' id='line_1_87' title="bbox 1166 2961 2175 3005; baseline -0.006 -8"><span class='ocrx_word' id='word_1_525' title='bbox 1166 2970 1309 2998; x_wconf 82' lang='lat' dir='ltr'><strong>memorie</strong></span> <span class='ocrx_word' id='word_1_526' title='bbox 1334 2968 1380 3004; x_wconf 58' lang='lat' dir='ltr'><strong>A„</strong></span> <span class='ocrx_word' id='word_1_527' title='bbox 1409 2968 1538 3005; x_wconf 80' lang='lat' dir='ltr'><strong>episcopi</strong></span> <span class='ocrx_word' id='word_1_528' title='bbox 1565 2967 1756 2996; x_wconf 76' lang='lat' dir='ltr'><strong>Mutinensis,</strong></span> <span class='ocrx_word' id='word_1_529' title='bbox 1789 2965 1825 2994; x_wconf 86' lang='lat' dir='ltr'><strong>Ei</strong></span> <span class='ocrx_word' id='word_1_530' title='bbox 1853 2963 2007 3002; x_wconf 85' lang='lat' dir='ltr'><strong>apocham</strong></span> <span class='ocrx_word' id='word_1_531' title='bbox 2036 2962 2111 2992; x_wconf 81' lang='lat' dir='ltr'><strong>facit</strong></span> <span class='ocrx_word' id='word_1_532' title='bbox 2136 2961 2175 2991; x_wconf 90' lang='lat' dir='ltr'><strong>de</strong></span> 
     </span>
     <span class='ocr_line' id='line_1_88' title="bbox 1166 3015 2172 3056; baseline -0.007 -5"><span class='ocrx_word' id='word_1_533' title='bbox 1166 3025 1296 3052; x_wconf 88' lang='lat' dir='ltr'><strong>centum</strong></span> <span class='ocrx_word' id='word_1_534' title='bbox 1314 3021 1404 3051; x_wconf 87' lang='lat' dir='ltr'><strong>libris</strong></span> <span class='ocrx_word' id='word_1_535' title='bbox 1426 3019 1667 3055; x_wconf 86' lang='lat' dir='ltr'><strong>turonensium,</strong></span> <span class='ocrx_word' id='word_1_536' title='bbox 1685 3018 1725 3048; x_wconf 91' lang='lat' dir='ltr'><strong>ab</strong></span> <span class='ocrx_word' id='word_1_537' title='bbox 1741 3018 1796 3055; x_wconf 82' lang='lat' dir='ltr'><strong>A.‚</strong></span> <span class='ocrx_word' id='word_1_538' title='bbox 1813 3017 1957 3056; x_wconf 87' lang='lat' dir='ltr'><strong>episcopo</strong></span> <span class='ocrx_word' id='word_1_539' title='bbox 1974 3015 2172 3052; x_wconf 82' lang='lat' dir='ltr'><strong>Mutinensi,</strong></span> 
     </span>
    </p>
   </div>
  </div>
 </body>
</html>
