2393 3496
795 687 1298 753 APPENDICE
1349 688 1448 752 III

150 1290 264 1319 '2653
710 1291 796 1323 Rieu,
813 1292 847 1319 23
863 1293 918 1319 mai
935 1291 1012 1319 1289.

122 1404 141 1412 ..
155 1382 299 1411 ministro
314 1387 341 1410 et
360 1404 379 1412 ..
398 1383 514 1412 custodi
532 1391 566 1412 ac
586 1384 749 1412 conventui
768 1384 905 1419 fratrum
926 1384 1085 1412 minorum

81 1441 112 1472 S.
129 1442 283 1471 Francisci
300 1441 333 1470 de
350 1442 461 1471 Assisz'o
480 1442 612 1472 mandat
633 1446 667 1472 ut
684 1442 819 1472 Rizardo
837 1442 875 1472 de
893 1443 1083 1480 Ferentino,

84 1487 316 1541 capellano'suo
327 1524 335 1539 ,
355 1503 386 1531 et
404 1502 553 1532 fratribus
570 1502 765 1540 Huguitioni
785 1511 820 1532 ac
839 1502 956 1532 Jacoho
973 1502 1011 1532 de
1024 1503 1086 1532 Ρο-

85 1561 225 1601 οειρᾶΙθα,
251 1561 455 1592 cubiculariis
480 1563 564 1599 suis,
592 1562 745 1592 latoribus
772 1563 1008 1601 praesentium,
1035 1564 1085 1602 j0-

83 1621 160 1652 calia
176 1621 244 1652 sive
265 1622 349 1652 hona
370 1622 404 1652 in
422 1622 565 1661 ipsorum
585 1621 655 1653 loco
675 1622 818 1662 deposita
840 1627 870 1652 et
891 1632 946 1662 per
964 1623 1086 1662 bajulos

83 1682 173 1721 regni
193 1681 322 1712 Siciliae
342 1691 398 1722 pro
418 1691 515 1713 censu
536 1683 634 1723 hujus
656 1683 748 1722 regni
766 1692 864 1722 papae
880 1683 1020 1722 obligata
1036 1693 1087 1714 as-

85 1741 221 1780 signent.

124 1821 137 1837 «
156 1809 238 1840 Cum
253 1809 369 1849 jocalia
383 1810 488 1842 sive...
509 1827 544 1833 —
560 1811 631 1842 Dat.
648 1811 762 1849 Reate,
780 1821 797 1841 x
813 1811 967 1842 kalendas
980 1812 1084 1851 junii,

1168 1299 1255 1321 anno
1279 1290 1429 1320 secundo.
1451 1302 1464 1317 »
1483 1289 1671 1330 (REGESTUM
1689 1290 1867 1321 CLEMENwis
1886 1301 1983 1321 PAPAE
2002 1292 2040 1329 V,
2059 1292 2178 1325 Romae

1172 1343 1259 1380 1886,
1280 1344 1507 1381 Proleyomena,
1525 1353 1555 1382 p.
1571 1343 1693 1381 xxxm.)

1242 1476 1358 1505 ’2654
1803 1477 1890 1511 Rieti,
1907 1478 1940 1504 25
1956 1478 2011 1504 mai
2028 1478 2106 1506 1289.

1212 1547 1344 1575 Rizardo
1362 1547 1396 1575 de
1413 1547 1583 1583 Ferentino,
1603 1546 1769 1584 capellano,
1785 1551 1812 1576 et
1828 1548 1978 1583 fratribus
1993 1548 2178 1585 Huyuitionz'

1170 1608 1204 1629 ac
1219 1600 1324 1629 Jacobs>
1340 1600 1374 1628 de
1386 1599 1561 1637 Pocapalea,
1575 1600 1774 1629 cubiculariis
1788 1599 1911 1629 nostris.
1929 1599 1982 1629 Eis
1997 1599 2129 1630 mandat
2143 1603 2178 1630 ut

1171 1653 1210 1682 ad
1226 1653 1390 1682 Assisium
1409 1661 1442 1682 se
1459 1652 1672 1689 conferentes,
1690 1652 1848 1692 praedicta
1868 1652 1986 1692 jocalia
2004 1654 2178 1692 recipiant,

1171 1715 1207 1736 ea
1222 1706 1283 1736 sibi
1299 1705 1445 1736 delaturi.

1212 1771 1226 1786 «
1245 1758 1326 1789 Cum
1339 1759 1454 1798 Joealia
1469 1759 1570 1790 sive...
1585 1776 1623 1781 —
1636 1760 1706 1790 Dat.
1722 1759 1831 1796 Reate,
1845 1768 1901 1789 vni
1914 1758 2065 1790 kalendas
2077 1759 2179 1799 junii,

1171 1811 1257 1842 a'nno
1274 1813 1424 1843 secundo.
1447 1824 1460 1840 n
1477 1812 1582 1852 (Ibid.)

931 2373 981 2395 rm
1004 2374 1043 2395 ΒΕ
1065 2364 1263 2396 L'APPENnmE
1283 2374 1329 2395 111.
