2393 3496
880 312 1134 360 QUATRIEME
1157 310 1314 350 ANNEE.
2092 316 2150 345 865

354 393 714 428 Sainte-Marie-Majeure‚
730 392 764 418 ‘23
778 392 890 426 janvier
906 390 984 417 1292.

122 400 237 429 6445

88 461 173 489 Aliud
196 458 376 494 privilegium
393 456 592 483 Januensibus
613 454 754 481 concedit.
775 453 857 487 (Rea.
878 453 921 485 46,
938 460 963 478 c.
984 451 1057 485 6842,

55 512 74 539 f.
93 510 142 538 136
156 511 207 541 νο.)

93 611 211 642 Eisdem
231 607 378 645 indulget
400 611 434 636 ut
455 610 542 635 extra
562 605 723 635 civitatem
746 603 795 633 vel
815 603 986 633 dioecesim
1003 602 1059 631 Ja-

57 673 208 697 nuensem
234 662 268 691 in
294 670 422 691 causam
449 668 502 698 per
526 659 647 688 litteras
673 657 859 696 apostolicas
887 656 967 686 trahi
996 663 1059 685 non

56 718 185 759 possint.

98 782 110 798 α
128 770 260 800 Tantam
278 766 460 797 devotionis
480 770 546 795 et...
562 781 602 787 —
618 765 689 794 Dat.
707 769 859 801 utsupra.
880 775 893 789 n

126 927 241 957 6446

92 988 275 1024 Dispensatio
290 986 473 1013 matrimonii.
493 985 576 1019 (Rea.
595 985 637 1018 46,
653 993 679 1011 c.
696 984 757 1017 685,
776 984 793 1011 f,
811 983 860 1010 136
878 986 927 1015 v0.)

360 923 719 957 Sainte-Marie-Majeure,
740 922 770 949 13
782 923 895 956 janvier
913 921 990 948 1‘29‘2.

99 1116 118 1121 ..
144 1091 364 1127 archiepiscopo
393 1089 591 1125 Neapolitano
615 1086 785 1116 committit
810 1089 843 1114 ut
865 1094 937 1115 cum
962 1084 1063 1114 nobili

58 1145 124 1175 viro
142 1143 299 1173 Lodovico
323 1141 362 1171 de
381 1140 562 1177 Montibus,
582 1139 714 1169 domino
735 1138 873 1168 civitatis
895 1137 1059 1173 Putlieoli,

59 1202 88 1228 et
103 1195 205 1227 nobili
221 1195 356 1225 muliere
371 1195 539 1230 Johanna,
558 1197 631 1222 nata
647 1192 808 1231 quondam
828 1191 993 1229 Boggerii,
1010 1200 1062 1220 co-

59 1251 144 1281 mitis
159 1249 358 1283 Fundorum,
373 1248 537 1286 dispenset
553 1251 586 1276 ut
602 1247 636 1275 in
651 1246 857 1275 matrimonio
873 1245 955 1283 quod
971 1244 1062 1281 olim,

59 1302 324 1342 impedimentum
345 1310 412 1330 esse
433 1300 635 1338 ignorantes,
656 1303 884 1329 contraxerunt
902 1303 932 1327 et
949 1298 983 1327 in
1000 1307 1064 1336 qno

59 1355 178 1395 prolem
195 1358 401 1393 procrearunt
418 1362 584 1382 remanere
600 1351 743 1387 valeant,
763 1360 947 1389 quanquam
966 1360 1064 1389 quon-

61 1409 132 1439 dam
147 1406 283 1437 Altruda
298 1406 337 1436 de
353 1405 496 1444 Apolita,
514 1405 600 1444 prior
618 1404 766 1434 Lodovici
786 1413 878 1440 uxor,
895 1404 1065 1433 -Iohannae

22 1465 24 1468 ’
61 1465 170 1501 quarto
186 1458 477 1497 consanguinitatis
495 1458 594 1496 gradu
612 1458 776 1487 attinebat.

102 1525 114 1540 α
135 1514 228 1543 Lecta
248 1521 354 1542 coram
375 1512 506 1542 nobis...
526 1528 565 1532 —
584 1511 654 1540 Dat.
675 1512 795 1547 Rome,
813 1510 896 1548 apud
915 1510 1065 1540 Sanctam

62 1567 193 1598 Mariam
210 1567 377 1605 Maj01·em,
394 1565 502 1595 idibus
514 1564 669 1604 J'anuarii,
686 1573 772 1594 anno
787 1569 910 1603 quarto.
930 1576 943 1590 »

127 1726 242 1754 844³?

93 1788 236 1824 Episcopo
256 1787 435 1814 Vei-cellensi
456 1787 570 1813 mandat
586 1790 616 1812 ut
634 1786 787 1812 ecclesiam
803 1786 1010 1820 parrochialem
1031 1786 1066 1812 de

61 1838 208 1865 villanova
228 1840 277 1863 aut
300 1837 384 1863 aliam
409 1836 551 1862 dioecesis
576 1844 645 1861 suae
678 1856 694 1862 ..
721 1835 921 1861 archidiacono
947 1834 1066 1861 Vercel-

359 1723 721 1758 Sainte-Marie-Majeure,
742 1723 772 1750 15
784 1723 898 1757 janvier
914 1723 992 1750 1292.

0 1887 13 1920 ξ,
61 1887 131 1914 lensi
146 1887 175 1913 in
190 1886 391 1913 concambium
409 1894 459 1920 pro
479 1884 600 1911 ecclesia
617 1884 713 1910 Sancti
730 1884 886 1910 Salvator-is
904 1884 938 1910 de
954 1883 1066 1911 Merca-

61 1936 125 1963 tello
139 1935 287 1962 concedat.
305 1935 388 1968 (Rea.
406 1935 449 1967 46,
465 1942 491 1961 e.
508 1934 569 1965 686,
585 1934 605 1960 f.
624 1933 673 1960 137
690 1935 738 1965 ιό.)

100 2046 120 2054 ..
138 2026 270 2063 episcopo
292 2024 476 2053 Vercellensi.

97 2090 114 2106 u
130 2078 259 2108 Pridem
276 2077 398 2107 dilectis
415 2077 528 2105 filiis...
546 2093 584 2097 -—
602 2075 672 2105 Dat.
689 2075 801 2111 Rome,
816 2075 899 2113 apud
916 2075 1064 2105 Sanctam

60 2131 194 2162 Mariam
208 2131 374 2170 MaJ'orem,
386 2139 462 2159 xvn1
473 2128 627 2159 kalendas
639 2127 803 2164 februarii,
816 2136 901 2158 anno
913 2132 1038 2166 quarto.
1050 2139 1063 2155 ι,

128 2291 244 2319 6448

93 2351 305 2379 Archidiacono
324 2350 501 2377 Vercelleusi
524 2349 639 2376 mandat
658 2352 689 2375 ut
713 2349 865 2375 ecclesiam
885 2348 982 2375 Sancti
1004 2348 1066 2374 Sal-

61 2401 164 2427 vatoris
192 2401 227 2427 de
254 2400 417 2426 Mei-catello
448 2398 661 2425 Vercellensem
688 2397 845 2432 guardiano
873 2400 901 2423 et
929 2397 1066 2423 fratribus

61 2449 216 2475 minoribus
237 2449 271 2474 de
293 2447 434 2474 Vercellis
454 2446 602 2474 concedat.
626 2446 709 2480 (Res.
726 2445 770 2477 46,
788 2454 813 2472 c.
831 2446 904 2477 686²,
921 2446 941 2473 f.
960 2446 1009 2472 137
1026 2452 1065 2476 r⁰;

361 2287 722 2321 Sainte-Marie-Majeure,
742 2287 773 2313 15
785 2287 898 2321 Janvier
916 2286 993 2314 1⁶292.

6 2495 8 2497 ’
59 2495 174 2529 Pomm„
190 2497 300 2530 23896.)

103 2607 122 2615 ..
139 2586 354 2615 archidiacono
376 2585 562 2614 Vercetlensi.

103 2649 117 2665 «
133 2638 262 2668 Pridem
279 2637 404 2667 dilectis
419 2637 533 2667 filiis...
550 2654 589 2659 --
605 2637 677 2667 Dat.
696 2641 729 2667 ut
744 2646 850 2676 supra.
871 2648 885 2663 »

130 2796 246 2825 6449

96 2857 280 2894 Dispensatio
303 2866 390 2894 super
413 2859 526 2885 defectu
546 2858 733 2885 litteraturae.
760 2858 843 2891 (Rae.
869 2859 919 2891 46,
943 2867 969 2886 c.
995 2858 1065 2890 687,

362 2795 722 2831 Sainte-Marie-Majeure‚
739 2796 773 2823 ‘24
787 2797 899 2830 janvier
915 2796 994 2823 1292.

11 2938 12 2946 ἵ
62 2906 81 2933 f.
98 2906 147 2934 137
163 2908 211 2940 1¹⁰.)

101 2996 252 3025 Bernardo
271 2996 306 3024 de
323 2995 450 3032 Candas,
469 2995 615 3025 monacho
631 2996 812 3025 monasterii
828 2995 934 3025 Sancti
951 2996 1068 3025 Ricarz'i

203 3061 276 3089 Rea,
296 3061 420 3089 NIGOLAS
440 3060 493 3088 IV.

1141 389 1173 416 in
1187 388 1324 423 Pontico,
1341 387 1380 415 ad
1392 394 1556 415 romanam
1570 385 1723 414 ecclesiam
1741 383 1826 412 nullo
1844 383 1941 410 medio
1956 383 2147 419 pertinentis,

1140 441 1259 469 ordinis
1288 440 1317 468 S.
1346 439 1512 474 Benedicti,
1539 437 1750 467 Ambianensz's
1775 436 1913 469 diocesis,
1937 436 2088 472 preposito
2117 436 2151 463 de

1140 494 1278 530 Mayoclt,
1294 491 1441 528 indulget
1457 495 1490 520 ut
1505 490 1601 519 abbas
1619 488 1696 526 eligi
1717 488 1824 527 possit.
1846 487 1919 516 Jam
1945 487 2031 516 enim
2053 487 2151 516 abbas

1141 545 1329 575 monasterii
1345 544 1451 574 Sancti
1471 543 1593 573 Ricarii
1612 542 1730 572 electus
1752 541 1871 577 suerat,
1890 540 1944 570 sed
1967 540 2041 578 quia
2065 539 2150 569 litte-

1141 602 1267 627 raturae
1289 598 1447 627 defectum
1468 597 1601 635 patitur,
1622 596 1690 633 ejus
1714 594 1825 624 electio
1844 602 1861 622 a
1884 593 1957 623 sede
1981 592 2151 631 apostolica

1142 652 1264 680 irritata
1283 650 1351 679 suit.

1185 716 1198 730 «
1216 703 1328 732 Merita
1344 707 1394 731 tue
1409 702 1626 731 devotionis...
1640 718 1679 723 —
1692 701 1761 729 Dat.
1780 701 1890 736 Rome,
1905 699 1987 738 apud
2003 700 2151 729 Sanctam

1144 757 1279 786 Mariam
1296 756 1462 793 MaJ'orem,
1477 764 1543 783 v1111
1555 754 1710 783 kalendas
1722 754 1886 789 februarii,
1900 761 1985 782 anno
1996 757 2120 791 quarto.
2136 764 2151 778 »

1216 941 1337 969 (3450
1451 939 1811 972 Sainte-Marie-Majeure,
1831 939 1861 964 13
1876 939 1987 972 janvier
2005 938 2081 965 1392.

1179 1004 1346 1030 Theodiuus
1377 1003 1517 1029 ecclesiae
1556 1002 1754 1035 Senegaliensi
1787 1001 1942 1035 episcopus
1980 1000 2151 1034 praeficitur.

1145 1054 1228 1087 (Rea.
1246 1053 1289 1086 46,
1306 1061 1331 1079 c.
1349 1052 1410 1086 688,
1428 1052 1446 1078 f.
1465 1052 1512 1077 137
1530 1053 1580 1081 νῦ.)

1189 1156 1355 1191 Tltecdi'no,
1376 1155 1507 1192 episcopo
1528 1153 1745 1190 Seneyati'ensi.
1772 1151 1911 1181 Ecclesia
1932 1150 2155 1187 Senegaliensi

1146 1219 1200 1248 per
1217 1210 1339 1238 obitum
1357 1207 1576 1237 Transmuudi
1596 1211 1744 1241 vacante,
1769 1228 1787 1234 ..
1806 1205 2003 1243 praepositus
2023 1208 2052 1232 et
2070 1203 2155 1241 capi-

1147 1263 1249 1292 tulum
1274 1262 1377 1300 primo
1403 1260 1628 1297 Lanibertum‚
1655 1259 1825 1298 plebanum
1850 1257 1951 1295 plebis
1977 1257 2015 1285 de
2040 1258 2156 1285 Sancta

1148 1315 1295 1350 Paulina,
1308 1313 1528 1343 Ariminensis
1544 1312 1709 1347 dioecesis,
1724 1311 1902 1348 elegerunt,
1921 1309 2047 1345 deinde,
2063 1310 2155 1338 Lam-

1147 1369 1235 1398 berto
1255 1368 1331 1397 huic
1347 1367 1494 1396 electioni
1510 1366 1692 1396 consentire
1710 1364 1854 1400 nolente,
1873 1364 1951 1393 duas
1968 1363 2155 1398 electiones,

1147 1421 1279 1451 alteram
1300 1421 1337 1450 de
1356 1420 1505 1450 Alberico
1522 1420 1561 1448 de
1583 1418 1762 1454 Medicina,
1783 1417 1937 1446 canonico
1958 1415 2154 1447 Ravennati,

1147 1475 1280 1505 alteram
1311 1475 1349 1504 de
1383 1474 1565 1509 Tlieodino,
1598 1476 1673 1501 tunc
1709 1471 1823 1500 clerico
1861 1470 2012 1499 ecclesiae
2049 1468 2157 1498 Sancti

1146 1529 1309 1558 «Iohannis
1326 1529 1363 1557 de
1382 1528 1488 1556 Monte
1509 1527 1651 1564 Lupone,
1670 1525 1840 1554 Firmanae
1856 1523 2020 1559 dioecesis,
2038 1522 2072 1550 in
2089 1521 2157 1550 dis—

1148 1582 1255 1612 cordia
1271 1581 1487 1615 celebrarunt3
1506 1588 1601 1608 causa
1617 1587 1692 1608 vero
1707 1578 1746 1607 ad
1764 1577 1870 1607 sedem
1887 1575 2089 1614 apostolicam
2106 1575 2157 1604 de-

1148 1635 1256 1665 voluta
1285 1639 1315 1664 et
1343 1635 1383 1664 H.
1395 1657 1402 1669 ‚
1435 1633 1569 1662 Sanctae
1599 1631 1736 1661 Sabinae
1768 1630 1952 1668 presbytero
1979 1627 2156 1664 cardinali,

1149 1689 1329 1724 commissa,
1345 1686 1513 1716 Albericus
1530 1690 1560 1715 et
1575 1685 1760 1714 Theodinus
1777 1684 1865 1713 omni
1879 1683 1945 1722 juri
1962 1691 2019 1711 suo
2036 1690 2158 1710 renun-

1150 1743 1279 1771 tiarunt.
1293 1741 1398 1776 Quare
1415 1749 1492 1778 papa
1509 1738 1658 1768 eumdem
1673 1737 1878 1767 Tlieodinum
1895 1735 2046 1766 ecclesiae
2059 1734 2159 1764 Sene-

1148 1795 1283 1834 galiensi
1300 1793 1453 1833 praeficit.

1190 1860 1204 1874 «
1226 1848 1314 1877 Inter
1330 1852 1434 1877 cetera
1451 1846 1605 1884 quibus..
1624 1861 1662 1865 —
1681 1845 1752 1874 Dat.
1771 1844 1870 1873 Rome
1885 1867 1891 1880 ,
1909 1842 1992 1881 apud
2010 1843 2158 1871 Sanctam

1149 1901 1286 1930 Mariam
1303 1901 1467 1938 MaJ'orem,
1487 1899 1592 1928 idibus
1606 1896 1760 1936 januarii,
1778 1904 1863 1925 anno
1878 1900 2002 1934 quarto.
2024 1906 2036 1920 »

1219 2088 1330 2117 (3451

1182 2150 1329 2184 Indulget,
1348 2149 1380 2174 ad
1398 2149 1488 2174 instar
1503 2146 1661 2173 Alexandri
1677 2145 1753 2171 IIII·i
1764 2166 1771 2177 ‚
1791 2148 1821 2170 ut
1836 2144 1974 2170 ecclesiae
1990 2146 2018 2169 et
2034 2142 2158 2177 capellae

1148 2198 1321 2225 monasterio
1337 2197 1458 2223 Sanctae
1474 2196 1578 2222 Mariae
1594 2195 1768 2221 Eboraccnsi
1784 2201 1911 2219 annexae
1928 2200 1977 2226 per
1993 2191 2157 2225 capellanos

1454 2083 1814 2118 Sainte-Marie-Majeure,
1834 2082 1865 2108 13
1878 2082 1990 2116 janvier
2010 2080 2085 2107 1‘29‘2.

1147 2252 1302 2282 perpetuos
1318 2245 1456 2272 deserviri
1472 2244 1593 2280 possint.
1614 2243 1696 2275 (Rae.
1715 2242 1758 2276 46,
1775 2250 1800 2269 C.
1818 2242 1880 2274 689,
1896 2241 1915 2267 f.
1936 2241 1982 2267 137
2000 2242 2051 2272 vo.)

1189 2387 1209 2395 ..
1237 2364 1339 2393 abbati
1364 2368 1390 2391 et
1413 2362 1576 2391 conventui
1598 2360 1777 2389 monasterii?
1800 2358 1907 2388 Sancte
1930 2358 2025 2386 Marie
2048 2356 2159 2385 Ebora-

1147 2420 1253 2452 censis,
1268 2417 1388 2445 ordinis
1403 2415 1433 2445 S.
1452 2415 1614 2443 Benedicti.

1194 2483 1206 2497 α
1222 2469 1353 2500 Ordinis
1370 2468 1466 2498 vestri
1482 2470 1659 2497 meretur...
1677 2481 1716 2487 —-
1731 2465 1801 2494 Dat.
1822 2468 1854 2494 nt
1871 2472 1978 2502 snpra.
2001 2474 2014 2489 n

1224 2656 1310 2684 645
1315 2655 1341 2682 2

1187 2719 1372 2753 Privilegium
1386 2716 1559 2743 monasterio
1575 2714 1697 2741 Sanctae
1712 2713 1816 2739 Mariae
1828 2711 2003 2738 Eboracensi
2014 2708 2158 2736 concedit.

1153 2770 1233 2803 (Rea.
1252 2769 1294 2799 46,
1312 2776 1337 2794 c.
1355 2766 1427 2798 689²,
1445 2765 1464 2792 f.
1482 2765 1530 2792 137
1548 2766 1599 2796 v0.)

1452 2650 1815 2685 Sainte-Marie-Majeure,
1835 2649 1866 2676 '13
1879 2649 1992 2683 janvier
2009 2647 2087 2673 1292.

1189 2886 1323 2921 Eisdem,
1340 2883 1378 2912 ad
1394 2883 1494 2912 instar
1509 2879 1690 2910 Innocentii
1707 2878 1807 2914 111121,
1825 2875 1972 2913 indulget
1990 2878 2021 2903 ut
2045 2873 2156 2902 nullus

1150 2938 1312 2976 delegatus
1328 2935 1377 2966 vel
1393 2934 1616 2971 subdelegatus
1631 2933 1670 2962 ab
1687 2940 1739 2970 eo,
1754 2934 1900 2960 executor
1917 2937 1970 2957 seu
1988 2934 2155 2956 conserva-

1150 2995 1197 3022 tor
1217 3000 1235 3020 a
1257 2990 1330 3020 sede
1351 2987 1521 3027 apostolica
1544 2987 1711 3025 deputatus
1735 2984 1768 3013 in
1790 2991 1842 3012 eos
1861 2979 2081 3019 suspensionis
2107 2977 2157 3007 vel

1968 3045 2017 3072 109
