2393 3496
228 313 285 341 846
967 303 1199 335 REGISTRES
1222 302 1274 331 DE
1298 300 1478 330 NICOLAS
1500 301 1555 330 lv.

230 387 302 407 nem
328 378 456 406 reddere
482 394 490 405 -,
511 386 518 395 =
543 375 693 404 fructibus·
714 378 742 402 et
766 372 969 411 proventibus
991 371 1030 399 ab
1050 370 1127 408 ipsis
1149 368 1221 397 sede

229 436 357 460 vacante
376 430 535 467 perruptis.

271 498 281 508 ι
304 483 469 518 anrvlziin
488 479 675 508 venerabilis
695 478 887 507 li·at1·is...—
906 476 964 504 Dat
995 481 1146 513 utsupra.
1167 487 1180 499 v»

501 646 856 678 >xiiniv-Muric-Majenro,
875 646 889 671 5
905 645 1055 670 decembre
1076 644 1150 670 1391.

299 651 413 680 6290

262 712 415 738 Concessio
432 710 637 735 tabellionatus.
655 709 736 740 (llud.
756 709 798 736 liti,
816 716 840 733 c.
859 708 920 738 615,
938 707 955 732 f.
977 708 1022 733 12³3
1039 708 1086 738 νο.)

264 813 396 841 Jalinnnl'
415 812 447 838 dr
465 812 581 845 liilvw,
600 811 658 838 ciri
675 810 808 843 liin-ensi,
827 808 1050 838 tabellionatus
1068 807 1221 844 officium,

225 866 262 894 ad
283 864 364 903 qnod
387 863 596 893 exercendum
622 872 638 891 a
663 862 821 898 magistris
842 861 1003 899 ltaynerio
1018 861 1056 889 de
1076 860 1200 890 Casulis
1214 884 1220 896 ,

227 918 434 951 Υ111161311116,
456 922 485 945 vt
506 916 628 945 (Elei-ico
653 916 689 945 de
711 915 809 950 l'isis,
832 916 999 944 Reineusis
1018 914 1223 942 ecclesiarum

227 970 403 1005 canoniris,
423 969 596 1007 capellanis
614 978 724 1006 papae,
744 968 876 997 idoneus
892 967 1051 1005 judicatus
1070 971 1130 1002 est,
1147 975 1223 996 con-

225 1024 316 1054 cedit.

270 1089 281 1102 ‹
309 1076 355 1105 Ne
377 1079 592 1105 contractuum
621 1075 811 1104 memoria...
834 1091 872 1095 —
897 1074 965 1102 Dat.
991 1074 1111 1107 Rome.
1139 1073 1223 1111 apud

226 1130 373 1159 Sanctam
412 1129 543 1157 Mariam
574 1128 746 1166 Minorem,
779 1127 871 1156 nouis
907 1126 1103 1162 decembris,
1137 1134 1223 1156 anno

225 1187 346 1221 quarto.
366 1194 379 1207 n

295 1352 407 1380 6291
503 1350 858 1385 8311116-11131·1θ-Μ3]“6111-6,
876 1351 890 1377 5
906 1351 1057 1377 decembre
1075 1351 1149 1378 1291.

261 1414 358 1440 missio
376 1413 466 1448 pallei.
483 1413 563 1446 (Res.
582 1413 624 1441 46.
641 1421 666 1439 C.
685 1413 756 1443 6152,
775 1413 793 1439 f.
814 1412 861 1439 1⁶23
877 1414 926 1445 vo.)

271 1516 433 1544 Venerabili
454 1517 550 1551 fratri
569 1516 698 1549 Anslree,
718 1517 937 1554 archiepiscopo
958 1516 1140 1554 Syponstno,
1158 1517 1225 1556 pal-

225 1570 307 1599 leum
326 1579 377 1607 pur
390 1570 444 1604 M.‚
458 1569 590 1598 Sanctae
603 1569 724 1598 Mariae
740 1569 775 1598 in
794 1570 919 1598 Porticn
937 1569 1108 1600 diaconum
1126 1571 1224 1600 cardi-

224 1623 345 1659 nalem,
364 1622 506 1652 exhiberi
524 1622 607 1652 fecit.

265 1689 277 1703 α
296 1677 380 1706 011111
399 1676 530 1706 ecclesia
546 1676 762 1715 Sypontina...
777 1693 817 1699 —
833 1677 903 1707 Dat.
923 1681 955 1707 ut
971 1687 1077 1716 supra.
1097 1690 1110 1705 n

291 1850 405 1878 6292

257 1911 386 1937 Facultas
402 1912 565 1938 conserendi
583 1912 764 1938 beneficium.
782 1912 864 1944 (Res.
883 1913 926 1943 46,
942 1920 966 1938 6.
985 1912 1050 1942 016,
1069 1913 1087 1938 f⁴
1108 1913 1155 1939 1⁶23
1171 1916 1220 1945 v0.l

479 1849 834 1883 Sainte-Marie-Majeurc,
855 1850 893 1875 10¹·
907 1849 1057 1876 decembre
1076 1850 1152 1877 1291.

266 2015 431 2043 Venerabili
445 2015 540 2050 fratri
554 2014 710 2050 Gattsri'do,
726 2015 857 2051 episcopo
872 2015 1083 2049 λάηειοηεηεῐ,
1098 2014 1224 2044 faculta-

221 2073 281 2097 tem
307 2067 451 2097 concedit
478 2067 651 2105 recipiendi
675 2076 710 2096 ac
728 2067 862 2096 faciendi
883 2067 981 2105 recipi
1002 2077 1096 2097 unam
1116 2078 1221 2108 perso-

220 2130 293 2150 naui
311 2122 341 2150 in
362 2120 493 2150 ecclesia
510 2120 732 2150 Xanctonensi
750 2121 782 2150 iu
800 2120 991 2150 canonicum
1010 2126 1040 2150 et
1059 2121 1199 2151 fratrem.

259 2187 272 2201 «
308 2175 374 2203 Tue
404 2174 519 2203 merita
548 2174 780 2204 sinceritatis...
813 2190 853 2196 —
886 2174 955 2203 Dat.
990 2174 1107 2211 Rome,
1137 2175 1220 2214 apud

219 2227 366 2257 Sanctam
392 2227 526 2256 Mariam
553 2227 725 2265 Majorem,
752 2226 897 2256 kalendis
920 2227 1114 2264 decembris,
1134 2236 1220 2258 auno

218 2286 339 2319 quarto.
365 2293 378 2307 1>

287 2445 402 2473 6293

251 2507 425 2542 Stephanum
443 2507 477 2534 de
494 2507 671 2542 Burgundia,
689 2508 859 2534 canonicum
878 2508 1079 2543 Bisuntinum⁷
1095 2509 1218 2537 absolvit

215 2565 229 2582 a
241 2557 404 2590 jurmnento
419 2556 494 2591 quod
512 2557 654 2591 praestitit
669 2557 696 2583 in
713 2556 859 2583 arbitrium
878 2559 1126 2592 compromittendi
1144 2558 1217 2585 divi-

214 2606 323 2631 sionem
341 2605 478 2631 bonorum
496 2608 690 2639 paternorum.
710 2604 791 2639 (Res.
809 2605 855 2639 46,
874 2614 899 2632 e.
917 2606 978 2640 617,
996 2607 1016 2633 f.
1035 2606 1083 2634 123
1100 2607 1150 2640 νῦ.)

477 2444 835 2479 Sainte-Marie-MaJeui-e,
854 2446 885 2473 13
900 2446 1051 2473 decembre
1069 2447 1146 2474 1291.

253 2706 400 2743 Stephano
421 2707 455 2735 de
477 2707 674 2744 Buryundstz,
697 2707 840 2736 canonico
863 2707 1037 2744 Bisunn'no,
1060 2709 1215 2746 capellano

213 2765 323 2789 nostro.
348 2772 360 2785 α
389 2760 438 2789 Ad
464 2760 659 2790 audientiam
684 2764 825 2789 nostram
848 2760 992 2798 pervenit
1017 2761 1117 2799 quod,
1141 2770 1213 2791 cum

212 2813 296 2841 ine-r
313 2812 451 2842 nobilem
469 2813 573 2843 virum
592 2813 759 2850 Ottonem‚
780 2813 929 2843 comitem
949 2813 1136 2851 Burgundie
1159 2824 1212 2853 pa—

211 2865 359 2902 latinum,
379 2866 506 2896 fratrem
525 2871 626 2903 tunm,
645 2870 674 2896 et
691 2871 729 2902 te,
749 2865 788 2895 de
804 2866 984 2896 dividendis
999 2871 1063 2896 tam
1075 2868 1214 2906 paternis

211 2927 305 2958 quam
328 2919 480 2948 maternis
497 2925 526 2949 et
545 2919 617 2948 aliis
636 2919 727 2949 bonis
750 2918 812 2957 ipsi
836 2924 865 2949 et
889 2919 945 2949 tibi
963 2920 1210 2956 communibus,

211 2971 336 3001 tandem
355 2978 384 3000 tu
400 2996 406 3007 ‚
424 2972 576 3002 facilitate
592 2972 684 3002 etatis
703 2972 862 3011 deceptus,
878 2973 1062 3011 juramento
1079 2973 1212 3012 prestito

1304 366 1479 404 promisisti
1495 366 1577 404 qnod
1595 374 1689 404 super
1702 365 1860 394 divisione
1876 363 2059 402 hujusmodi
2078 363 2231 392 bonorum
2245 368 2305 394 sta-

1306 428 1353 448 res
1369 420 1501 449 arbitrio
1516 419 1727 458 quorumdam
1747 418 1969 447 communium
1984 416 2173 450 amicorum,
2187 417 2244 455 qui
2256 417 2305 447 ni-

1305 471 1366 500 mis
1377 471 1488 509 inique
1501 480 1554 510 pro
1565 480 1620 500 sne
1635 471 1807 500 voluntatis
1820 470 1909 499 libito
1918 469 2122 504 arbitrantes,
2132 469 2305 500 secundum

1304 533 1424 553 morem
1445 524 1543 562 patriev
1567 524 1623 553 tibi
1648 524 1696 552 vix
1724 524 1846 552 tertiam
1873 527 1991 560 partem
2017 522 2113 560 partis
2139 521 2195 551 tibi
2221 531 2304 552 com-

1306 577 1440 616 petentis
1464 578 1495 606 in
1516 577 1607 606 bonis
1627 576 1746 605 eisdem
1760 599 1767 613 ‚
1794 580 1968 605 memorato
1994 583 2067 604 vero
2091 573 2188 604 nobili
2210 578 2305 606 totum

1305 629 1465 667 reliquum
1488 629 1672 658 eorumdem
1698 629 1851 658 bonorum
1878 637 1931 666 per
1951 628 2119 657 arbitrium
2143 627 2305 666 adjudica-

1305 688 1379 712 runt
1404 683 1571 721 iniqnum3
1594 692 1693 720 quare
1716 691 1752 712 ex
1777 686 1862 720 parte
1885 686 1937 710 tua
1956 681 2014 710 snit
2032 681 2123 710 nobis
2144 681 2307 712 humiliter

1304 735 1514 774 supplicatum
1534 736 1633 773 quod,
1649 744 1721 765 cum
1735 735 1955 773 juramentum
1975 733 2137 764 vinculum
2156 734 2306 772 iniquita-

1305 789 1346 817 tis
1361 798 1428 817 esse
1447 797 1507 818 non
1525 789 1647 823 debeat⁷
1665 789 1747 817 circa
1764 788 1918 826 premissa
1933 788 2141 825 dignaremur
2158 796 2211 825 per
2226 787 2308 819 sedis

1305 841 1474 880 apostolice
1491 842 1720 880 providentiam
1737 847 1929 880 oportunum
1951 841 2129 870 remedium
2144 840 2306 878 adhibere,

1307 895 1472 933 presertim
1501 904 1592 929 611111,
1617 896 1698 924 sicut
1722 895 1815 925 habet
1834 894 2043 933 supplicantis
2063 894 2216 930 assertio,
2245 903 2306 925 non

1305 949 1396 979 aliter
1423 949 1531 978 talium
1561 949 1786 979 arbitratorum
1809 949 1975 978 arbitrium
2003 952 2106 977 ratum
2134 947 2308 978 secundnm

1304 1003 1376 1041 jura
1395 1012 1462 1032 esse
1479 1003 1591 1032 debeat
1607 1003 1671 1031 nisi
1691 1003 1733 1031 sit
1758 1012 1895 1041 equum,
1918 1006 1946 1031 et
1970 1010 2005 1031 ea
2023 1001 2088 1030 scre
2103 1001 2144 1030 sit
2164 1009 2255 1030 mens
2271 1007 2310 1032 *se

1306 1057 1554 1095 supponentiuin
1579 1056 1744 1086 arbitratui
1767 1056 1873 1085 alieno
1898 1059 1930 1085 ut
1956 1063 2072 1093 equum
2103 1053 2310 1084 arbitraturus

1307 1114 1433 1148 sperent
1450 1109 1588 1145 eosdem,
1605 1117 1668 1139 non
1690 1114 1723 1138 ut
1739 1109 1839 1139 velint
1853 1108 2060 1138 immoderate
2078 1107 2225 1145 obligari.
2246 1107 2310 1138 Nos

1307 1163 1424 1201 itaque,
1448 1165 1508 1191 tuis
1528 1162 1816 1201 supplicationibus
1842 1161 2003 1197 inclinati,
2032 1160 2090 1191 tibi
2115 1160 2310 1199 presentium

1307 1216 1492 1246 auctoritate
1507 1216 1714 1246 concedimus
1730 1221 1773 1251 ut,
1792 1216 1876 1245 veris
1895 1214 2104 1244 existentibus
2122 1222 2184 1252 que
2199 1213 2238 1244 de
2253 1213 2311 1244 ini-

1307 1269 1426 1308 quitate
1437 1270 1609 1307 supradicti
1620 1270 1745 1299 arbitrii
1758 1273 1988 1308 proponuntur.
2004 1267 2311 1306 prelatojuramento

1307 1332 1324 1352 a
1343 1327 1372 1352 te
1392 1323 1520 1361 prestito
1543 1331 1605 1352 non
1627 1323 1786 1359 obstante,
1814 1327 1898 1351 tuam
1922 1321 2080 1359 justitiam
2102 1329 2197 1359 super
2220 1319 2311 1350 dictis

1307 1376 1398 1406 bonis
1425 1375 1524 1405 libere
1545 1375 1693 1414 prosequi
1718 1375 1822 1405 valeas
1843 1383 1948 1404 coram
1974 1374 2081 1412 judice
2108 1373 2310 1412 competenti.
2345 1365 2351 1389 3

1308 1429 1397 1460 Nulli
1419 1438 1508 1467 ergo,
1533 1434 1604 1464 etc.‚
1630 1433 1734 1458 nostre
1756 1427 1990 1464 concessionis,
2015 1431 2072 1456 etc.
2103 1420 2174 1456 Da't.
2199 1427 2310 1461 Rome,

1307 1482 1390 1521 apud
1407 1482 1555 1511 Sanctam
1574 1481 1708 1510 Mariam
1725 1481 1890 1519 Majorem,
1906 1480 2010 1509 idibus
2025 1479 2212 1516 decembris,
2227 1486 2312 1521 anno

1308 1539 1431 1574 quarto
1452 1547 1465 1562 n

1336 1707 1581 1736 3294-6301
1627 1706 1986 1740 Sainte-Marie-Majeure,
2003 1705 2028 1731 11
2044 1705 2195 1731 decembre
2209 1705 2285 1733 1291.

1344 1770 1551 1805 Indulgentiae.
1571 1770 1653 1801 (itm.
1673 1770 1716 1801 46,
1731 1778 1756 1796 c.
1773 1770 1834 1796 618.
1853 1769 1871 1795 f.
1889 1768 1938 1795 1⁵23
1954 1769 2006 1801 νῦ.)

1351 1873 1503 1901 Ηηίυενεῐε
1522 1873 1634 1902 Christi
1654 1872 1791 1909 fidelibus
1811 1876 1960 1910 presentes
1985 1871 2100 1900 litteras
2118 1870 2311 1908 inspecturis.

1308 1925 1550 1962 Indulgentiam
1578 1925 1674 1954 unius
1698 1925 1775 1954 anni
1801 1930 1830 1954 et
1854 1933 1892 1954 xc
1917 1924 2043 1953 dierum
2071 1922 2217 1953 concedit
2239 1922 2313 1952 visi-

1307 1979 1447 2008 tantibus
1473 1978 1638 2007 ecclesiam
1658 2001 1677 2007 ..
1695 1978 1866 2015 guardiani
1886 1982 1916 2007 et
1939 1978 2073 2006 fratrum
2092 1977 2254 2006 minorum
2272 1975 2312 2005 de

1307 2031 1466 2067 Pruvino,
1484 2031 1683 2061 Senouensis
1706 2031 1874 2067 dioecesis,
1896 2031 1930 2059 iu
1955 2034 2090 2069 quatuor
2115 2030 2224 2059 beatae
2240 2029 2310 2059 Ma-

1305 2084 1390 2121 riae,
1413 2089 1595 2114 sanctorum
1623 2084 1781 2114 Francisci
1805 2089 1835 2113 et
1855 2083 1992 2113 Antonii
2015 2088 2044 2113 et
2069 2083 2178 2113 beatae
2199 2081 2312 2113 Clarae

1306 2137 1545 2173 festivitatibus,
1564 2146 1618 2176 per
1637 2143 1706 2168 octo
1719 2137 1786 2167 dies
1802 2142 1971 2176 sequentes
1990 2137 2068 2166 etin
2087 2135 2310 2166 anniversario

1303 2191 1354 2220 die
1375 2190 1584 2220 dedicationis
1600 2190 1745 2229 ejusdem
1761 2190 1923 2220 ecclesiae.

1345 2256 1358 2270 α
1377 2244 1448 2273 Vite
1464 2245 1614 2282 perennis
1631 2244 1770 2281 gloria...
1784 2260 1823 2266 —
1840 2244 1908 2273 Dat.
1930 2244 2042 2280 Rome,
2059 2243 2141 2282 apud
2161 2243 2309 2273 Sanctam

1302 2297 1438 2326 Mariam
1464 2297 1635 2335 Majorem‚
1665 2307 1697 2326 111
1723 2297 1795 2327 idus
1814 2297 2013 2334 decembris,
2036 2305 2122 2326 auno
2145 2302 2267 2335 quarto.
2293 2308 2308 2323 »

1300 2350 1451 2389 (ΡΟΤΤΗἿ
1473 2350 1595 2389 23871.)
1615 2349 1672 2390 (1).

1580 2431 1941 2466 Sainte-Marie-Majeui-e,
1958 2432 1974 2458 9
1990 2431 2141 2458 decembre
2158 2431 2234 2459 1291.

1340 2493 1378 2522 In
1398 2501 1425 2522 e.
1443 2502 1499 2530 m.‚
1521 2502 1575 2532 pro
1595 2494 1769 2523 cathedrali
1790 2494 1925 2524 eeclesia
1944 2494 2152 2532 Cicestrensi,
2176 2494 2211 2524 in
2226 2503 2306 2534 qua-

1300 2549 1370 2576 tuor
1386 2546 1493 2576 beatae
1511 2547 1632 2577 Mariae
1648 2551 1677 2577 et
1695 2547 1726 2577 S.
1745 2547 1893 2577 Riccardi
1913 2547 2151 2584 festivitatibus,
2168 2556 2224 2586 per
2238 2552 2308 2578 octo

1298 2598 1366 2628 dies
1382 2604 1551 2638 sequentes
1569 2605 1598 2629 et
1619 2600 1653 2629 iu
1676 2600 1899 2631 anniversario
1916 2601 1967 2631 die
1989 2600 2200 2631 dedicationis
2218 2601 2305 2640 ejus-

1297 2651 1370 2682 dem
1387 2652 1550 2684 ecclesiae.
1570 2654 1638 2683 Dat.
1658 2654 1794 2692 Romae,
1812 2655 1894 2693 apud
1914 2654 2063 2685 Sanctam
2082 2654 2217 2688 Mariam
2236 2655 2305 2684 Ma-

1294 2705 1411 2744 jorem,
1431 2715 1450 2735 v
1469 2706 1539 2736 idus
1555 2706 1744 2742 decembris,
1763 2716 1850 2738 anuo
1866 2712 1988 2746 quarto.

1338 2758 1374 2787 In
1399 2768 1425 2788 e.
1451 2768 1507 2797 m.‚
1532 2769 1585 2799 pro
1610 2761 1742 2791 ecclesia
1768 2761 1956 2791 monasterii
1983 2761 2096 2792 Beatae
2122 2761 2242 2792 Mariae
2265 2762 2306 2792 de

1296 2811 1480 2849 Regaliloco
1501 2814 1531 2841 in
1553 2813 1801 2853 Norchosoneye
1818 2815 1907 2853 juxta
1924 2814 2097 2852 Oxoniam,
2115 2814 2305 2845 Cistercien—

1296 2863 1340 2894 sis
1357 2864 1499 2902 ordinis,
1523 2866 1759 2897 Lincolniensis
1783 2868 1950 2905 dioecesis,
1970 2868 2002 2897 in
2032 2872 2169 2907 quatuor
2191 2868 2303 2899 heatae

1326 2982 1360 3013 (1)
1378 2983 1462 3007 Datee
1480 2984 1514 3007 (lu
1536 2985 1565 3008 l·'
1582 2985 1725 3010 decembre
1742 2986 1808 3010 dans
1826 2986 1959 3011 Potthast.
