<?xml version="1.0" encoding="UTF-8"?>
<!DOCTYPE html PUBLIC "-//W3C//DTD XHTML 1.0 Transitional//EN"
    "http://www.w3.org/TR/xhtml1/DTD/xhtml1-transitional.dtd">
<html xmlns="http://www.w3.org/1999/xhtml" xml:lang="en" lang="en">
 <head>
  <title>
</title>
<meta http-equiv="Content-Type" content="text/html;charset=utf-8" />
  <meta name='ocr-system' content='tesseract 3.04.00' />
  <meta name='ocr-capabilities' content='ocr_page ocr_carea ocr_par ocr_line ocrx_word'/>
</head>
<body>
  <div class='ocr_page' id='page_1' title='image "./lesregistresdeni02romeuoft_0089.png"; bbox 0 0 2393 3496; ppageno 0'>
   <div class='ocr_carea' id='block_1_1' title="bbox 0 492 22 2357">
    <p class='ocr_par' dir='ltr' id='par_1_1' title="bbox 0 492 22 2357">
     <span class='ocr_line' id='line_1_1' title="bbox 0 492 22 2357; baseline 0 0"><span class='ocrx_word' id='word_1_1' title='bbox 0 492 22 2357; x_wconf 95' lang='lat' dir='ltr'><strong> </strong></span> 
     </span>
    </p>
   </div>
   <div class='ocr_carea' id='block_1_2' title="bbox 919 292 2176 338">
    <p class='ocr_par' dir='ltr' id='par_1_2' title="bbox 919 292 2176 338">
     <span class='ocr_line' id='line_1_2' title="bbox 919 292 2176 338; baseline 0.004 -7"><span class='ocrx_word' id='word_1_2' title='bbox 919 292 1172 338; x_wconf 76' lang='lat' dir='ltr'><strong>QUATRIEME</strong></span> <span class='ocrx_word' id='word_1_3' title='bbox 1195 293 1350 331; x_wconf 75' lang='lat' dir='ltr'><strong>ANNEE.</strong></span> <span class='ocrx_word' id='word_1_4' title='bbox 1862 335 1866 336; x_wconf 18' lang='lat'><em>⁷</em></span> <span class='ocrx_word' id='word_1_5' title='bbox 2120 306 2176 337; x_wconf 83' lang='lat'><strong>763</strong></span> 
     </span>
    </p>
   </div>
   <div class='ocr_carea' id='block_1_3' title="bbox 93 369 1095 726">
    <p class='ocr_par' dir='ltr' id='par_1_3' title="bbox 93 369 1094 569">
     <span class='ocr_line' id='line_1_3' title="bbox 94 369 1092 408; baseline -0.006 -4"><span class='ocrx_word' id='word_1_6' title='bbox 94 373 271 408; x_wconf 71' lang='lat' dir='ltr'><strong>(imoensis,</strong></span> <span class='ocrx_word' id='word_1_7' title='bbox 297 370 528 401; x_wconf 86' lang='lat' dir='ltr'><strong>Nemausensis</strong></span> <span class='ocrx_word' id='word_1_8' title='bbox 555 370 723 407; x_wconf 84' lang='lat' dir='ltr'><strong>dioecesis,</strong></span> <span class='ocrx_word' id='word_1_9' title='bbox 749 370 783 399; x_wconf 89' lang='lat' dir='ltr'><strong>iu</strong></span> <span class='ocrx_word' id='word_1_10' title='bbox 811 369 955 408; x_wconf 84' lang='lat' dir='ltr'><strong>ejusdem</strong></span> <span class='ocrx_word' id='word_1_11' title='bbox 981 369 1092 405; x_wconf 87' lang='lat' dir='ltr'><strong>sancti,</strong></span> 
     </span>
     <span class='ocr_line' id='line_1_4' title="bbox 95 421 1094 462; baseline -0.008 -4"><span class='ocrx_word' id='word_1_12' title='bbox 95 428 128 459; x_wconf 89' lang='lat' dir='ltr'><strong>S.</strong></span> <span class='ocrx_word' id='word_1_13' title='bbox 151 424 295 456; x_wconf 87' lang='lat' dir='ltr'><strong>Porcarii</strong></span> <span class='ocrx_word' id='word_1_14' title='bbox 319 425 349 453; x_wconf 87' lang='lat' dir='ltr'><strong>et</strong></span> <span class='ocrx_word' id='word_1_15' title='bbox 371 423 612 462; x_wconf 90' lang='lat' dir='ltr'><strong>Assumptionis</strong></span> <span class='ocrx_word' id='word_1_16' title='bbox 635 423 745 453; x_wconf 89' lang='lat' dir='ltr'><strong>beatae</strong></span> <span class='ocrx_word' id='word_1_17' title='bbox 768 423 887 452; x_wconf 89' lang='lat' dir='ltr'><strong>Mariae</strong></span> <span class='ocrx_word' id='word_1_18' title='bbox 912 421 1094 452; x_wconf 87' lang='lat' dir='ltr'><strong>festivitati-</strong></span> 
     </span>
     <span class='ocr_line' id='line_1_5' title="bbox 93 474 1093 516; baseline -0.007 -6"><span class='ocrx_word' id='word_1_19' title='bbox 93 479 163 514; x_wconf 86' lang='lat' dir='ltr'><strong>bus,</strong></span> <span class='ocrx_word' id='word_1_20' title='bbox 176 482 234 508; x_wconf 87' lang='lat' dir='ltr'><strong>etc.</strong></span> <span class='ocrx_word' id='word_1_21' title='bbox 248 480 400 516; x_wconf 84' lang='lat' dir='ltr'><strong>utsupra.</strong></span> <span class='ocrx_word' id='word_1_22' title='bbox 416 476 487 507; x_wconf 90' lang='lat' dir='ltr'><strong>Dat.</strong></span> <span class='ocrx_word' id='word_1_23' title='bbox 500 476 585 515; x_wconf 91' lang='lat' dir='ltr'><strong>apud</strong></span> <span class='ocrx_word' id='word_1_24' title='bbox 600 476 872 511; x_wconf 86' lang='lat' dir='ltr'><strong>Urbemveterem,</strong></span> <span class='ocrx_word' id='word_1_25' title='bbox 888 484 910 504; x_wconf 85' lang='lat'><strong>11</strong></span> <span class='ocrx_word' id='word_1_26' title='bbox 924 475 996 504; x_wconf 91' lang='lat' dir='ltr'><strong>idus</strong></span> <span class='ocrx_word' id='word_1_27' title='bbox 1006 474 1093 513; x_wconf 89' lang='lat' dir='ltr'><strong>julii,</strong></span> 
     </span>
     <span class='ocr_line' id='line_1_6' title="bbox 94 533 320 569; baseline -0.013 -7"><span class='ocrx_word' id='word_1_28' title='bbox 94 539 180 562; x_wconf 89' lang='lat' dir='ltr'><strong>anno</strong></span> <span class='ocrx_word' id='word_1_29' title='bbox 196 533 320 569; x_wconf 89' lang='lat' dir='ltr'><strong>quarto.</strong></span> 
     </span>
    </p>

    <p class='ocr_par' dir='ltr' id='par_1_4' title="bbox 95 581 1095 726">
     <span class='ocr_line' id='line_1_7' title="bbox 133 581 1093 621; baseline -0.004 -8"><span class='ocrx_word' id='word_1_30' title='bbox 133 584 171 614; x_wconf 92' lang='lat' dir='ltr'><strong>In</strong></span> <span class='ocrx_word' id='word_1_31' title='bbox 187 592 215 613; x_wconf 84' lang='lat' dir='ltr'><strong>e.</strong></span> <span class='ocrx_word' id='word_1_32' title='bbox 230 591 288 620; x_wconf 88' lang='lat' dir='ltr'><strong>m.,</strong></span> <span class='ocrx_word' id='word_1_33' title='bbox 303 590 360 621; x_wconf 88' lang='lat' dir='ltr'><strong>pro</strong></span> <span class='ocrx_word' id='word_1_34' title='bbox 375 581 509 612; x_wconf 86' lang='lat' dir='ltr'><strong>ecclesia</strong></span> <span class='ocrx_word' id='word_1_35' title='bbox 526 582 713 612; x_wconf 87' lang='lat' dir='ltr'><strong>monasterii</strong></span> <span class='ocrx_word' id='word_1_36' title='bbox 729 582 767 611; x_wconf 90' lang='lat' dir='ltr'><strong>de</strong></span> <span class='ocrx_word' id='word_1_37' title='bbox 783 581 936 616; x_wconf 86' lang='lat' dir='ltr'><strong>Tornaco⁷</strong></span> <span class='ocrx_word' id='word_1_38' title='bbox 956 581 1093 610; x_wconf 88' lang='lat' dir='ltr'><strong>Nemau-</strong></span> 
     </span>
     <span class='ocr_line' id='line_1_8' title="bbox 95 632 1095 673; baseline -0.004 -7"><span class='ocrx_word' id='word_1_39' title='bbox 95 636 196 668; x_wconf 81' lang='lat' dir='ltr'><strong>sensis</strong></span> <span class='ocrx_word' id='word_1_40' title='bbox 213 635 377 671; x_wconf 83' lang='lat' dir='ltr'><strong>dioecesis,</strong></span> <span class='ocrx_word' id='word_1_41' title='bbox 399 634 433 664; x_wconf 88' lang='lat' dir='ltr'><strong>in</strong></span> <span class='ocrx_word' id='word_1_42' title='bbox 457 638 593 673; x_wconf 88' lang='lat' dir='ltr'><strong>quatuor</strong></span> <span class='ocrx_word' id='word_1_43' title='bbox 613 635 722 664; x_wconf 86' lang='lat' dir='ltr'><strong>beatae</strong></span> <span class='ocrx_word' id='word_1_44' title='bbox 748 634 867 663; x_wconf 87' lang='lat' dir='ltr'><strong>Mariae</strong></span> <span class='ocrx_word' id='word_1_45' title='bbox 890 638 920 663; x_wconf 87' lang='lat' dir='ltr'><strong>et</strong></span> <span class='ocrx_word' id='word_1_46' title='bbox 943 633 975 663; x_wconf 98' lang='lat' dir='ltr'><strong>S.</strong></span> <span class='ocrx_word' id='word_1_47' title='bbox 994 632 1095 662; x_wconf 82' lang='lat' dir='ltr'>Blasii</span> 
     </span>
     <span class='ocr_line' id='line_1_9' title="bbox 95 687 1094 726; baseline -0.004 -7"><span class='ocrx_word' id='word_1_48' title='bbox 95 687 321 720; x_wconf 77' lang='lat' dir='ltr'><strong>festivitatibus</strong></span> <span class='ocrx_word' id='word_1_49' title='bbox 339 691 369 717; x_wconf 91' lang='lat' dir='ltr'><strong>et</strong></span> <span class='ocrx_word' id='word_1_50' title='bbox 388 696 444 725; x_wconf 88' lang='lat' dir='ltr'><strong>per</strong></span> <span class='ocrx_word' id='word_1_51' title='bbox 462 692 531 718; x_wconf 88' lang='lat' dir='ltr'><strong>octo</strong></span> <span class='ocrx_word' id='word_1_52' title='bbox 550 687 617 717; x_wconf 89' lang='lat' dir='ltr'><strong>dies</strong></span> <span class='ocrx_word' id='word_1_53' title='bbox 642 691 823 726; x_wconf 80' lang='lat' dir='ltr'><strong>sequentes.</strong></span> <span class='ocrx_word' id='word_1_54' title='bbox 842 687 913 717; x_wconf 89' lang='lat' dir='ltr'><strong>Dat.</strong></span> <span class='ocrx_word' id='word_1_55' title='bbox 934 690 968 716; x_wconf 93' lang='lat' dir='ltr'><strong>ut</strong></span> <span class='ocrx_word' id='word_1_56' title='bbox 987 695 1094 724; x_wconf 85' lang='lat' dir='ltr'><strong>supra.</strong></span> 
     </span>
    </p>
   </div>
   <div class='ocr_carea' id='block_1_4' title="bbox 650 766 1025 801">
    <p class='ocr_par' dir='ltr' id='par_1_5' title="bbox 650 766 1025 801">
     <span class='ocr_line' id='line_1_10' title="bbox 650 766 1025 801; baseline -0.003 -8"><span class='ocrx_word' id='word_1_57' title='bbox 650 766 777 800; x_wconf 87' lang='lat' dir='ltr'><strong>Orvieto,</strong></span> <span class='ocrx_word' id='word_1_58' title='bbox 795 766 826 793; x_wconf 83' lang='lat'><strong>13</strong></span> <span class='ocrx_word' id='word_1_59' title='bbox 838 766 932 801; x_wconf 87' lang='lat' dir='ltr'><strong>juillet</strong></span> <span class='ocrx_word' id='word_1_60' title='bbox 948 766 1025 793; x_wconf 73' lang='lat'><strong>1291.</strong></span> 
     </span>
    </p>
   </div>
   <div class='ocr_carea' id='block_1_5' title="bbox 92 827 1098 1186">
    <p class='ocr_par' dir='ltr' id='par_1_6' title="bbox 92 827 1097 1029">
     <span class='ocr_line' id='line_1_11' title="bbox 134 827 1095 867; baseline -0.003 -8"><span class='ocrx_word' id='word_1_61' title='bbox 134 830 172 859; x_wconf 91' lang='lat' dir='ltr'><strong>In</strong></span> <span class='ocrx_word' id='word_1_62' title='bbox 190 838 217 859; x_wconf 89' lang='lat' dir='ltr'><strong>e.</strong></span> <span class='ocrx_word' id='word_1_63' title='bbox 239 837 297 865; x_wconf 89' lang='lat' dir='ltr'><strong>m.,</strong></span> <span class='ocrx_word' id='word_1_64' title='bbox 317 837 373 867; x_wconf 91' lang='lat' dir='ltr'><strong>pro</strong></span> <span class='ocrx_word' id='word_1_65' title='bbox 397 828 529 859; x_wconf 89' lang='lat' dir='ltr'><strong>ecclesia</strong></span> <span class='ocrx_word' id='word_1_66' title='bbox 550 828 744 858; x_wconf 84' lang='lat' dir='ltr'><strong>monialium</strong></span> <span class='ocrx_word' id='word_1_67' title='bbox 768 828 955 858; x_wconf 86' lang='lat' dir='ltr'><strong>monasterii</strong></span> <span class='ocrx_word' id='word_1_68' title='bbox 975 827 1013 856; x_wconf 89' lang='lat' dir='ltr'><strong>de</strong></span> <span class='ocrx_word' id='word_1_69' title='bbox 1028 828 1095 856; x_wconf 89' lang='lat' dir='ltr'><strong>An-</strong></span> 
     </span>
     <span class='ocr_line' id='line_1_12' title="bbox 93 881 1095 922; baseline -0.003 -10"><span class='ocrx_word' id='word_1_70' title='bbox 93 881 258 922; x_wconf 87' lang='lat' dir='ltr'><strong>gustrinis,</strong></span> <span class='ocrx_word' id='word_1_71' title='bbox 276 881 442 912; x_wconf 81' lang='lat' dir='ltr'><strong>Uticensis</strong></span> <span class='ocrx_word' id='word_1_72' title='bbox 454 881 619 917; x_wconf 88' lang='lat' dir='ltr'><strong>dioecesis,</strong></span> <span class='ocrx_word' id='word_1_73' title='bbox 636 882 670 910; x_wconf 89' lang='lat' dir='ltr'><strong>in</strong></span> <span class='ocrx_word' id='word_1_74' title='bbox 688 884 824 919; x_wconf 88' lang='lat' dir='ltr'><strong>quatuor</strong></span> <span class='ocrx_word' id='word_1_75' title='bbox 840 881 948 911; x_wconf 88' lang='lat' dir='ltr'><strong>beatae</strong></span> <span class='ocrx_word' id='word_1_76' title='bbox 963 881 1095 916; x_wconf 77' lang='lat' dir='ltr'><strong>Mariae,</strong></span> 
     </span>
     <span class='ocr_line' id='line_1_13' title="bbox 92 934 1097 974; baseline -0.004 -7"><span class='ocrx_word' id='word_1_77' title='bbox 92 936 126 967; x_wconf 90' lang='lat' dir='ltr'><strong>S.</strong></span> <span class='ocrx_word' id='word_1_78' title='bbox 138 935 297 966; x_wconf 85' lang='lat' dir='ltr'><strong>Johannis</strong></span> <span class='ocrx_word' id='word_1_79' title='bbox 311 934 471 974; x_wconf 78' lang='lat' dir='ltr'><strong>Baptistae</strong></span> <span class='ocrx_word' id='word_1_80' title='bbox 487 938 518 964; x_wconf 88' lang='lat' dir='ltr'><strong>et</strong></span> <span class='ocrx_word' id='word_1_81' title='bbox 534 938 662 964; x_wconf 87' lang='lat' dir='ltr'><strong>sanctae</strong></span> <span class='ocrx_word' id='word_1_82' title='bbox 676 935 812 972; x_wconf 82' lang='lat' dir='ltr'><strong>Agnetis</strong></span> <span class='ocrx_word' id='word_1_83' title='bbox 825 934 1051 963; x_wconf 82' lang='lat' dir='ltr'><strong>festivitatibus</strong></span> <span class='ocrx_word' id='word_1_84' title='bbox 1067 938 1097 963; x_wconf 91' lang='lat' dir='ltr'><strong>et</strong></span> 
     </span>
     <span class='ocr_line' id='line_1_14' title="bbox 92 987 1094 1029; baseline -0.004 -10"><span class='ocrx_word' id='word_1_85' title='bbox 92 997 148 1029; x_wconf 82' lang='lat' dir='ltr'><strong>per</strong></span> <span class='ocrx_word' id='word_1_86' title='bbox 159 992 228 1019; x_wconf 88' lang='lat' dir='ltr'><strong>octo</strong></span> <span class='ocrx_word' id='word_1_87' title='bbox 242 988 310 1018; x_wconf 87' lang='lat' dir='ltr'><strong>dies</strong></span> <span class='ocrx_word' id='word_1_88' title='bbox 325 992 505 1027; x_wconf 82' lang='lat' dir='ltr'><strong>sequentes.</strong></span> <span class='ocrx_word' id='word_1_89' title='bbox 523 987 595 1017; x_wconf 90' lang='lat' dir='ltr'><strong>Dat.</strong></span> <span class='ocrx_word' id='word_1_90' title='bbox 613 996 647 1016; x_wconf 93' lang='lat'><strong>111</strong></span> <span class='ocrx_word' id='word_1_91' title='bbox 664 987 737 1017; x_wconf 92' lang='lat' dir='ltr'><strong>idus</strong></span> <span class='ocrx_word' id='word_1_92' title='bbox 751 987 844 1026; x_wconf 85' lang='lat' dir='ltr'><strong>julii,</strong></span> <span class='ocrx_word' id='word_1_93' title='bbox 869 995 954 1017; x_wconf 90' lang='lat' dir='ltr'><strong>anno</strong></span> <span class='ocrx_word' id='word_1_94' title='bbox 971 991 1094 1025; x_wconf 87' lang='lat' dir='ltr'><strong>quarto.</strong></span> 
     </span>
    </p>

    <p class='ocr_par' dir='ltr' id='par_1_7' title="bbox 92 1040 1098 1186">
     <span class='ocr_line' id='line_1_15' title="bbox 132 1040 1094 1079; baseline -0.002 -8"><span class='ocrx_word' id='word_1_95' title='bbox 132 1042 172 1072; x_wconf 91' lang='lat' dir='ltr'><strong>In</strong></span> <span class='ocrx_word' id='word_1_96' title='bbox 186 1051 214 1071; x_wconf 88' lang='lat' dir='ltr'><strong>e.</strong></span> <span class='ocrx_word' id='word_1_97' title='bbox 228 1050 286 1078; x_wconf 89' lang='lat' dir='ltr'><strong>m.,</strong></span> <span class='ocrx_word' id='word_1_98' title='bbox 303 1049 359 1079; x_wconf 90' lang='lat' dir='ltr'><strong>pro</strong></span> <span class='ocrx_word' id='word_1_99' title='bbox 377 1041 510 1071; x_wconf 84' lang='lat' dir='ltr'><strong>ecclesia</strong></span> <span class='ocrx_word' id='word_1_100' title='bbox 524 1041 563 1070; x_wconf 90' lang='lat' dir='ltr'><strong>de</strong></span> <span class='ocrx_word' id='word_1_101' title='bbox 579 1040 736 1077; x_wconf 85' lang='lat' dir='ltr'><strong>Foissaco,</strong></span> <span class='ocrx_word' id='word_1_102' title='bbox 753 1040 918 1070; x_wconf 85' lang='lat' dir='ltr'><strong>Uticensis</strong></span> <span class='ocrx_word' id='word_1_103' title='bbox 931 1040 1094 1075; x_wconf 67' lang='lat' dir='ltr'><strong>dioecesis,</strong></span> 
     </span>
     <span class='ocr_line' id='line_1_16' title="bbox 92 1093 1098 1134; baseline -0.003 -9"><span class='ocrx_word' id='word_1_104' title='bbox 92 1095 129 1126; x_wconf 85' lang='lat' dir='ltr'><strong>in</strong></span> <span class='ocrx_word' id='word_1_105' title='bbox 144 1098 281 1134; x_wconf 84' lang='lat' dir='ltr'><strong>quatuor</strong></span> <span class='ocrx_word' id='word_1_106' title='bbox 294 1095 405 1124; x_wconf 89' lang='lat' dir='ltr'><strong>beatae</strong></span> <span class='ocrx_word' id='word_1_107' title='bbox 417 1094 550 1129; x_wconf 88' lang='lat' dir='ltr'><strong>Mariae,</strong></span> <span class='ocrx_word' id='word_1_108' title='bbox 563 1093 596 1124; x_wconf 91' lang='lat' dir='ltr'><strong>S.</strong></span> <span class='ocrx_word' id='word_1_109' title='bbox 610 1093 741 1123; x_wconf 89' lang='lat' dir='ltr'><strong>Eusebii</strong></span> <span class='ocrx_word' id='word_1_110' title='bbox 755 1097 784 1123; x_wconf 88' lang='lat' dir='ltr'><strong>et</strong></span> <span class='ocrx_word' id='word_1_111' title='bbox 797 1093 828 1123; x_wconf 88' lang='lat' dir='ltr'><strong>S.</strong></span> <span class='ocrx_word' id='word_1_112' title='bbox 842 1094 861 1123; x_wconf 86' lang='lat' dir='ltr'><strong>J</strong></span> <span class='ocrx_word' id='word_1_113' title='bbox 864 1093 1002 1123; x_wconf 89' lang='lat' dir='ltr'><strong>ohannis</strong></span> <span class='ocrx_word' id='word_1_114' title='bbox 1019 1093 1098 1131; x_wconf 89' lang='lat' dir='ltr'><strong>Bap-</strong></span> 
     </span>
     <span class='ocr_line' id='line_1_17' title="bbox 93 1146 1098 1186; baseline -0.003 -8"><span class='ocrx_word' id='word_1_115' title='bbox 93 1149 184 1178; x_wconf 84' lang='lat' dir='ltr'><strong>tistae</strong></span> <span class='ocrx_word' id='word_1_116' title='bbox 203 1147 427 1178; x_wconf 81' lang='lat' dir='ltr'><strong>festivitatibus</strong></span> <span class='ocrx_word' id='word_1_117' title='bbox 450 1151 480 1177; x_wconf 89' lang='lat' dir='ltr'><strong>et</strong></span> <span class='ocrx_word' id='word_1_118' title='bbox 499 1156 554 1186; x_wconf 86' lang='lat' dir='ltr'><strong>per</strong></span> <span class='ocrx_word' id='word_1_119' title='bbox 577 1150 646 1176; x_wconf 86' lang='lat' dir='ltr'><strong>octo</strong></span> <span class='ocrx_word' id='word_1_120' title='bbox 668 1146 736 1176; x_wconf 89' lang='lat' dir='ltr'><strong>dies</strong></span> <span class='ocrx_word' id='word_1_121' title='bbox 761 1150 941 1184; x_wconf 87' lang='lat' dir='ltr'><strong>sequentes.</strong></span> <span class='ocrx_word' id='word_1_122' title='bbox 969 1146 1040 1175; x_wconf 89' lang='lat' dir='ltr'><strong>Dat.</strong></span> <span class='ocrx_word' id='word_1_123' title='bbox 1064 1149 1098 1175; x_wconf 92' lang='lat' dir='ltr'><strong>ut</strong></span> 
     </span>
    </p>
   </div>
   <div class='ocr_carea' id='block_1_6' title="bbox 92 1210 1025 1274">
    <p class='ocr_par' dir='ltr' id='par_1_8' title="bbox 92 1210 1025 1274">
     <span class='ocr_line' id='line_1_18' title="bbox 92 1210 198 1241; baseline -0.009 -9"><span class='ocrx_word' id='word_1_124' title='bbox 92 1210 198 1241; x_wconf 86' lang='lat' dir='ltr'><strong>supra.</strong></span> 
     </span>
     <span class='ocr_line' id='line_1_19' title="bbox 648 1239 1025 1274; baseline -0.005 -7"><span class='ocrx_word' id='word_1_125' title='bbox 648 1239 775 1274; x_wconf 83' lang='lat' dir='ltr'><strong>Orvieto,</strong></span> <span class='ocrx_word' id='word_1_126' title='bbox 793 1239 824 1266; x_wconf 88' lang='lat'><strong>18</strong></span> <span class='ocrx_word' id='word_1_127' title='bbox 836 1239 931 1273; x_wconf 82' lang='lat' dir='ltr'><strong>juillet</strong></span> <span class='ocrx_word' id='word_1_128' title='bbox 948 1239 1025 1266; x_wconf 70' lang='lat'><strong>1291.</strong></span> 
     </span>
    </p>
   </div>
   <div class='ocr_carea' id='block_1_7' title="bbox 93 1302 1098 1503">
    <p class='ocr_par' dir='ltr' id='par_1_9' title="bbox 93 1302 1098 1503">
     <span class='ocr_line' id='line_1_20' title="bbox 132 1302 1095 1342; baseline -0.004 -8"><span class='ocrx_word' id='word_1_129' title='bbox 132 1304 173 1334; x_wconf 88' lang='lat' dir='ltr'><strong>In</strong></span> <span class='ocrx_word' id='word_1_130' title='bbox 195 1313 222 1334; x_wconf 90' lang='lat' dir='ltr'><strong>e.</strong></span> <span class='ocrx_word' id='word_1_131' title='bbox 243 1313 301 1340; x_wconf 89' lang='lat' dir='ltr'><strong>m.,</strong></span> <span class='ocrx_word' id='word_1_132' title='bbox 325 1312 381 1342; x_wconf 93' lang='lat' dir='ltr'><strong>pro</strong></span> <span class='ocrx_word' id='word_1_133' title='bbox 403 1303 535 1333; x_wconf 86' lang='lat' dir='ltr'><strong>ecclesia</strong></span> <span class='ocrx_word' id='word_1_134' title='bbox 555 1303 670 1333; x_wconf 91' lang='lat' dir='ltr'><strong>domus</strong></span> <span class='ocrx_word' id='word_1_135' title='bbox 686 1302 821 1331; x_wconf 89' lang='lat' dir='ltr'><strong>fratrum</strong></span> <span class='ocrx_word' id='word_1_136' title='bbox 843 1302 1095 1340; x_wconf 89' lang='lat' dir='ltr'><strong>praedicatorum</strong></span> 
     </span>
     <span class='ocr_line' id='line_1_21' title="bbox 93 1355 1097 1394; baseline -0.004 -6"><span class='ocrx_word' id='word_1_137' title='bbox 93 1357 319 1393; x_wconf 84' lang='lat' dir='ltr'><strong>Viterbiensis,</strong></span> <span class='ocrx_word' id='word_1_138' title='bbox 334 1357 370 1386; x_wconf 87' lang='lat' dir='ltr'><strong>in</strong></span> <span class='ocrx_word' id='word_1_139' title='bbox 386 1357 495 1387; x_wconf 87' lang='lat' dir='ltr'><strong>beatae</strong></span> <span class='ocrx_word' id='word_1_140' title='bbox 514 1357 645 1393; x_wconf 90' lang='lat' dir='ltr'><strong>Mariae,</strong></span> <span class='ocrx_word' id='word_1_141' title='bbox 660 1356 692 1386; x_wconf 89' lang='lat' dir='ltr'><strong>S.</strong></span> <span class='ocrx_word' id='word_1_142' title='bbox 707 1355 792 1385; x_wconf 89' lang='lat' dir='ltr'><strong>Petri</strong></span> <span class='ocrx_word' id='word_1_143' title='bbox 808 1356 971 1394; x_wconf 84' lang='lat' dir='ltr'><strong>martyris,</strong></span> <span class='ocrx_word' id='word_1_144' title='bbox 987 1355 1019 1385; x_wconf 90' lang='lat' dir='ltr'><strong>S.</strong></span> <span class='ocrx_word' id='word_1_145' title='bbox 1036 1355 1097 1385; x_wconf 93' lang='lat' dir='ltr'><strong>Do-</strong></span> 
     </span>
     <span class='ocr_line' id='line_1_22' title="bbox 93 1408 1097 1447; baseline -0.002 -7"><span class='ocrx_word' id='word_1_146' title='bbox 93 1410 205 1441; x_wconf 89' lang='lat' dir='ltr'><strong>minici</strong></span> <span class='ocrx_word' id='word_1_147' title='bbox 227 1415 257 1440; x_wconf 90' lang='lat' dir='ltr'><strong>et</strong></span> <span class='ocrx_word' id='word_1_148' title='bbox 276 1414 403 1440; x_wconf 89' lang='lat' dir='ltr'><strong>sanctae</strong></span> <span class='ocrx_word' id='word_1_149' title='bbox 423 1410 527 1440; x_wconf 88' lang='lat' dir='ltr'><strong>crucis</strong></span> <span class='ocrx_word' id='word_1_150' title='bbox 545 1409 780 1445; x_wconf 81' lang='lat' dir='ltr'><strong>festivitatibus,</strong></span> <span class='ocrx_word' id='word_1_151' title='bbox 797 1417 853 1447; x_wconf 89' lang='lat' dir='ltr'><strong>per</strong></span> <span class='ocrx_word' id='word_1_152' title='bbox 871 1413 938 1439; x_wconf 90' lang='lat' dir='ltr'><strong>octo</strong></span> <span class='ocrx_word' id='word_1_153' title='bbox 955 1408 1024 1438; x_wconf 88' lang='lat' dir='ltr'><strong>dies</strong></span> <span class='ocrx_word' id='word_1_154' title='bbox 1047 1417 1097 1438; x_wconf 89' lang='lat' dir='ltr'><strong>se-</strong></span> 
     </span>
     <span class='ocr_line' id='line_1_23' title="bbox 93 1461 1098 1503; baseline -0.003 -9"><span class='ocrx_word' id='word_1_155' title='bbox 93 1468 227 1503; x_wconf 90' lang='lat' dir='ltr'><strong>quentes</strong></span> <span class='ocrx_word' id='word_1_156' title='bbox 241 1468 271 1493; x_wconf 92' lang='lat' dir='ltr'><strong>et</strong></span> <span class='ocrx_word' id='word_1_157' title='bbox 283 1464 318 1493; x_wconf 89' lang='lat' dir='ltr'><strong>in</strong></span> <span class='ocrx_word' id='word_1_158' title='bbox 329 1463 551 1493; x_wconf 88' lang='lat' dir='ltr'><strong>anniversario</strong></span> <span class='ocrx_word' id='word_1_159' title='bbox 562 1463 613 1492; x_wconf 91' lang='lat' dir='ltr'><strong>die</strong></span> <span class='ocrx_word' id='word_1_160' title='bbox 624 1462 835 1492; x_wconf 84' lang='lat' dir='ltr'><strong>dedicationis</strong></span> <span class='ocrx_word' id='word_1_161' title='bbox 846 1462 989 1500; x_wconf 89' lang='lat' dir='ltr'><strong>ejusdem</strong></span> <span class='ocrx_word' id='word_1_162' title='bbox 1001 1461 1098 1491; x_wconf 90' lang='lat' dir='ltr'><strong>eccle-</strong></span> 
     </span>
    </p>
   </div>
   <div class='ocr_carea' id='block_1_8' title="bbox 94 1515 1095 1556">
    <p class='ocr_par' dir='ltr' id='par_1_10' title="bbox 94 1515 1095 1556">
     <span class='ocr_line' id='line_1_24' title="bbox 94 1515 1095 1556; baseline -0.003 -9"><span class='ocrx_word' id='word_1_163' title='bbox 94 1517 169 1547; x_wconf 87' lang='lat' dir='ltr'><strong>siae.</strong></span> <span class='ocrx_word' id='word_1_164' title='bbox 195 1517 267 1546; x_wconf 91' lang='lat' dir='ltr'><strong>Dat.</strong></span> <span class='ocrx_word' id='word_1_165' title='bbox 289 1521 326 1546; x_wconf 92' lang='lat' dir='ltr'><strong>ut</strong></span> <span class='ocrx_word' id='word_1_166' title='bbox 347 1525 454 1556; x_wconf 89' lang='lat' dir='ltr'><strong>supra,</strong></span> <span class='ocrx_word' id='word_1_167' title='bbox 472 1526 512 1546; x_wconf 84' lang='lat' dir='ltr'><strong>xv</strong></span> <span class='ocrx_word' id='word_1_168' title='bbox 528 1516 680 1550; x_wconf 85' lang='lat' dir='ltr'><strong>kalendas</strong></span> <span class='ocrx_word' id='word_1_169' title='bbox 701 1515 843 1553; x_wconf 83' lang='lat' dir='ltr'><strong>augusti,</strong></span> <span class='ocrx_word' id='word_1_170' title='bbox 866 1524 952 1545; x_wconf 89' lang='lat' dir='ltr'><strong>anno</strong></span> <span class='ocrx_word' id='word_1_171' title='bbox 973 1520 1095 1554; x_wconf 90' lang='lat' dir='ltr'><strong>quarto.</strong></span> 
     </span>
    </p>
   </div>
   <div class='ocr_carea' id='block_1_9' title="bbox 94 1569 1026 1643">
    <p class='ocr_par' dir='ltr' id='par_1_11' title="bbox 94 1569 1026 1643">
     <span class='ocr_line' id='line_1_25' title="bbox 94 1569 1026 1643; baseline 0.028 -35"><span class='ocrx_word' id='word_1_172' title='bbox 94 1570 242 1608; x_wconf 52' lang='grc' dir='ltr'>(ΡΟΤΤΗἾ</span> <span class='ocrx_word' id='word_1_173' title='bbox 263 1569 385 1609; x_wconf 73' lang='lat'><strong>23742.)</strong></span> <span class='ocrx_word' id='word_1_174' title='bbox 648 1608 774 1642; x_wconf 65' lang='lat' dir='ltr'><strong>omem,</strong></span> <span class='ocrx_word' id='word_1_175' title='bbox 794 1609 821 1635; x_wconf 84' lang='lat'><strong>11</strong></span> <span class='ocrx_word' id='word_1_176' title='bbox 837 1609 932 1643; x_wconf 75' lang='lat' dir='ltr'><strong>Juiuet</strong></span> <span class='ocrx_word' id='word_1_177' title='bbox 950 1608 1026 1635; x_wconf 76' lang='lat'><strong>1291.</strong></span> 
     </span>
    </p>
   </div>
   <div class='ocr_carea' id='block_1_10' title="bbox 91 1671 1098 2136">
    <p class='ocr_par' dir='ltr' id='par_1_12' title="bbox 91 1671 1098 1926">
     <span class='ocr_line' id='line_1_26' title="bbox 133 1671 1098 1711; baseline -0.002 -9"><span class='ocrx_word' id='word_1_178' title='bbox 133 1673 171 1702; x_wconf 91' lang='lat' dir='ltr'><strong>In</strong></span> <span class='ocrx_word' id='word_1_179' title='bbox 188 1682 215 1703; x_wconf 90' lang='lat' dir='ltr'><strong>e.</strong></span> <span class='ocrx_word' id='word_1_180' title='bbox 229 1681 288 1709; x_wconf 91' lang='lat' dir='ltr'><strong>m.,</strong></span> <span class='ocrx_word' id='word_1_181' title='bbox 306 1681 362 1711; x_wconf 90' lang='lat' dir='ltr'><strong>pro</strong></span> <span class='ocrx_word' id='word_1_182' title='bbox 379 1672 512 1702; x_wconf 88' lang='lat' dir='ltr'><strong>ecclesia</strong></span> <span class='ocrx_word' id='word_1_183' title='bbox 526 1671 713 1702; x_wconf 86' lang='lat' dir='ltr'><strong>monasterii</strong></span> <span class='ocrx_word' id='word_1_184' title='bbox 728 1671 959 1708; x_wconf 88' lang='lat' dir='ltr'><strong>Aureaevallis,</strong></span> <span class='ocrx_word' id='word_1_185' title='bbox 977 1672 1098 1701; x_wconf 85' lang='lat' dir='ltr'><strong>ordinis</strong></span> 
     </span>
     <span class='ocr_line' id='line_1_27' title="bbox 93 1725 1097 1763; baseline -0.002 -7"><span class='ocrx_word' id='word_1_186' title='bbox 93 1726 126 1756; x_wconf 89' lang='lat' dir='ltr'><strong>S.</strong></span> <span class='ocrx_word' id='word_1_187' title='bbox 145 1726 340 1763; x_wconf 86' lang='lat' dir='ltr'><strong>Augustini,</strong></span> <span class='ocrx_word' id='word_1_188' title='bbox 363 1725 563 1755; x_wconf 81' lang='lat' dir='ltr'><strong>pictavensis</strong></span> <span class='ocrx_word' id='word_1_189' title='bbox 583 1725 754 1760; x_wconf 88' lang='lat' dir='ltr'><strong>dioecesis,</strong></span> <span class='ocrx_word' id='word_1_190' title='bbox 775 1725 810 1754; x_wconf 92' lang='lat' dir='ltr'><strong>in</strong></span> <span class='ocrx_word' id='word_1_191' title='bbox 830 1729 1011 1754; x_wconf 84' lang='lat' dir='ltr'><strong>sanctorum</strong></span> <span class='ocrx_word' id='word_1_192' title='bbox 1035 1725 1097 1754; x_wconf 82' lang='lat' dir='ltr'><strong>Mi-</strong></span> 
     </span>
     <span class='ocr_line' id='line_1_28' title="bbox 93 1777 1097 1817; baseline -0.002 -8"><span class='ocrx_word' id='word_1_193' title='bbox 93 1778 213 1809; x_wconf 90' lang='lat' dir='ltr'><strong>chaelis</strong></span> <span class='ocrx_word' id='word_1_194' title='bbox 227 1778 425 1817; x_wconf 82' lang='lat' dir='ltr'><strong>archangeli,</strong></span> <span class='ocrx_word' id='word_1_195' title='bbox 445 1777 607 1809; x_wconf 86' lang='lat' dir='ltr'><strong>Johannis</strong></span> <span class='ocrx_word' id='word_1_196' title='bbox 624 1778 784 1816; x_wconf 77' lang='lat' dir='ltr'><strong>Baptistae</strong></span> <span class='ocrx_word' id='word_1_197' title='bbox 800 1782 829 1814; x_wconf 88' lang='lat' dir='ltr'><strong>et</strong></span> <span class='ocrx_word' id='word_1_198' title='bbox 845 1778 993 1808; x_wconf 87' lang='lat' dir='ltr'><strong>Andreae</strong></span> <span class='ocrx_word' id='word_1_199' title='bbox 1009 1778 1097 1808; x_wconf 83' lang='lat' dir='ltr'><strong>festi-</strong></span> 
     </span>
     <span class='ocr_line' id='line_1_29' title="bbox 94 1831 1098 1870; baseline -0.001 -8"><span class='ocrx_word' id='word_1_200' title='bbox 94 1832 255 1867; x_wconf 85' lang='lat' dir='ltr'><strong>vitatibus,</strong></span> <span class='ocrx_word' id='word_1_201' title='bbox 269 1836 327 1862; x_wconf 90' lang='lat' dir='ltr'><strong>etc.</strong></span> <span class='ocrx_word' id='word_1_202' title='bbox 343 1836 497 1870; x_wconf 89' lang='lat' dir='ltr'><strong>utsupra.</strong></span> <span class='ocrx_word' id='word_1_203' title='bbox 516 1831 587 1861; x_wconf 89' lang='lat' dir='ltr'><strong>Dat.</strong></span> <span class='ocrx_word' id='word_1_204' title='bbox 600 1831 683 1870; x_wconf 88' lang='lat' dir='ltr'><strong>apud</strong></span> <span class='ocrx_word' id='word_1_205' title='bbox 699 1831 973 1868; x_wconf 87' lang='lat' dir='ltr'><strong>Urhemveterem‚</strong></span> <span class='ocrx_word' id='word_1_206' title='bbox 990 1842 1009 1860; x_wconf 94' lang='lat' dir='ltr'><strong>v</strong></span> <span class='ocrx_word' id='word_1_207' title='bbox 1025 1832 1098 1861; x_wconf 88' lang='lat' dir='ltr'><strong>idus</strong></span> 
     </span>
     <span class='ocr_line' id='line_1_30' title="bbox 91 1885 425 1926; baseline -0.006 -10"><span class='ocrx_word' id='word_1_208' title='bbox 91 1885 178 1926; x_wconf 82' lang='lat' dir='ltr'><strong>julii,</strong></span> <span class='ocrx_word' id='word_1_209' title='bbox 198 1893 284 1915; x_wconf 90' lang='lat' dir='ltr'><strong>anno</strong></span> <span class='ocrx_word' id='word_1_210' title='bbox 302 1889 425 1924; x_wconf 85' lang='lat' dir='ltr'><strong>quarto.</strong></span> 
     </span>
    </p>

    <p class='ocr_par' dir='ltr' id='par_1_13' title="bbox 91 1937 1098 2136">
     <span class='ocr_line' id='line_1_31' title="bbox 134 1937 1098 1977; baseline 0 -9"><span class='ocrx_word' id='word_1_211' title='bbox 134 1939 173 1968; x_wconf 90' lang='lat' dir='ltr'><strong>In</strong></span> <span class='ocrx_word' id='word_1_212' title='bbox 189 1948 216 1969; x_wconf 92' lang='lat' dir='ltr'><strong>e.</strong></span> <span class='ocrx_word' id='word_1_213' title='bbox 231 1947 290 1974; x_wconf 86' lang='lat' dir='ltr'><strong>m.,</strong></span> <span class='ocrx_word' id='word_1_214' title='bbox 308 1947 363 1977; x_wconf 93' lang='lat' dir='ltr'><strong>pro</strong></span> <span class='ocrx_word' id='word_1_215' title='bbox 378 1937 510 1968; x_wconf 88' lang='lat' dir='ltr'><strong>ecclesia</strong></span> <span class='ocrx_word' id='word_1_216' title='bbox 527 1939 643 1968; x_wconf 86' lang='lat' dir='ltr'><strong>Beatae</strong></span> <span class='ocrx_word' id='word_1_217' title='bbox 657 1938 778 1969; x_wconf 90' lang='lat' dir='ltr'><strong>Mariae</strong></span> <span class='ocrx_word' id='word_1_218' title='bbox 794 1938 1002 1976; x_wconf 83' lang='lat' dir='ltr'><strong>Magdalenae</strong></span> <span class='ocrx_word' id='word_1_219' title='bbox 1018 1939 1098 1977; x_wconf 87' lang='lat' dir='ltr'><strong>prio-</strong></span> 
     </span>
     <span class='ocr_line' id='line_1_32' title="bbox 93 1991 1097 2029; baseline -0.001 -7"><span class='ocrx_word' id='word_1_220' title='bbox 93 1996 180 2022; x_wconf 86' lang='lat' dir='ltr'><strong>ratus</strong></span> <span class='ocrx_word' id='word_1_221' title='bbox 197 1992 236 2022; x_wconf 86' lang='lat' dir='ltr'><strong>de</strong></span> <span class='ocrx_word' id='word_1_222' title='bbox 259 1992 460 2027; x_wconf 86' lang='lat' dir='ltr'><strong>Partiniaco,</strong></span> <span class='ocrx_word' id='word_1_223' title='bbox 480 1991 605 2021; x_wconf 88' lang='lat' dir='ltr'><strong>ordinis</strong></span> <span class='ocrx_word' id='word_1_224' title='bbox 629 1991 660 2020; x_wconf 88' lang='lat' dir='ltr'><strong>S.</strong></span> <span class='ocrx_word' id='word_1_225' title='bbox 681 1991 873 2029; x_wconf 87' lang='lat' dir='ltr'><strong>Augustini,</strong></span> <span class='ocrx_word' id='word_1_226' title='bbox 897 1992 1097 2021; x_wconf 78' lang='lat' dir='ltr'><strong>pictavensis</strong></span> 
     </span>
     <span class='ocr_line' id='line_1_33' title="bbox 93 2034 1098 2083; baseline -0.002 -7"><span class='ocrx_word' id='word_1_227' title='bbox 93 2045 257 2082; x_wconf 89' lang='lat' dir='ltr'><strong>dioecesis,</strong></span> <span class='ocrx_word' id='word_1_228' title='bbox 274 2045 308 2074; x_wconf 88' lang='lat' dir='ltr'><strong>in</strong></span> <span class='ocrx_word' id='word_1_229' title='bbox 330 2044 474 2083; x_wconf 67' lang='lat' dir='ltr'><strong>eiusdem</strong></span> <span class='ocrx_word' id='word_1_230' title='bbox 494 2049 632 2081; x_wconf 90' lang='lat' dir='ltr'><strong>sanctae,</strong></span> <span class='ocrx_word' id='word_1_231' title='bbox 649 2034 785 2083; x_wconf 88' lang='lat' dir='ltr'><strong>quatuor</strong></span> <span class='ocrx_word' id='word_1_232' title='bbox 802 2045 911 2075; x_wconf 88' lang='lat' dir='ltr'><strong>beatae</strong></span> <span class='ocrx_word' id='word_1_233' title='bbox 929 2045 1049 2075; x_wconf 85' lang='lat' dir='ltr'><strong>Mariae</strong></span> <span class='ocrx_word' id='word_1_234' title='bbox 1067 2050 1098 2075; x_wconf 86' lang='lat' dir='ltr'><strong>et</strong></span> 
     </span>
     <span class='ocr_line' id='line_1_34' title="bbox 91 2087 823 2136; baseline -0.003 -7"><span class='ocrx_word' id='word_1_235' title='bbox 91 2087 126 2129; x_wconf 87' lang='lat' dir='ltr'><strong>S.</strong></span> <span class='ocrx_word' id='word_1_236' title='bbox 144 2098 321 2136; x_wconf 87' lang='lat' dir='ltr'><strong>Augustini</strong></span> <span class='ocrx_word' id='word_1_237' title='bbox 337 2097 575 2134; x_wconf 84' lang='lat' dir='ltr'><strong>festivitatibus,</strong></span> <span class='ocrx_word' id='word_1_238' title='bbox 592 2102 648 2127; x_wconf 86' lang='lat' dir='ltr'><strong>etc.</strong></span> <span class='ocrx_word' id='word_1_239' title='bbox 668 2101 702 2127; x_wconf 86' lang='lat' dir='ltr'><strong>ut</strong></span> <span class='ocrx_word' id='word_1_240' title='bbox 717 2107 823 2136; x_wconf 92' lang='lat' dir='ltr'><strong>supra.</strong></span> 
     </span>
    </p>
   </div>
   <div class='ocr_carea' id='block_1_11' title="bbox 645 2177 1026 2213">
    <p class='ocr_par' dir='ltr' id='par_1_14' title="bbox 645 2177 1026 2213">
     <span class='ocr_line' id='line_1_35' title="bbox 645 2177 1026 2213; baseline 0.005 -9"><span class='ocrx_word' id='word_1_241' title='bbox 645 2177 772 2209; x_wconf 82' lang='lat' dir='ltr'><strong>Orviet0‚</strong></span> <span class='ocrx_word' id='word_1_242' title='bbox 792 2179 823 2204; x_wconf 84' lang='lat'><strong>15</strong></span> <span class='ocrx_word' id='word_1_243' title='bbox 835 2179 930 2213; x_wconf 86' lang='lat' dir='ltr'><strong>juillet</strong></span> <span class='ocrx_word' id='word_1_244' title='bbox 948 2179 1026 2206; x_wconf 69' lang='lat'><strong>1291.</strong></span> 
     </span>
    </p>
   </div>
   <div class='ocr_carea' id='block_1_12' title="bbox 93 2239 1097 2545">
    <p class='ocr_par' dir='ltr' id='par_1_15' title="bbox 93 2239 1097 2437">
     <span class='ocr_line' id='line_1_36' title="bbox 133 2239 1096 2279; baseline 0.001 -11"><span class='ocrx_word' id='word_1_245' title='bbox 133 2239 172 2269; x_wconf 89' lang='lat' dir='ltr'><strong>In</strong></span> <span class='ocrx_word' id='word_1_246' title='bbox 189 2248 216 2269; x_wconf 92' lang='lat' dir='ltr'><strong>e.</strong></span> <span class='ocrx_word' id='word_1_247' title='bbox 229 2247 273 2268; x_wconf 89' lang='lat' dir='ltr'><strong>m.</strong></span> <span class='ocrx_word' id='word_1_248' title='bbox 290 2239 436 2268; x_wconf 89' lang='lat' dir='ltr'><strong>eamdem</strong></span> <span class='ocrx_word' id='word_1_249' title='bbox 453 2239 690 2277; x_wconf 85' lang='lat' dir='ltr'><strong>indulgentiam</strong></span> <span class='ocrx_word' id='word_1_250' title='bbox 708 2240 854 2270; x_wconf 87' lang='lat' dir='ltr'><strong>concedit</strong></span> <span class='ocrx_word' id='word_1_251' title='bbox 869 2240 910 2269; x_wconf 88' lang='lat' dir='ltr'><strong>iis</strong></span> <span class='ocrx_word' id='word_1_252' title='bbox 925 2240 980 2279; x_wconf 89' lang='lat' dir='ltr'><strong>qui</strong></span> <span class='ocrx_word' id='word_1_253' title='bbox 994 2263 1013 2269; x_wconf 90' lang='lat'><strong>..</strong></span> <span class='ocrx_word' id='word_1_254' title='bbox 1030 2249 1096 2270; x_wconf 81' lang='lat' dir='ltr'><strong>ma·-</strong></span> 
     </span>
     <span class='ocr_line' id='line_1_37' title="bbox 93 2292 1097 2331; baseline 0.003 -10"><span class='ocrx_word' id='word_1_255' title='bbox 93 2292 191 2331; x_wconf 86' lang='lat' dir='ltr'><strong>gistro</strong></span> <span class='ocrx_word' id='word_1_256' title='bbox 207 2296 238 2322; x_wconf 88' lang='lat' dir='ltr'><strong>et</strong></span> <span class='ocrx_word' id='word_1_257' title='bbox 252 2292 404 2322; x_wconf 80' lang='lat' dir='ltr'><strong>fratribus</strong></span> <span class='ocrx_word' id='word_1_258' title='bbox 421 2292 587 2331; x_wconf 81' lang='lat' dir='ltr'><strong>hospitalis</strong></span> <span class='ocrx_word' id='word_1_259' title='bbox 605 2293 739 2323; x_wconf 88' lang='lat' dir='ltr'><strong>Sanctae</strong></span> <span class='ocrx_word' id='word_1_260' title='bbox 758 2294 877 2323; x_wconf 88' lang='lat' dir='ltr'><strong>Mariae</strong></span> <span class='ocrx_word' id='word_1_261' title='bbox 893 2294 931 2323; x_wconf 89' lang='lat' dir='ltr'><strong>de</strong></span> <span class='ocrx_word' id='word_1_262' title='bbox 951 2294 1097 2324; x_wconf 81' lang='lat' dir='ltr'><strong>Mercede</strong></span> 
     </span>
     <span class='ocr_line' id='line_1_38' title="bbox 93 2345 1095 2384; baseline 0.001 -9"><span class='ocrx_word' id='word_1_263' title='bbox 93 2345 291 2384; x_wconf 88' lang='lat' dir='ltr'><strong>captivorum</strong></span> <span class='ocrx_word' id='word_1_264' title='bbox 315 2345 602 2383; x_wconf 90' lang='lat' dir='ltr'><strong>Barchinonensis,</strong></span> <span class='ocrx_word' id='word_1_265' title='bbox 624 2347 747 2376; x_wconf 87' lang='lat' dir='ltr'><strong>ordinis</strong></span> <span class='ocrx_word' id='word_1_266' title='bbox 771 2347 803 2376; x_wconf 88' lang='lat' dir='ltr'><strong>S.</strong></span> <span class='ocrx_word' id='word_1_267' title='bbox 822 2347 1010 2384; x_wconf 83' lang='lat' dir='ltr'><strong>Augustini,</strong></span> <span class='ocrx_word' id='word_1_268' title='bbox 1028 2356 1095 2376; x_wconf 91' lang='lat' dir='ltr'><strong>ma-</strong></span> 
     </span>
     <span class='ocr_line' id='line_1_39' title="bbox 93 2399 555 2437; baseline 0.002 -9"><span class='ocrx_word' id='word_1_269' title='bbox 93 2407 172 2428; x_wconf 88' lang='lat' dir='ltr'><strong>num</strong></span> <span class='ocrx_word' id='word_1_270' title='bbox 189 2399 331 2428; x_wconf 87' lang='lat' dir='ltr'><strong>caritatis</strong></span> <span class='ocrx_word' id='word_1_271' title='bbox 345 2399 555 2437; x_wconf 81' lang='lat' dir='ltr'><strong>porrexerint.</strong></span> 
     </span>
    </p>

    <p class='ocr_par' dir='ltr' id='par_1_16' title="bbox 94 2452 1097 2545">
     <span class='ocr_line' id='line_1_40' title="bbox 135 2452 1097 2492; baseline 0.004 -12"><span class='ocrx_word' id='word_1_272' title='bbox 135 2464 149 2479; x_wconf 92' lang='lat'>«</span> <span class='ocrx_word' id='word_1_273' title='bbox 173 2452 334 2488; x_wconf 89' lang='lat' dir='ltr'><strong>Quoniam</strong></span> <span class='ocrx_word' id='word_1_274' title='bbox 354 2458 387 2482; x_wconf 92' lang='lat' dir='ltr'><strong>ut</strong></span> <span class='ocrx_word' id='word_1_275' title='bbox 403 2453 485 2482; x_wconf 87' lang='lat' dir='ltr'><strong>ait...</strong></span> <span class='ocrx_word' id='word_1_276' title='bbox 501 2470 540 2475; x_wconf 94' lang='lat'><strong>—</strong></span> <span class='ocrx_word' id='word_1_277' title='bbox 555 2454 626 2483; x_wconf 90' lang='lat' dir='ltr'><strong>Dat.</strong></span> <span class='ocrx_word' id='word_1_278' title='bbox 643 2454 727 2492; x_wconf 92' lang='lat' dir='ltr'><strong>apud</strong></span> <span class='ocrx_word' id='word_1_279' title='bbox 743 2454 1016 2490; x_wconf 85' lang='lat' dir='ltr'><strong>Urbemveterem‚</strong></span> <span class='ocrx_word' id='word_1_280' title='bbox 1035 2455 1097 2484; x_wconf 89' lang='lat' dir='ltr'><strong>idi-</strong></span> 
     </span>
     <span class='ocr_line' id='line_1_41' title="bbox 94 2505 838 2545; baseline 0.003 -10"><span class='ocrx_word' id='word_1_281' title='bbox 94 2505 253 2544; x_wconf 87' lang='lat' dir='ltr'><strong>busjulii,</strong></span> <span class='ocrx_word' id='word_1_282' title='bbox 269 2513 356 2535; x_wconf 91' lang='lat' dir='ltr'><strong>anuo</strong></span> <span class='ocrx_word' id='word_1_283' title='bbox 371 2511 493 2545; x_wconf 84' lang='lat' dir='ltr'><strong>quarto.</strong></span> <span class='ocrx_word' id='word_1_284' title='bbox 516 2517 529 2534; x_wconf 71' lang='grc' dir='ltr'><strong>ιο</strong></span> <span class='ocrx_word' id='word_1_285' title='bbox 548 2506 696 2545; x_wconf 62' lang='lat' dir='ltr'><strong>(Pori-a„</strong></span> <span class='ocrx_word' id='word_1_286' title='bbox 716 2507 838 2543; x_wconf 77' lang='lat'><strong>23739.)</strong></span> 
     </span>
    </p>
   </div>
   <div class='ocr_carea' id='block_1_13' title="bbox 643 2586 1024 2621">
    <p class='ocr_par' dir='ltr' id='par_1_17' title="bbox 643 2586 1024 2621">
     <span class='ocr_line' id='line_1_42' title="bbox 643 2586 1024 2621; baseline 0.003 -9"><span class='ocrx_word' id='word_1_287' title='bbox 643 2586 774 2618; x_wconf 70' lang='lat' dir='ltr'><strong>Orvieto,</strong></span> <span class='ocrx_word' id='word_1_288' title='bbox 796 2587 823 2613; x_wconf 79' lang='lat'><strong>15</strong></span> <span class='ocrx_word' id='word_1_289' title='bbox 836 2588 931 2621; x_wconf 82' lang='lat' dir='ltr'><strong>juillet</strong></span> <span class='ocrx_word' id='word_1_290' title='bbox 950 2588 1024 2615; x_wconf 78' lang='lat'><strong>1-291.</strong></span> 
     </span>
    </p>
   </div>
   <div class='ocr_carea' id='block_1_14' title="bbox 94 2647 1097 3005">
    <p class='ocr_par' dir='ltr' id='par_1_18' title="bbox 94 2647 1097 2904">
     <span class='ocr_line' id='line_1_43' title="bbox 136 2647 1097 2686; baseline 0.005 -10"><span class='ocrx_word' id='word_1_291' title='bbox 136 2648 174 2677; x_wconf 86' lang='lat' dir='ltr'><strong>ln</strong></span> <span class='ocrx_word' id='word_1_292' title='bbox 192 2656 219 2677; x_wconf 88' lang='lat' dir='ltr'><strong>e.</strong></span> <span class='ocrx_word' id='word_1_293' title='bbox 237 2657 280 2676; x_wconf 91' lang='lat' dir='ltr'><strong>m.</strong></span> <span class='ocrx_word' id='word_1_294' title='bbox 301 2647 447 2677; x_wconf 86' lang='lat' dir='ltr'><strong>eamdem</strong></span> <span class='ocrx_word' id='word_1_295' title='bbox 468 2648 704 2686; x_wconf 86' lang='lat' dir='ltr'><strong>indulgentiam</strong></span> <span class='ocrx_word' id='word_1_296' title='bbox 727 2651 872 2680; x_wconf 89' lang='lat' dir='ltr'><strong>concedit</strong></span> <span class='ocrx_word' id='word_1_297' title='bbox 893 2651 1097 2681; x_wconf 85' lang='lat' dir='ltr'><strong>visitantibus</strong></span> 
     </span>
     <span class='ocr_line' id='line_1_44' title="bbox 95 2700 1095 2739; baseline 0.006 -10"><span class='ocrx_word' id='word_1_298' title='bbox 95 2700 263 2730; x_wconf 87' lang='lat' dir='ltr'><strong>ecclesiam</strong></span> <span class='ocrx_word' id='word_1_299' title='bbox 285 2701 421 2730; x_wconf 81' lang='lat' dir='ltr'><strong>fratrum</strong></span> <span class='ocrx_word' id='word_1_300' title='bbox 445 2701 607 2731; x_wconf 88' lang='lat' dir='ltr'><strong>minorum</strong></span> <span class='ocrx_word' id='word_1_301' title='bbox 631 2702 668 2731; x_wconf 91' lang='lat' dir='ltr'><strong>de</strong></span> <span class='ocrx_word' id='word_1_302' title='bbox 687 2702 791 2739; x_wconf 83' lang='lat' dir='ltr'><strong>Sexto,</strong></span> <span class='ocrx_word' id='word_1_303' title='bbox 813 2704 988 2734; x_wconf 82' lang='lat' dir='ltr'><strong>Januensis</strong></span> <span class='ocrx_word' id='word_1_304' title='bbox 1010 2705 1095 2735; x_wconf 91' lang='lat' dir='ltr'><strong>dioe-</strong></span> 
     </span>
     <span class='ocr_line' id='line_1_45' title="bbox 94 2753 1095 2795; baseline 0.004 -11"><span class='ocrx_word' id='word_1_305' title='bbox 94 2754 190 2788; x_wconf 88' lang='lat' dir='ltr'><strong>cesis,</strong></span> <span class='ocrx_word' id='word_1_306' title='bbox 212 2754 247 2783; x_wconf 91' lang='lat' dir='ltr'><strong>in</strong></span> <span class='ocrx_word' id='word_1_307' title='bbox 271 2758 408 2792; x_wconf 89' lang='lat' dir='ltr'><strong>quatuor</strong></span> <span class='ocrx_word' id='word_1_308' title='bbox 426 2753 536 2784; x_wconf 89' lang='lat' dir='ltr'><strong>beatae</strong></span> <span class='ocrx_word' id='word_1_309' title='bbox 554 2755 690 2792; x_wconf 89' lang='lat' dir='ltr'><strong>Mariae,</strong></span> <span class='ocrx_word' id='word_1_310' title='bbox 717 2761 897 2787; x_wconf 88' lang='lat' dir='ltr'><strong>sanctorum</strong></span> <span class='ocrx_word' id='word_1_311' title='bbox 922 2758 1095 2795; x_wconf 74' lang='lat' dir='ltr'><strong>Francisci‚</strong></span> 
     </span>
     <span class='ocr_line' id='line_1_46' title="bbox 94 2806 1096 2845; baseline 0.004 -9"><span class='ocrx_word' id='word_1_312' title='bbox 94 2807 231 2837; x_wconf 87' lang='lat' dir='ltr'><strong>Antonii</strong></span> <span class='ocrx_word' id='word_1_313' title='bbox 250 2811 280 2836; x_wconf 88' lang='lat' dir='ltr'><strong>et</strong></span> <span class='ocrx_word' id='word_1_314' title='bbox 294 2806 455 2837; x_wconf 87' lang='lat' dir='ltr'><strong>Johannis</strong></span> <span class='ocrx_word' id='word_1_315' title='bbox 471 2807 629 2845; x_wconf 80' lang='lat' dir='ltr'><strong>Baptistae</strong></span> <span class='ocrx_word' id='word_1_316' title='bbox 648 2813 675 2838; x_wconf 90' lang='lat' dir='ltr'><strong>et</strong></span> <span class='ocrx_word' id='word_1_317' title='bbox 692 2809 1010 2842; x_wconf 86' lang='lat' dir='ltr'><strong>Commemorationis</strong></span> <span class='ocrx_word' id='word_1_318' title='bbox 1027 2820 1096 2841; x_wconf 88' lang='lat' dir='ltr'><strong>om-</strong></span> 
     </span>
     <span class='ocr_line' id='line_1_47' title="bbox 95 2860 1095 2904; baseline 0.006 -15"><span class='ocrx_word' id='word_1_319' title='bbox 95 2860 186 2890; x_wconf 92' lang='lat' dir='ltr'><strong>nium</strong></span> <span class='ocrx_word' id='word_1_320' title='bbox 203 2864 387 2890; x_wconf 89' lang='lat' dir='ltr'><strong>sanctorum</strong></span> <span class='ocrx_word' id='word_1_321' title='bbox 400 2860 627 2891; x_wconf 75' lang='lat' dir='ltr'><strong>festivitatibus</strong></span> <span class='ocrx_word' id='word_1_322' title='bbox 641 2866 670 2891; x_wconf 90' lang='lat' dir='ltr'><strong>et</strong></span> <span class='ocrx_word' id='word_1_323' title='bbox 683 2871 738 2900; x_wconf 89' lang='lat' dir='ltr'><strong>per</strong></span> <span class='ocrx_word' id='word_1_324' title='bbox 751 2867 819 2893; x_wconf 91' lang='lat' dir='ltr'><strong>octo</strong></span> <span class='ocrx_word' id='word_1_325' title='bbox 834 2864 900 2894; x_wconf 90' lang='lat' dir='ltr'><strong>dies</strong></span> <span class='ocrx_word' id='word_1_326' title='bbox 916 2870 1095 2904; x_wconf 73' lang='lat' dir='ltr'><strong>sequentes</strong></span> 
     </span>
    </p>

    <p class='ocr_par' dir='ltr' id='par_1_19' title="bbox 96 2912 1096 3005">
     <span class='ocr_line' id='line_1_48' title="bbox 137 2912 1096 2954; baseline 0.009 -15"><span class='ocrx_word' id='word_1_327' title='bbox 137 2924 150 2939; x_wconf 68' lang='lat' dir='ltr'><strong>a</strong></span> <span class='ocrx_word' id='word_1_328' title='bbox 175 2912 331 2951; x_wconf 86' lang='lat' dir='ltr'><strong>Splendor</strong></span> <span class='ocrx_word' id='word_1_329' title='bbox 353 2916 484 2951; x_wconf 88' lang='lat' dir='ltr'><strong>paterne</strong></span> <span class='ocrx_word' id='word_1_330' title='bbox 506 2913 702 2952; x_wconf 71' lang='lat' dir='ltr'><strong>glorie...‘2-—</strong></span> <span class='ocrx_word' id='word_1_331' title='bbox 722 2915 793 2945; x_wconf 89' lang='lat' dir='ltr'><strong>Dat.</strong></span> <span class='ocrx_word' id='word_1_332' title='bbox 813 2916 897 2954; x_wconf 89' lang='lat' dir='ltr'><strong>apud</strong></span> <span class='ocrx_word' id='word_1_333' title='bbox 922 2918 1096 2948; x_wconf 90' lang='lat' dir='ltr'><strong>Urbemve-</strong></span> 
     </span>
     <span class='ocr_line' id='line_1_49' title="bbox 96 2965 714 3005; baseline 0.002 -10"><span class='ocrx_word' id='word_1_334' title='bbox 96 2970 206 3003; x_wconf 85' lang='lat' dir='ltr'><strong>terem,</strong></span> <span class='ocrx_word' id='word_1_335' title='bbox 223 2965 331 2995; x_wconf 88' lang='lat' dir='ltr'><strong>idibus</strong></span> <span class='ocrx_word' id='word_1_336' title='bbox 345 2965 539 3004; x_wconf 49' lang='lat' dir='ltr'><strong>julii,·anno</strong></span> <span class='ocrx_word' id='word_1_337' title='bbox 556 2971 679 3005; x_wconf 90' lang='lat' dir='ltr'><strong>quarto.</strong></span> <span class='ocrx_word' id='word_1_338' title='bbox 702 2979 714 2993; x_wconf 79' lang='lat' dir='ltr'><strong>n</strong></span> 
     </span>
    </p>
   </div>
   <div class='ocr_carea' id='block_1_15' title="bbox 1177 368 2182 1098">
    <p class='ocr_par' dir='ltr' id='par_1_20' title="bbox 1177 368 2179 570">
     <span class='ocr_line' id='line_1_50' title="bbox 1220 368 2177 408; baseline 0.007 -11"><span class='ocrx_word' id='word_1_339' title='bbox 1220 368 1257 397; x_wconf 89' lang='lat' dir='ltr'><strong>ln</strong></span> <span class='ocrx_word' id='word_1_340' title='bbox 1274 377 1302 398; x_wconf 88' lang='lat' dir='ltr'><strong>e.</strong></span> <span class='ocrx_word' id='word_1_341' title='bbox 1317 378 1374 406; x_wconf 90' lang='lat' dir='ltr'><strong>m.,</strong></span> <span class='ocrx_word' id='word_1_342' title='bbox 1393 378 1448 408; x_wconf 92' lang='lat' dir='ltr'><strong>pro</strong></span> <span class='ocrx_word' id='word_1_343' title='bbox 1463 369 1596 400; x_wconf 87' lang='lat' dir='ltr'><strong>ecclesia</strong></span> <span class='ocrx_word' id='word_1_344' title='bbox 1610 369 1776 407; x_wconf 89' lang='lat' dir='ltr'><strong>hospitalis</strong></span> <span class='ocrx_word' id='word_1_345' title='bbox 1793 369 1902 399; x_wconf 86' lang='lat' dir='ltr'><strong>Sancti</strong></span> <span class='ocrx_word' id='word_1_346' title='bbox 1916 370 2074 401; x_wconf 85' lang='lat' dir='ltr'><strong>Johannis</strong></span> <span class='ocrx_word' id='word_1_347' title='bbox 2089 373 2177 404; x_wconf 86' lang='lat' dir='ltr'><strong>Jero-</strong></span> 
     </span>
     <span class='ocr_line' id='line_1_51' title="bbox 1179 419 2177 463; baseline 0.006 -13"><span class='ocrx_word' id='word_1_348' title='bbox 1179 419 1354 451; x_wconf 88' lang='lat' dir='ltr'><strong>solimitani</strong></span> <span class='ocrx_word' id='word_1_349' title='bbox 1377 422 1416 452; x_wconf 90' lang='lat' dir='ltr'><strong>de</strong></span> <span class='ocrx_word' id='word_1_350' title='bbox 1439 422 1720 461; x_wconf 88' lang='lat' dir='ltr'><strong>Montepesulano‚</strong></span> <span class='ocrx_word' id='word_1_351' title='bbox 1747 422 1984 461; x_wconf 81' lang='lat' dir='ltr'><strong>Magalonensis</strong></span> <span class='ocrx_word' id='word_1_352' title='bbox 2008 424 2177 463; x_wconf 79' lang='lat' dir='ltr'><strong>dioecesi5‚</strong></span> 
     </span>
     <span class='ocr_line' id='line_1_52' title="bbox 1178 474 2179 516; baseline 0.005 -13"><span class='ocrx_word' id='word_1_353' title='bbox 1178 474 1210 502; x_wconf 90' lang='lat' dir='ltr'><strong>in</strong></span> <span class='ocrx_word' id='word_1_354' title='bbox 1230 474 1366 512; x_wconf 82' lang='lat' dir='ltr'><strong>singulis</strong></span> <span class='ocrx_word' id='word_1_355' title='bbox 1389 475 1421 505; x_wconf 90' lang='lat' dir='ltr'><strong>S.</strong></span> <span class='ocrx_word' id='word_1_356' title='bbox 1444 475 1605 505; x_wconf 88' lang='lat' dir='ltr'><strong>Johannis</strong></span> <span class='ocrx_word' id='word_1_357' title='bbox 1627 475 1797 514; x_wconf 85' lang='lat' dir='ltr'><strong>Baptistae,</strong></span> <span class='ocrx_word' id='word_1_358' title='bbox 1819 475 1850 505; x_wconf 96' lang='lat' dir='ltr'><strong>S.</strong></span> <span class='ocrx_word' id='word_1_359' title='bbox 1871 475 1970 506; x_wconf 88' lang='lat' dir='ltr'><strong>Blasii</strong></span> <span class='ocrx_word' id='word_1_360' title='bbox 1993 482 2023 506; x_wconf 88' lang='lat' dir='ltr'><strong>et</strong></span> <span class='ocrx_word' id='word_1_361' title='bbox 2045 481 2179 516; x_wconf 88' lang='lat' dir='ltr'><strong>quatuor</strong></span> 
     </span>
     <span class='ocr_line' id='line_1_53' title="bbox 1177 527 2140 570; baseline 0.004 -14"><span class='ocrx_word' id='word_1_362' title='bbox 1177 527 1287 557; x_wconf 80' lang='lat' dir='ltr'><strong>beatae</strong></span> <span class='ocrx_word' id='word_1_363' title='bbox 1303 528 1425 558; x_wconf 91' lang='lat' dir='ltr'><strong>Mariae</strong></span> <span class='ocrx_word' id='word_1_364' title='bbox 1441 528 1674 566; x_wconf 87' lang='lat' dir='ltr'><strong>festivitatibus,</strong></span> <span class='ocrx_word' id='word_1_365' title='bbox 1691 533 1748 558; x_wconf 89' lang='lat' dir='ltr'><strong>etc.</strong></span> <span class='ocrx_word' id='word_1_366' title='bbox 1767 533 1800 558; x_wconf 92' lang='lat' dir='ltr'><strong>ut</strong></span> <span class='ocrx_word' id='word_1_367' title='bbox 1816 538 1921 568; x_wconf 84' lang='lat' dir='ltr'><strong>supra.</strong></span> <span class='ocrx_word' id='word_1_368' title='bbox 1940 529 1999 569; x_wconf 83' lang='lat' dir='ltr'><strong>(En</strong></span> <span class='ocrx_word' id='word_1_369' title='bbox 2011 531 2140 570; x_wconf 64' lang='lat' dir='ltr'><strong>mai-92.)</strong></span> 
     </span>
    </p>

    <p class='ocr_par' dir='ltr' id='par_1_21' title="bbox 1179 581 2180 778">
     <span class='ocr_line' id='line_1_54' title="bbox 1218 581 2179 621; baseline 0.004 -12"><span class='ocrx_word' id='word_1_370' title='bbox 1218 581 1256 609; x_wconf 92' lang='lat' dir='ltr'><strong>In</strong></span> <span class='ocrx_word' id='word_1_371' title='bbox 1276 590 1302 610; x_wconf 88' lang='lat' dir='ltr'><strong>e.</strong></span> <span class='ocrx_word' id='word_1_372' title='bbox 1325 591 1382 618; x_wconf 91' lang='lat' dir='ltr'><strong>m.,</strong></span> <span class='ocrx_word' id='word_1_373' title='bbox 1408 590 1464 620; x_wconf 90' lang='lat' dir='ltr'><strong>pro</strong></span> <span class='ocrx_word' id='word_1_374' title='bbox 1487 581 1608 621; x_wconf 87' lang='lat' dir='ltr'><strong>capella</strong></span> <span class='ocrx_word' id='word_1_375' title='bbox 1631 581 1766 612; x_wconf 86' lang='lat' dir='ltr'><strong>Sanctae</strong></span> <span class='ocrx_word' id='word_1_376' title='bbox 1790 583 1909 612; x_wconf 84' lang='lat' dir='ltr'><strong>Mariae</strong></span> <span class='ocrx_word' id='word_1_377' title='bbox 1932 583 2099 613; x_wconf 87' lang='lat' dir='ltr'><strong>Rotundae</strong></span> <span class='ocrx_word' id='word_1_378' title='bbox 2121 584 2179 613; x_wconf 91' lang='lat' dir='ltr'><strong>Vi-</strong></span> 
     </span>
     <span class='ocr_line' id='line_1_55' title="bbox 1179 634 2179 675; baseline 0.005 -13"><span class='ocrx_word' id='word_1_379' title='bbox 1179 634 1277 670; x_wconf 85' lang='lat' dir='ltr'><strong>censi,</strong></span> <span class='ocrx_word' id='word_1_380' title='bbox 1290 634 1324 663; x_wconf 90' lang='lat' dir='ltr'><strong>in</strong></span> <span class='ocrx_word' id='word_1_381' title='bbox 1338 639 1472 672; x_wconf 88' lang='lat' dir='ltr'><strong>quatuor</strong></span> <span class='ocrx_word' id='word_1_382' title='bbox 1490 635 1630 673; x_wconf 84' lang='lat' dir='ltr'><strong>ejusdem</strong></span> <span class='ocrx_word' id='word_1_383' title='bbox 1645 635 1780 673; x_wconf 83' lang='lat' dir='ltr'><strong>virginis</strong></span> <span class='ocrx_word' id='word_1_384' title='bbox 1794 635 2030 672; x_wconf 86' lang='lat' dir='ltr'><strong>festivitatibus,</strong></span> <span class='ocrx_word' id='word_1_385' title='bbox 2044 645 2098 675; x_wconf 88' lang='lat' dir='ltr'><strong>per</strong></span> <span class='ocrx_word' id='word_1_386' title='bbox 2110 641 2179 667; x_wconf 88' lang='lat' dir='ltr'><strong>octo</strong></span> 
     </span>
     <span class='ocr_line' id='line_1_56' title="bbox 1179 686 2180 728; baseline 0.005 -13"><span class='ocrx_word' id='word_1_387' title='bbox 1179 686 1246 716; x_wconf 91' lang='lat' dir='ltr'><strong>dies</strong></span> <span class='ocrx_word' id='word_1_388' title='bbox 1269 692 1438 725; x_wconf 88' lang='lat' dir='ltr'><strong>sequentes</strong></span> <span class='ocrx_word' id='word_1_389' title='bbox 1457 692 1486 717; x_wconf 90' lang='lat' dir='ltr'><strong>et</strong></span> <span class='ocrx_word' id='word_1_390' title='bbox 1504 688 1538 717; x_wconf 92' lang='lat' dir='ltr'><strong>in</strong></span> <span class='ocrx_word' id='word_1_391' title='bbox 1560 689 1780 719; x_wconf 86' lang='lat' dir='ltr'><strong>anniversario</strong></span> <span class='ocrx_word' id='word_1_392' title='bbox 1800 689 1851 719; x_wconf 90' lang='lat' dir='ltr'><strong>die</strong></span> <span class='ocrx_word' id='word_1_393' title='bbox 1871 689 2078 719; x_wconf 88' lang='lat' dir='ltr'><strong>dedicationis</strong></span> <span class='ocrx_word' id='word_1_394' title='bbox 2096 691 2180 728; x_wconf 75' lang='lat' dir='ltr'><strong>eJus-</strong></span> 
     </span>
     <span class='ocr_line' id='line_1_57' title="bbox 1180 738 1420 778; baseline 0.004 -10"><span class='ocrx_word' id='word_1_395' title='bbox 1180 738 1252 769; x_wconf 88' lang='lat' dir='ltr'><strong>dem</strong></span> <span class='ocrx_word' id='word_1_396' title='bbox 1271 739 1420 778; x_wconf 85' lang='lat' dir='ltr'><strong>capellae.</strong></span> 
     </span>
    </p>

    <p class='ocr_par' dir='ltr' id='par_1_22' title="bbox 1221 791 2077 833">
     <span class='ocr_line' id='line_1_58' title="bbox 1221 791 2077 833; baseline 0.005 -12"><span class='ocrx_word' id='word_1_397' title='bbox 1221 804 1235 818; x_wconf 74' lang='grc' dir='ltr'>α</span> <span class='ocrx_word' id='word_1_398' title='bbox 1259 791 1422 822; x_wconf 90' lang='lat' dir='ltr'><strong>Gloriosus</strong></span> <span class='ocrx_word' id='word_1_399' title='bbox 1437 793 1522 822; x_wconf 90' lang='lat' dir='ltr'><strong>Deus</strong></span> <span class='ocrx_word' id='word_1_400' title='bbox 1538 793 1611 822; x_wconf 90' lang='lat' dir='ltr'><strong>in...</strong></span> <span class='ocrx_word' id='word_1_401' title='bbox 1628 810 1666 815; x_wconf 91' lang='lat'><strong>—-</strong></span> <span class='ocrx_word' id='word_1_402' title='bbox 1684 794 1754 823; x_wconf 90' lang='lat' dir='ltr'><strong>Dat.</strong></span> <span class='ocrx_word' id='word_1_403' title='bbox 1774 798 1808 824; x_wconf 92' lang='lat' dir='ltr'><strong>ut</strong></span> <span class='ocrx_word' id='word_1_404' title='bbox 1823 803 1927 833; x_wconf 89' lang='lat' dir='ltr'><strong>supra.</strong></span> <span class='ocrx_word' id='word_1_405' title='bbox 1947 807 1961 821; x_wconf 70' lang='grc' dir='ltr'><strong>ι)</strong></span> <span class='ocrx_word' id='word_1_406' title='bbox 1977 795 2077 833; x_wconf 80' lang='lat' dir='ltr'><strong>(Ibid.)</strong></span> 
     </span>
    </p>

    <p class='ocr_par' dir='ltr' id='par_1_23' title="bbox 1179 845 2182 1042">
     <span class='ocr_line' id='line_1_59' title="bbox 1219 845 2179 884; baseline 0.004 -10"><span class='ocrx_word' id='word_1_407' title='bbox 1219 845 1257 873; x_wconf 89' lang='lat' dir='ltr'><strong>In</strong></span> <span class='ocrx_word' id='word_1_408' title='bbox 1274 854 1301 875; x_wconf 90' lang='lat' dir='ltr'><strong>e.</strong></span> <span class='ocrx_word' id='word_1_409' title='bbox 1316 854 1374 881; x_wconf 87' lang='lat' dir='ltr'><strong>m.,</strong></span> <span class='ocrx_word' id='word_1_410' title='bbox 1392 854 1447 883; x_wconf 92' lang='lat' dir='ltr'><strong>pro</strong></span> <span class='ocrx_word' id='word_1_411' title='bbox 1462 845 1594 875; x_wconf 89' lang='lat' dir='ltr'><strong>ecclesia</strong></span> <span class='ocrx_word' id='word_1_412' title='bbox 1611 845 1719 875; x_wconf 85' lang='lat' dir='ltr'><strong>Sancti</strong></span> <span class='ocrx_word' id='word_1_413' title='bbox 1734 846 1874 876; x_wconf 87' lang='lat' dir='ltr'><strong>Vismari</strong></span> <span class='ocrx_word' id='word_1_414' title='bbox 1891 848 2053 884; x_wconf 90' lang='lat' dir='ltr'><strong>Lobiensi,</strong></span> <span class='ocrx_word' id='word_1_415' title='bbox 2068 848 2179 879; x_wconf 91' lang='lat' dir='ltr'><strong>Came-</strong></span> 
     </span>
     <span class='ocr_line' id='line_1_60' title="bbox 1179 898 2177 938; baseline 0.005 -11"><span class='ocrx_word' id='word_1_416' title='bbox 1179 898 1320 928; x_wconf 87' lang='lat' dir='ltr'><strong>racensis</strong></span> <span class='ocrx_word' id='word_1_417' title='bbox 1345 898 1514 934; x_wconf 90' lang='lat' dir='ltr'><strong>dioecesis,</strong></span> <span class='ocrx_word' id='word_1_418' title='bbox 1540 899 1574 927; x_wconf 92' lang='lat' dir='ltr'><strong>in</strong></span> <span class='ocrx_word' id='word_1_419' title='bbox 1604 899 1874 929; x_wconf 85' lang='lat' dir='ltr'><strong>Annuntiationis</strong></span> <span class='ocrx_word' id='word_1_420' title='bbox 1904 900 2013 930; x_wconf 85' lang='lat' dir='ltr'><strong>beatae</strong></span> <span class='ocrx_word' id='word_1_421' title='bbox 2042 902 2177 938; x_wconf 87' lang='lat' dir='ltr'><strong>Mariae,</strong></span> 
     </span>
     <span class='ocr_line' id='line_1_61' title="bbox 1180 951 2182 984; baseline 0.004 -4"><span class='ocrx_word' id='word_1_422' title='bbox 1180 955 1363 980; x_wconf 88' lang='lat' dir='ltr'><strong>sanctorum</strong></span> <span class='ocrx_word' id='word_1_423' title='bbox 1383 951 1469 980; x_wconf 90' lang='lat' dir='ltr'><strong>Petri</strong></span> <span class='ocrx_word' id='word_1_424' title='bbox 1493 955 1522 981; x_wconf 90' lang='lat' dir='ltr'><strong>et</strong></span> <span class='ocrx_word' id='word_1_425' title='bbox 1541 951 1635 981; x_wconf 88' lang='lat' dir='ltr'><strong>Pauli</strong></span> <span class='ocrx_word' id='word_1_426' title='bbox 1657 956 1687 981; x_wconf 91' lang='lat' dir='ltr'><strong>et</strong></span> <span class='ocrx_word' id='word_1_427' title='bbox 1707 951 1738 981; x_wconf 91' lang='lat' dir='ltr'><strong>S.</strong></span> <span class='ocrx_word' id='word_1_428' title='bbox 1758 952 1895 981; x_wconf 84' lang='lat' dir='ltr'><strong>Vismari</strong></span> <span class='ocrx_word' id='word_1_429' title='bbox 1912 953 2135 984; x_wconf 82' lang='lat' dir='ltr'><strong>festivitatibus</strong></span> <span class='ocrx_word' id='word_1_430' title='bbox 2151 959 2182 984; x_wconf 90' lang='lat' dir='ltr'><strong>et</strong></span> 
     </span>
     <span class='ocr_line' id='line_1_62' title="bbox 1180 1004 1596 1042; baseline 0 -9"><span class='ocrx_word' id='word_1_431' title='bbox 1180 1012 1236 1042; x_wconf 90' lang='lat' dir='ltr'><strong>per</strong></span> <span class='ocrx_word' id='word_1_432' title='bbox 1250 1007 1318 1034; x_wconf 90' lang='lat' dir='ltr'><strong>octo</strong></span> <span class='ocrx_word' id='word_1_433' title='bbox 1333 1004 1400 1033; x_wconf 91' lang='lat' dir='ltr'><strong>dies</strong></span> <span class='ocrx_word' id='word_1_434' title='bbox 1416 1007 1596 1042; x_wconf 85' lang='lat' dir='ltr'><strong>sequentes.</strong></span> 
     </span>
    </p>

    <p class='ocr_par' dir='ltr' id='par_1_24' title="bbox 1222 1057 2178 1098">
     <span class='ocr_line' id='line_1_63' title="bbox 1222 1057 2178 1098; baseline 0.005 -14"><span class='ocrx_word' id='word_1_435' title='bbox 1222 1068 1236 1084; x_wconf 89' lang='lat'>«</span> <span class='ocrx_word' id='word_1_436' title='bbox 1254 1057 1336 1086; x_wconf 91' lang='lat' dir='ltr'><strong>Loca</strong></span> <span class='ocrx_word' id='word_1_437' title='bbox 1352 1061 1533 1086; x_wconf 90' lang='lat' dir='ltr'><strong>sanctorum</strong></span> <span class='ocrx_word' id='word_1_438' title='bbox 1550 1057 1736 1087; x_wconf 85' lang='lat' dir='ltr'><strong>omnium...</strong></span> <span class='ocrx_word' id='word_1_439' title='bbox 1749 1074 1787 1078; x_wconf 97' lang='lat'><strong>—</strong></span> <span class='ocrx_word' id='word_1_440' title='bbox 1799 1057 1870 1087; x_wconf 88' lang='lat' dir='ltr'><strong>Dat.</strong></span> <span class='ocrx_word' id='word_1_441' title='bbox 1887 1062 2036 1096; x_wconf 88' lang='lat' dir='ltr'><strong>utsupra.</strong></span> <span class='ocrx_word' id='word_1_442' title='bbox 2052 1071 2064 1085; x_wconf 68' lang='lat' dir='ltr'><strong>n</strong></span> <span class='ocrx_word' id='word_1_443' title='bbox 2080 1059 2178 1098; x_wconf 73' lang='lat' dir='ltr'><strong>(Ibid.)</strong></span> 
     </span>
    </p>
   </div>
   <div class='ocr_carea' id='block_1_16' title="bbox 1769 1135 2110 1169">
    <p class='ocr_par' dir='ltr' id='par_1_25' title="bbox 1769 1135 2110 1169">
     <span class='ocr_line' id='line_1_64' title="bbox 1769 1135 2110 1169; baseline 0.003 -6"><span class='ocrx_word' id='word_1_444' title='bbox 1769 1135 1894 1169; x_wconf 84' lang='lat' dir='ltr'><strong>Orvieto,</strong></span> <span class='ocrx_word' id='word_1_445' title='bbox 1916 1137 1944 1163; x_wconf 81' lang='lat'><strong>15</strong></span> <span class='ocrx_word' id='word_1_446' title='bbox 1961 1138 2015 1163; x_wconf 88' lang='lat' dir='ltr'><strong>mai</strong></span> <span class='ocrx_word' id='word_1_447' title='bbox 2034 1137 2110 1165; x_wconf 71' lang='lat'><strong>1‘291.</strong></span> 
     </span>
    </p>
   </div>
   <div class='ocr_carea' id='block_1_17' title="bbox 1182 1198 2183 1503">
    <p class='ocr_par' dir='ltr' id='par_1_26' title="bbox 1182 1198 2183 1397">
     <span class='ocr_line' id='line_1_65' title="bbox 1222 1198 2181 1237; baseline 0.002 -9"><span class='ocrx_word' id='word_1_448' title='bbox 1222 1199 1260 1228; x_wconf 90' lang='lat' dir='ltr'><strong>In</strong></span> <span class='ocrx_word' id='word_1_449' title='bbox 1277 1208 1304 1229; x_wconf 91' lang='lat' dir='ltr'><strong>e.</strong></span> <span class='ocrx_word' id='word_1_450' title='bbox 1323 1208 1380 1235; x_wconf 86' lang='lat' dir='ltr'><strong>m.,</strong></span> <span class='ocrx_word' id='word_1_451' title='bbox 1398 1207 1454 1237; x_wconf 90' lang='lat' dir='ltr'><strong>pro</strong></span> <span class='ocrx_word' id='word_1_452' title='bbox 1469 1198 1602 1228; x_wconf 88' lang='lat' dir='ltr'><strong>ecclesia</strong></span> <span class='ocrx_word' id='word_1_453' title='bbox 1621 1198 1730 1228; x_wconf 88' lang='lat' dir='ltr'><strong>Sancti</strong></span> <span class='ocrx_word' id='word_1_454' title='bbox 1750 1199 1857 1228; x_wconf 88' lang='lat' dir='ltr'><strong>Pontii</strong></span> <span class='ocrx_word' id='word_1_455' title='bbox 1872 1199 1911 1228; x_wconf 87' lang='lat' dir='ltr'><strong>de</strong></span> <span class='ocrx_word' id='word_1_456' title='bbox 1929 1199 2102 1236; x_wconf 88' lang='lat' dir='ltr'><strong>Sumidrio,</strong></span> <span class='ocrx_word' id='word_1_457' title='bbox 2116 1201 2181 1230; x_wconf 90' lang='lat' dir='ltr'><strong>Ne-</strong></span> 
     </span>
     <span class='ocr_line' id='line_1_66' title="bbox 1182 1251 2183 1290; baseline 0 -8"><span class='ocrx_word' id='word_1_458' title='bbox 1182 1253 1361 1282; x_wconf 89' lang='lat' dir='ltr'><strong>mausensis</strong></span> <span class='ocrx_word' id='word_1_459' title='bbox 1383 1252 1549 1287; x_wconf 89' lang='lat' dir='ltr'><strong>dioecesis,</strong></span> <span class='ocrx_word' id='word_1_460' title='bbox 1568 1253 1602 1281; x_wconf 91' lang='lat' dir='ltr'><strong>in</strong></span> <span class='ocrx_word' id='word_1_461' title='bbox 1623 1252 1767 1290; x_wconf 88' lang='lat' dir='ltr'><strong>ejusdem</strong></span> <span class='ocrx_word' id='word_1_462' title='bbox 1790 1251 1902 1288; x_wconf 82' lang='lat' dir='ltr'><strong>sancti,</strong></span> <span class='ocrx_word' id='word_1_463' title='bbox 1920 1257 2054 1290; x_wconf 89' lang='lat' dir='ltr'><strong>quatuor</strong></span> <span class='ocrx_word' id='word_1_464' title='bbox 2075 1253 2183 1283; x_wconf 89' lang='lat' dir='ltr'><strong>beatae</strong></span> 
     </span>
     <span class='ocr_line' id='line_1_67' title="bbox 1182 1305 2182 1344; baseline 0.001 -9"><span class='ocrx_word' id='word_1_465' title='bbox 1182 1306 1302 1335; x_wconf 84' lang='lat' dir='ltr'><strong>Mariae</strong></span> <span class='ocrx_word' id='word_1_466' title='bbox 1318 1310 1347 1335; x_wconf 89' lang='lat' dir='ltr'><strong>et</strong></span> <span class='ocrx_word' id='word_1_467' title='bbox 1365 1305 1396 1335; x_wconf 87' lang='lat' dir='ltr'><strong>S.</strong></span> <span class='ocrx_word' id='word_1_468' title='bbox 1408 1305 1568 1335; x_wconf 80' lang='lat' dir='ltr'><strong>Johannis</strong></span> <span class='ocrx_word' id='word_1_469' title='bbox 1587 1305 1745 1344; x_wconf 86' lang='lat' dir='ltr'><strong>Baptistae</strong></span> <span class='ocrx_word' id='word_1_470' title='bbox 1762 1305 1985 1336; x_wconf 82' lang='lat' dir='ltr'><strong>festivitatibus</strong></span> <span class='ocrx_word' id='word_1_471' title='bbox 2000 1311 2030 1335; x_wconf 88' lang='lat' dir='ltr'><strong>et</strong></span> <span class='ocrx_word' id='word_1_472' title='bbox 2044 1315 2100 1344; x_wconf 88' lang='lat' dir='ltr'><strong>per</strong></span> <span class='ocrx_word' id='word_1_473' title='bbox 2115 1311 2182 1337; x_wconf 83' lang='lat' dir='ltr'><strong>octo</strong></span> 
     </span>
     <span class='ocr_line' id='line_1_68' title="bbox 1183 1359 1444 1397; baseline -0.004 -9"><span class='ocrx_word' id='word_1_474' title='bbox 1183 1359 1249 1388; x_wconf 91' lang='lat' dir='ltr'><strong>dies</strong></span> <span class='ocrx_word' id='word_1_475' title='bbox 1265 1363 1444 1397; x_wconf 84' lang='lat' dir='ltr'><strong>sequentes.</strong></span> 
     </span>
    </p>

    <p class='ocr_par' dir='ltr' id='par_1_27' title="bbox 1182 1411 2182 1503">
     <span class='ocr_line' id='line_1_69' title="bbox 1224 1411 2182 1450; baseline 0.004 -12"><span class='ocrx_word' id='word_1_476' title='bbox 1224 1424 1237 1438; x_wconf 61' lang='grc' dir='ltr'>κ</span> <span class='ocrx_word' id='word_1_477' title='bbox 1255 1411 1411 1450; x_wconf 89' lang='lat' dir='ltr'><strong>Splendor</strong></span> <span class='ocrx_word' id='word_1_478' title='bbox 1427 1416 1557 1450; x_wconf 90' lang='lat' dir='ltr'><strong>paterne</strong></span> <span class='ocrx_word' id='word_1_479' title='bbox 1572 1411 1712 1449; x_wconf 84' lang='lat' dir='ltr'><strong>glorie...</strong></span> <span class='ocrx_word' id='word_1_480' title='bbox 1728 1427 1767 1432; x_wconf 89' lang='lat'><strong>-—</strong></span> <span class='ocrx_word' id='word_1_481' title='bbox 1782 1411 1854 1440; x_wconf 89' lang='lat' dir='ltr'><strong>Dat.</strong></span> <span class='ocrx_word' id='word_1_482' title='bbox 1873 1411 1956 1450; x_wconf 82' lang='lat' dir='ltr'><strong>apud</strong></span> <span class='ocrx_word' id='word_1_483' title='bbox 1972 1412 2182 1443; x_wconf 86' lang='lat' dir='ltr'><strong>Urbemvete-</strong></span> 
     </span>
     <span class='ocr_line' id='line_1_70' title="bbox 1182 1464 1886 1503; baseline -0.003 -8"><span class='ocrx_word' id='word_1_484' title='bbox 1182 1474 1262 1502; x_wconf 88' lang='lat' dir='ltr'><strong>rem,</strong></span> <span class='ocrx_word' id='word_1_485' title='bbox 1278 1465 1384 1494; x_wconf 87' lang='lat' dir='ltr'><strong>idibus</strong></span> <span class='ocrx_word' id='word_1_486' title='bbox 1400 1464 1489 1500; x_wconf 91' lang='lat' dir='ltr'><strong>maii,</strong></span> <span class='ocrx_word' id='word_1_487' title='bbox 1507 1473 1593 1494; x_wconf 85' lang='lat' dir='ltr'><strong>anno</strong></span> <span class='ocrx_word' id='word_1_488' title='bbox 1609 1469 1731 1502; x_wconf 85' lang='lat' dir='ltr'><strong>quarto.</strong></span> <span class='ocrx_word' id='word_1_489' title='bbox 1753 1476 1766 1490; x_wconf 85' lang='lat'>»</span> <span class='ocrx_word' id='word_1_490' title='bbox 1785 1464 1886 1503; x_wconf 76' lang='lat' dir='ltr'><strong>(Ibid.)</strong></span> 
     </span>
    </p>
   </div>
   <div class='ocr_carea' id='block_1_18' title="bbox 1765 1545 2112 1579">
    <p class='ocr_par' dir='ltr' id='par_1_28' title="bbox 1765 1545 2112 1579">
     <span class='ocr_line' id='line_1_71' title="bbox 1765 1545 2112 1579; baseline 0.003 -8"><span class='ocrx_word' id='word_1_491' title='bbox 1765 1545 1890 1578; x_wconf 83' lang='lat' dir='ltr'><strong>Orvieto,</strong></span> <span class='ocrx_word' id='word_1_492' title='bbox 1907 1545 1939 1572; x_wconf 67' lang='lat'><strong>‘27</strong></span> <span class='ocrx_word' id='word_1_493' title='bbox 1952 1546 2016 1579; x_wconf 91' lang='lat' dir='ltr'><strong>juin</strong></span> <span class='ocrx_word' id='word_1_494' title='bbox 2034 1545 2112 1573; x_wconf 73' lang='lat'><strong>1291.</strong></span> 
     </span>
    </p>
   </div>
   <div class='ocr_carea' id='block_1_19' title="bbox 1183 1606 2183 1807">
    <p class='ocr_par' dir='ltr' id='par_1_29' title="bbox 1183 1606 2183 1807">
     <span class='ocr_line' id='line_1_72' title="bbox 1222 1606 2183 1646; baseline -0.001 -8"><span class='ocrx_word' id='word_1_495' title='bbox 1222 1609 1259 1638; x_wconf 93' lang='lat' dir='ltr'><strong>In</strong></span> <span class='ocrx_word' id='word_1_496' title='bbox 1280 1617 1307 1638; x_wconf 91' lang='lat' dir='ltr'><strong>e.</strong></span> <span class='ocrx_word' id='word_1_497' title='bbox 1325 1617 1381 1644; x_wconf 86' lang='lat' dir='ltr'><strong>m.,</strong></span> <span class='ocrx_word' id='word_1_498' title='bbox 1399 1616 1455 1646; x_wconf 91' lang='lat' dir='ltr'><strong>pro</strong></span> <span class='ocrx_word' id='word_1_499' title='bbox 1473 1607 1605 1637; x_wconf 88' lang='lat' dir='ltr'><strong>ecclesia</strong></span> <span class='ocrx_word' id='word_1_500' title='bbox 1624 1607 1734 1636; x_wconf 89' lang='lat' dir='ltr'><strong>Sancti</strong></span> <span class='ocrx_word' id='word_1_501' title='bbox 1753 1607 1903 1636; x_wconf 90' lang='lat' dir='ltr'><strong>Herasmi</strong></span> <span class='ocrx_word' id='word_1_502' title='bbox 1919 1607 1957 1636; x_wconf 87' lang='lat' dir='ltr'><strong>de</strong></span> <span class='ocrx_word' id='word_1_503' title='bbox 1972 1606 2065 1637; x_wconf 85' lang='lat' dir='ltr'><strong>Valle</strong></span> <span class='ocrx_word' id='word_1_504' title='bbox 2081 1607 2183 1646; x_wconf 84' lang='lat' dir='ltr'><strong>Sugii,</strong></span> 
     </span>
     <span class='ocr_line' id='line_1_73' title="bbox 1183 1659 2182 1699; baseline -0.003 -7"><span class='ocrx_word' id='word_1_505' title='bbox 1183 1662 1356 1692; x_wconf 88' lang='lat' dir='ltr'><strong>Gaietanae</strong></span> <span class='ocrx_word' id='word_1_506' title='bbox 1383 1661 1551 1697; x_wconf 87' lang='lat' dir='ltr'><strong>dioecesis,</strong></span> <span class='ocrx_word' id='word_1_507' title='bbox 1581 1661 1615 1689; x_wconf 89' lang='lat' dir='ltr'><strong>in</strong></span> <span class='ocrx_word' id='word_1_508' title='bbox 1645 1660 1788 1699; x_wconf 87' lang='lat' dir='ltr'><strong>ejusdem</strong></span> <span class='ocrx_word' id='word_1_509' title='bbox 1818 1660 1933 1696; x_wconf 85' lang='lat' dir='ltr'><strong>sancti,</strong></span> <span class='ocrx_word' id='word_1_510' title='bbox 1967 1660 1998 1690; x_wconf 89' lang='lat' dir='ltr'><strong>S.</strong></span> <span class='ocrx_word' id='word_1_511' title='bbox 2026 1659 2182 1699; x_wconf 84' lang='lat' dir='ltr'><strong>Philippi,</strong></span> 
     </span>
     <span class='ocr_line' id='line_1_74' title="bbox 1183 1713 2182 1751; baseline -0.002 -6"><span class='ocrx_word' id='word_1_512' title='bbox 1183 1716 1216 1746; x_wconf 92' lang='lat' dir='ltr'><strong>S.</strong></span> <span class='ocrx_word' id='word_1_513' title='bbox 1237 1715 1347 1745; x_wconf 88' lang='lat' dir='ltr'><strong>Jacobi</strong></span> <span class='ocrx_word' id='word_1_514' title='bbox 1370 1718 1399 1744; x_wconf 92' lang='lat' dir='ltr'><strong>et</strong></span> <span class='ocrx_word' id='word_1_515' title='bbox 1420 1714 1452 1743; x_wconf 86' lang='lat' dir='ltr'><strong>S.</strong></span> <span class='ocrx_word' id='word_1_516' title='bbox 1475 1713 1642 1743; x_wconf 87' lang='lat' dir='ltr'><strong>Eustachii</strong></span> <span class='ocrx_word' id='word_1_517' title='bbox 1665 1713 1887 1742; x_wconf 77' lang='lat' dir='ltr'><strong>festivitatibus</strong></span> <span class='ocrx_word' id='word_1_518' title='bbox 1910 1717 1939 1742; x_wconf 90' lang='lat' dir='ltr'><strong>et</strong></span> <span class='ocrx_word' id='word_1_519' title='bbox 1958 1722 2013 1751; x_wconf 91' lang='lat' dir='ltr'><strong>per</strong></span> <span class='ocrx_word' id='word_1_520' title='bbox 2029 1717 2096 1743; x_wconf 87' lang='lat' dir='ltr'><strong>octo</strong></span> <span class='ocrx_word' id='word_1_521' title='bbox 2117 1713 2182 1743; x_wconf 91' lang='lat' dir='ltr'><strong>dies</strong></span> 
     </span>
     <span class='ocr_line' id='line_1_75' title="bbox 1183 1765 2117 1807; baseline -0.003 -9"><span class='ocrx_word' id='word_1_522' title='bbox 1183 1771 1363 1807; x_wconf 87' lang='lat' dir='ltr'><strong>sequentes.</strong></span> <span class='ocrx_word' id='word_1_523' title='bbox 1381 1767 1451 1796; x_wconf 89' lang='lat' dir='ltr'><strong>Dat.</strong></span> <span class='ocrx_word' id='word_1_524' title='bbox 1470 1776 1489 1795; x_wconf 93' lang='lat' dir='ltr'><strong>v</strong></span> <span class='ocrx_word' id='word_1_525' title='bbox 1506 1766 1658 1796; x_wconf 78' lang='lat' dir='ltr'><strong>kalendas</strong></span> <span class='ocrx_word' id='word_1_526' title='bbox 1671 1765 1757 1804; x_wconf 81' lang='lat' dir='ltr'><strong>julii,</strong></span> <span class='ocrx_word' id='word_1_527' title='bbox 1775 1774 1860 1795; x_wconf 90' lang='lat' dir='ltr'><strong>anno</strong></span> <span class='ocrx_word' id='word_1_528' title='bbox 1876 1770 1996 1804; x_wconf 88' lang='lat' dir='ltr'><strong>quarto.</strong></span> <span class='ocrx_word' id='word_1_529' title='bbox 2014 1766 2117 1805; x_wconf 72' lang='lat' dir='ltr'><strong>(Ibid.)</strong></span> 
     </span>
    </p>
   </div>
   <div class='ocr_carea' id='block_1_20' title="bbox 1755 1845 2112 1879">
    <p class='ocr_par' dir='ltr' id='par_1_30' title="bbox 1755 1845 2112 1879">
     <span class='ocr_line' id='line_1_76' title="bbox 1755 1845 2112 1879; baseline -0.003 -8"><span class='ocrx_word' id='word_1_530' title='bbox 1755 1845 1882 1878; x_wconf 84' lang='lat' dir='ltr'><strong>Orvieto,</strong></span> <span class='ocrx_word' id='word_1_531' title='bbox 1899 1846 1913 1870; x_wconf 82' lang='lat'><strong>7</strong></span> <span class='ocrx_word' id='word_1_532' title='bbox 1925 1845 2020 1879; x_wconf 87' lang='lat' dir='ltr'><strong>juillet</strong></span> <span class='ocrx_word' id='word_1_533' title='bbox 2036 1845 2112 1872; x_wconf 67' lang='lat'><strong>1291.</strong></span> 
     </span>
    </p>
   </div>
   <div class='ocr_carea' id='block_1_21' title="bbox 1177 1905 2183 2162">
    <p class='ocr_par' dir='ltr' id='par_1_31' title="bbox 1181 1905 2183 2054">
     <span class='ocr_line' id='line_1_77' title="bbox 1222 1905 2181 1948; baseline -0.004 -9"><span class='ocrx_word' id='word_1_534' title='bbox 1222 1910 1260 1939; x_wconf 91' lang='lat' dir='ltr'><strong>In</strong></span> <span class='ocrx_word' id='word_1_535' title='bbox 1286 1918 1313 1939; x_wconf 89' lang='lat' dir='ltr'><strong>e.</strong></span> <span class='ocrx_word' id='word_1_536' title='bbox 1333 1919 1391 1945; x_wconf 89' lang='lat' dir='ltr'><strong>m.,</strong></span> <span class='ocrx_word' id='word_1_537' title='bbox 1415 1918 1471 1948; x_wconf 91' lang='lat' dir='ltr'><strong>pro</strong></span> <span class='ocrx_word' id='word_1_538' title='bbox 1497 1908 1630 1938; x_wconf 83' lang='lat' dir='ltr'><strong>ecclesia</strong></span> <span class='ocrx_word' id='word_1_539' title='bbox 1660 1907 1767 1937; x_wconf 83' lang='lat' dir='ltr'><strong>Sancti</strong></span> <span class='ocrx_word' id='word_1_540' title='bbox 1792 1906 1958 1936; x_wconf 88' lang='lat' dir='ltr'><strong>Michaelis</strong></span> <span class='ocrx_word' id='word_1_541' title='bbox 1984 1906 2023 1936; x_wconf 90' lang='lat' dir='ltr'><strong>de</strong></span> <span class='ocrx_word' id='word_1_542' title='bbox 2047 1905 2181 1944; x_wconf 85' lang='lat' dir='ltr'><strong>Regula,</strong></span> 
     </span>
     <span class='ocr_line' id='line_1_78' title="bbox 1181 1959 2183 1999; baseline -0.005 -6"><span class='ocrx_word' id='word_1_543' title='bbox 1181 1963 1366 1993; x_wconf 83' lang='lat' dir='ltr'><strong>Vasatensis</strong></span> <span class='ocrx_word' id='word_1_544' title='bbox 1386 1962 1549 1997; x_wconf 73' lang='lat' dir='ltr'><strong>dioecesis,</strong></span> <span class='ocrx_word' id='word_1_545' title='bbox 1567 1961 1601 1990; x_wconf 91' lang='lat' dir='ltr'><strong>in</strong></span> <span class='ocrx_word' id='word_1_546' title='bbox 1621 1960 1763 1999; x_wconf 89' lang='lat' dir='ltr'><strong>ejusdem</strong></span> <span class='ocrx_word' id='word_1_547' title='bbox 1785 1960 1897 1996; x_wconf 87' lang='lat' dir='ltr'><strong>sancti,</strong></span> <span class='ocrx_word' id='word_1_548' title='bbox 1919 1959 1950 1989; x_wconf 89' lang='lat' dir='ltr'><strong>S.</strong></span> <span class='ocrx_word' id='word_1_549' title='bbox 1971 1959 2136 1989; x_wconf 86' lang='lat' dir='ltr'><strong>Saturnini</strong></span> <span class='ocrx_word' id='word_1_550' title='bbox 2153 1963 2183 1989; x_wconf 92' lang='lat' dir='ltr'><strong>et</strong></span> 
     </span>
     <span class='ocr_line' id='line_1_79' title="bbox 1182 2013 2047 2054; baseline -0.006 -8"><span class='ocrx_word' id='word_1_551' title='bbox 1182 2017 1214 2047; x_wconf 91' lang='lat' dir='ltr'><strong>S.</strong></span> <span class='ocrx_word' id='word_1_552' title='bbox 1231 2016 1327 2054; x_wconf 84' lang='lat' dir='ltr'><strong>Eligii</strong></span> <span class='ocrx_word' id='word_1_553' title='bbox 1346 2015 1569 2045; x_wconf 82' lang='lat' dir='ltr'><strong>festivitatibus</strong></span> <span class='ocrx_word' id='word_1_554' title='bbox 1587 2018 1616 2043; x_wconf 92' lang='lat' dir='ltr'><strong>et</strong></span> <span class='ocrx_word' id='word_1_555' title='bbox 1631 2023 1686 2052; x_wconf 89' lang='lat' dir='ltr'><strong>per</strong></span> <span class='ocrx_word' id='word_1_556' title='bbox 1703 2018 1772 2043; x_wconf 85' lang='lat' dir='ltr'><strong>octo</strong></span> <span class='ocrx_word' id='word_1_557' title='bbox 1787 2013 1853 2042; x_wconf 84' lang='lat' dir='ltr'><strong>dies</strong></span> <span class='ocrx_word' id='word_1_558' title='bbox 1870 2017 2047 2051; x_wconf 85' lang='lat' dir='ltr'><strong>sequentes.</strong></span> 
     </span>
    </p>

    <p class='ocr_par' dir='ltr' id='par_1_32' title="bbox 1177 2064 2181 2162">
     <span class='ocr_line' id='line_1_80' title="bbox 1223 2064 2181 2104; baseline -0.003 -8"><span class='ocrx_word' id='word_1_559' title='bbox 1223 2082 1237 2096; x_wconf 69' lang='grc' dir='ltr'><strong>«ι</strong></span> <span class='ocrx_word' id='word_1_560' title='bbox 1262 2070 1350 2099; x_wconf 90' lang='lat' dir='ltr'><strong>Licet</strong></span> <span class='ocrx_word' id='word_1_561' title='bbox 1370 2069 1397 2098; x_wconf 89' lang='lat' dir='ltr'><strong>is</strong></span> <span class='ocrx_word' id='word_1_562' title='bbox 1422 2068 1496 2098; x_wconf 88' lang='lat' dir='ltr'><strong>de...</strong></span> <span class='ocrx_word' id='word_1_563' title='bbox 1516 2084 1555 2090; x_wconf 95' lang='lat'><strong>—</strong></span> <span class='ocrx_word' id='word_1_564' title='bbox 1579 2067 1650 2096; x_wconf 92' lang='lat' dir='ltr'><strong>Dat.</strong></span> <span class='ocrx_word' id='word_1_565' title='bbox 1675 2066 1757 2104; x_wconf 84' lang='lat' dir='ltr'><strong>apud</strong></span> <span class='ocrx_word' id='word_1_566' title='bbox 1784 2066 2057 2099; x_wconf 84' lang='lat' dir='ltr'><strong>Urbemveterem,</strong></span> <span class='ocrx_word' id='word_1_567' title='bbox 2086 2064 2181 2094; x_wconf 87' lang='lat' dir='ltr'><strong>nonis</strong></span> 
     </span>
     <span class='ocr_line' id='line_1_81' title="bbox 1177 2121 1657 2162; baseline -0.008 -9"><span class='ocrx_word' id='word_1_568' title='bbox 1177 2123 1264 2162; x_wconf 88' lang='lat' dir='ltr'><strong>julii,</strong></span> <span class='ocrx_word' id='word_1_569' title='bbox 1282 2131 1367 2152; x_wconf 90' lang='lat' dir='ltr'><strong>anuo</strong></span> <span class='ocrx_word' id='word_1_570' title='bbox 1382 2127 1506 2160; x_wconf 86' lang='lat' dir='ltr'><strong>quarto.</strong></span> <span class='ocrx_word' id='word_1_571' title='bbox 1525 2133 1537 2147; x_wconf 65' lang='lat' dir='ltr'>n</span> <span class='ocrx_word' id='word_1_572' title='bbox 1556 2121 1657 2159; x_wconf 78' lang='lat' dir='ltr'><strong>(Ibid.)</strong></span> 
     </span>
    </p>
   </div>
   <div class='ocr_carea' id='block_1_22' title="bbox 1180 2279 2182 2423">
    <p class='ocr_par' dir='ltr' id='par_1_33' title="bbox 1180 2279 2182 2423">
     <span class='ocr_line' id='line_1_82' title="bbox 1250 2279 1501 2310; baseline -0.016 0"><span class='ocrx_word' id='word_1_573' title='bbox 1250 2279 1501 2310; x_wconf 56' lang='lat'>5852-5658</span> 
     </span>
     <span class='ocr_line' id='line_1_83' title="bbox 1215 2337 2182 2377; baseline -0.008 -6"><span class='ocrx_word' id='word_1_574' title='bbox 1215 2344 1319 2371; x_wconf 87' lang='lat' dir='ltr'><strong>Contra</strong></span> <span class='ocrx_word' id='word_1_575' title='bbox 1335 2351 1385 2369; x_wconf 85' lang='lat' dir='ltr'><strong>eos</strong></span> <span class='ocrx_word' id='word_1_576' title='bbox 1400 2342 1449 2377; x_wconf 90' lang='lat' dir='ltr'><strong>qui</strong></span> <span class='ocrx_word' id='word_1_577' title='bbox 1464 2342 1537 2367; x_wconf 88' lang='lat' dir='ltr'><strong>bona</strong></span> <span class='ocrx_word' id='word_1_578' title='bbox 1552 2341 1739 2367; x_wconf 86' lang='lat' dir='ltr'><strong>ecclesiarum</strong></span> <span class='ocrx_word' id='word_1_579' title='bbox 1754 2339 1991 2366; x_wconf 86' lang='lat' dir='ltr'><strong>Catbalaunensis</strong></span> <span class='ocrx_word' id='word_1_580' title='bbox 2008 2341 2035 2364; x_wconf 89' lang='lat' dir='ltr'><strong>et</strong></span> <span class='ocrx_word' id='word_1_581' title='bbox 2051 2337 2182 2364; x_wconf 85' lang='lat' dir='ltr'><strong>Camera-</strong></span> 
     </span>
     <span class='ocr_line' id='line_1_84' title="bbox 1180 2386 1882 2423; baseline -0.011 -4"><span class='ocrx_word' id='word_1_582' title='bbox 1180 2392 1276 2419; x_wconf 83' lang='lat' dir='ltr'><strong>censis</strong></span> <span class='ocrx_word' id='word_1_583' title='bbox 1291 2390 1437 2417; x_wconf 89' lang='lat' dir='ltr'><strong>invadunt.</strong></span> <span class='ocrx_word' id='word_1_584' title='bbox 1456 2389 1538 2423; x_wconf 71' lang='lat' dir='ltr'><strong>(Rae.</strong></span> <span class='ocrx_word' id='word_1_585' title='bbox 1555 2388 1603 2419; x_wconf 72' lang='lat'><strong>46,</strong></span> <span class='ocrx_word' id='word_1_586' title='bbox 1620 2396 1645 2414; x_wconf 79' lang='lat' dir='ltr'><strong>c,</strong></span> <span class='ocrx_word' id='word_1_587' title='bbox 1664 2387 1728 2418; x_wconf 77' lang='lat'><strong>353,</strong></span> <span class='ocrx_word' id='word_1_588' title='bbox 1744 2387 1763 2413; x_wconf 88' lang='lat' dir='ltr'><strong>f.</strong></span> <span class='ocrx_word' id='word_1_589' title='bbox 1783 2386 1815 2412; x_wconf 82' lang='lat'><strong>70</strong></span> <span class='ocrx_word' id='word_1_590' title='bbox 1831 2387 1882 2417; x_wconf 78' lang='lat' dir='ltr'><strong>vo.)</strong></span> 
     </span>
    </p>
   </div>
   <div class='ocr_carea' id='block_1_23' title="bbox 1732 2275 2110 2311">
    <p class='ocr_par' dir='ltr' id='par_1_34' title="bbox 1732 2275 2110 2311">
     <span class='ocr_line' id='line_1_85' title="bbox 1732 2275 2110 2311; baseline -0.005 -8"><span class='ocrx_word' id='word_1_591' title='bbox 1732 2276 1858 2311; x_wconf 81' lang='lat' dir='ltr'><strong>Orvieto‚</strong></span> <span class='ocrx_word' id='word_1_592' title='bbox 1879 2276 1907 2302; x_wconf 78' lang='grc'><strong>18</strong></span> <span class='ocrx_word' id='word_1_593' title='bbox 1922 2276 2017 2310; x_wconf 79' lang='lat' dir='ltr'><strong>juillet</strong></span> <span class='ocrx_word' id='word_1_594' title='bbox 2035 2275 2110 2302; x_wconf 60' lang='lat'><strong>1291.</strong></span> 
     </span>
    </p>
   </div>
   <div class='ocr_carea' id='block_1_24' title="bbox 1179 2488 2182 3000">
    <p class='ocr_par' dir='ltr' id='par_1_35' title="bbox 1179 2488 2182 3000">
     <span class='ocr_line' id='line_1_86' title="bbox 1221 2488 2180 2529; baseline -0.01 -6"><span class='ocrx_word' id='word_1_595' title='bbox 1221 2517 1241 2524; x_wconf 89' lang='lat'><strong>..</strong></span> <span class='ocrx_word' id='word_1_596' title='bbox 1260 2494 1368 2523; x_wconf 78' lang='lat' dir='ltr'><strong>decano</strong></span> <span class='ocrx_word' id='word_1_597' title='bbox 1387 2498 1412 2521; x_wconf 83' lang='lat' dir='ltr'><strong>et</strong></span> <span class='ocrx_word' id='word_1_598' title='bbox 1427 2492 1559 2529; x_wconf 74' lang='lat' dir='ltr'><strong>capitulo</strong></span> <span class='ocrx_word' id='word_1_599' title='bbox 1577 2490 1694 2519; x_wconf 82' lang='lat' dir='ltr'><strong>ecclesie</strong></span> <span class='ocrx_word' id='word_1_600' title='bbox 1707 2488 1969 2522; x_wconf 72' lang='lat' dir='ltr'><strong>Cathalaimensz‘s,</strong></span> <span class='ocrx_word' id='word_1_601' title='bbox 1981 2494 2053 2515; x_wconf 88' lang='lat' dir='ltr'><strong>cum</strong></span> <span class='ocrx_word' id='word_1_602' title='bbox 2071 2493 2180 2514; x_wconf 90' lang='lat' dir='ltr'><strong>eorum</strong></span> 
     </span>
     <span class='ocr_line' id='line_1_87' title="bbox 1179 2538 2181 2579; baseline -0.01 -2"><span class='ocrx_word' id='word_1_603' title='bbox 1179 2548 1262 2577; x_wconf 84' lang='lat' dir='ltr'><strong>bona</strong></span> <span class='ocrx_word' id='word_1_604' title='bbox 1286 2544 1436 2575; x_wconf 90' lang='lat' dir='ltr'><strong>nonnulli</strong></span> <span class='ocrx_word' id='word_1_605' title='bbox 1459 2544 1604 2579; x_wconf 86' lang='lat' dir='ltr'><strong>comites,</strong></span> <span class='ocrx_word' id='word_1_606' title='bbox 1628 2542 1778 2576; x_wconf 90' lang='lat' dir='ltr'><strong>barones,</strong></span> <span class='ocrx_word' id='word_1_607' title='bbox 1801 2539 1920 2569; x_wconf 89' lang='lat' dir='ltr'><strong>milites</strong></span> <span class='ocrx_word' id='word_1_608' title='bbox 1943 2542 1971 2568; x_wconf 86' lang='lat' dir='ltr'><strong>et</strong></span> <span class='ocrx_word' id='word_1_609' title='bbox 1990 2538 2063 2567; x_wconf 89' lang='lat' dir='ltr'><strong>laici</strong></span> <span class='ocrx_word' id='word_1_610' title='bbox 2089 2538 2181 2567; x_wconf 88' lang='lat' dir='ltr'><strong>inva-</strong></span> 
     </span>
     <span class='ocr_line' id='line_1_88' title="bbox 1179 2591 2180 2633; baseline -0.011 -3"><span class='ocrx_word' id='word_1_611' title='bbox 1179 2600 1260 2630; x_wconf 90' lang='lat' dir='ltr'><strong>dunt</strong></span> <span class='ocrx_word' id='word_1_612' title='bbox 1282 2604 1312 2629; x_wconf 90' lang='lat' dir='ltr'><strong>et</strong></span> <span class='ocrx_word' id='word_1_613' title='bbox 1331 2599 1505 2633; x_wconf 85' lang='lat' dir='ltr'><strong>devastant,</strong></span> <span class='ocrx_word' id='word_1_614' title='bbox 1522 2594 1669 2633; x_wconf 85' lang='lat' dir='ltr'><strong>indulget</strong></span> <span class='ocrx_word' id='word_1_615' title='bbox 1691 2598 1724 2624; x_wconf 91' lang='lat' dir='ltr'><strong>ut</strong></span> <span class='ocrx_word' id='word_1_616' title='bbox 1745 2594 1779 2622; x_wconf 91' lang='lat' dir='ltr'><strong>in</strong></span> <span class='ocrx_word' id='word_1_617' title='bbox 1802 2597 2002 2630; x_wconf 83' lang='lat' dir='ltr'><strong>occupatores</strong></span> <span class='ocrx_word' id='word_1_618' title='bbox 2025 2591 2180 2621; x_wconf 89' lang='lat' dir='ltr'><strong>bonorum</strong></span> 
     </span>
     <span class='ocr_line' id='line_1_89' title="bbox 1180 2643 2182 2683; baseline -0.012 0"><span class='ocrx_word' id='word_1_619' title='bbox 1180 2653 1219 2683; x_wconf 89' lang='lat' dir='ltr'><strong>ad</strong></span> <span class='ocrx_word' id='word_1_620' title='bbox 1236 2651 1527 2683; x_wconf 87' lang='lat' dir='ltr'><strong>Cathalauneusem</strong></span> <span class='ocrx_word' id='word_1_621' title='bbox 1545 2647 1723 2683; x_wconf 86' lang='lat' dir='ltr'><strong>ecclesiam,</strong></span> <span class='ocrx_word' id='word_1_622' title='bbox 1748 2645 1929 2681; x_wconf 88' lang='lat' dir='ltr'><strong>canonicos,</strong></span> <span class='ocrx_word' id='word_1_623' title='bbox 1949 2643 2125 2682; x_wconf 85' lang='lat' dir='ltr'><strong>capellanos</strong></span> <span class='ocrx_word' id='word_1_624' title='bbox 2151 2647 2182 2672; x_wconf 87' lang='lat' dir='ltr'><strong>et</strong></span> 
     </span>
     <span class='ocr_line' id='line_1_90' title="bbox 1180 2698 2176 2744; baseline -0.013 -7"><span class='ocrx_word' id='word_1_625' title='bbox 1180 2707 1311 2737; x_wconf 89' lang='lat' dir='ltr'><strong>clericos</strong></span> <span class='ocrx_word' id='word_1_626' title='bbox 1323 2707 1390 2744; x_wconf 88' lang='lat' dir='ltr'><strong>ejus</strong></span> <span class='ocrx_word' id='word_1_627' title='bbox 1407 2703 1617 2742; x_wconf 88' lang='lat' dir='ltr'><strong>spectantium</strong></span> <span class='ocrx_word' id='word_1_628' title='bbox 1632 2705 1662 2731; x_wconf 89' lang='lat' dir='ltr'><strong>et</strong></span> <span class='ocrx_word' id='word_1_629' title='bbox 1675 2700 1813 2730; x_wconf 87' lang='lat' dir='ltr'><strong>notorios</strong></span> <span class='ocrx_word' id='word_1_630' title='bbox 1826 2698 2043 2727; x_wconf 84' lang='lat' dir='ltr'><strong>malefactores</strong></span> <span class='ocrx_word' id='word_1_631' title='bbox 2057 2704 2176 2732; x_wconf 87' lang='lat' dir='ltr'><strong>eorum,</strong></span> 
     </span>
     <span class='ocr_line' id='line_1_91' title="bbox 1180 2748 2180 2792; baseline -0.014 -3"><span class='ocrx_word' id='word_1_632' title='bbox 1180 2760 1242 2789; x_wconf 89' lang='lat' dir='ltr'><strong>nisi</strong></span> <span class='ocrx_word' id='word_1_633' title='bbox 1261 2758 1412 2788; x_wconf 87' lang='lat' dir='ltr'><strong>canonice</strong></span> <span class='ocrx_word' id='word_1_634' title='bbox 1428 2756 1541 2786; x_wconf 90' lang='lat' dir='ltr'><strong>moniti</strong></span> <span class='ocrx_word' id='word_1_635' title='bbox 1558 2757 1706 2792; x_wconf 88' lang='lat' dir='ltr'><strong>occupata</strong></span> <span class='ocrx_word' id='word_1_636' title='bbox 1722 2750 1918 2781; x_wconf 85' lang='lat' dir='ltr'><strong>restituerint</strong></span> <span class='ocrx_word' id='word_1_637' title='bbox 1933 2754 1963 2778; x_wconf 82' lang='lat' dir='ltr'><strong>et</strong></span> <span class='ocrx_word' id='word_1_638' title='bbox 1979 2749 2016 2778; x_wconf 90' lang='lat' dir='ltr'><strong>de</strong></span> <span class='ocrx_word' id='word_1_639' title='bbox 2033 2748 2180 2786; x_wconf 86' lang='lat' dir='ltr'><strong>dampnis</strong></span> 
     </span>
     <span class='ocr_line' id='line_1_92' title="bbox 1180 2802 2178 2844; baseline -0.015 -2"><span class='ocrx_word' id='word_1_640' title='bbox 1180 2812 1278 2842; x_wconf 86' lang='lat' dir='ltr'><strong>illatis</strong></span> <span class='ocrx_word' id='word_1_641' title='bbox 1296 2810 1505 2841; x_wconf 82' lang='lat' dir='ltr'><strong>satisfecerint</strong></span> <span class='ocrx_word' id='word_1_642' title='bbox 1516 2807 1601 2837; x_wconf 82' lang='lat' dir='ltr'><strong>infra</strong></span> <span class='ocrx_word' id='word_1_643' title='bbox 1613 2808 1844 2844; x_wconf 89' lang='lat' dir='ltr'><strong>competentem</strong></span> <span class='ocrx_word' id='word_1_644' title='bbox 1858 2802 2041 2837; x_wconf 81' lang='lat' dir='ltr'><strong>terminum,</strong></span> <span class='ocrx_word' id='word_1_645' title='bbox 2056 2808 2178 2829; x_wconf 80' lang='lat' dir='ltr'><strong>excom-</strong></span> 
     </span>
     <span class='ocr_line' id='line_1_93' title="bbox 1180 2853 2177 2899; baseline -0.016 -4"><span class='ocrx_word' id='word_1_646' title='bbox 1180 2863 1420 2898; x_wconf 88' lang='lat' dir='ltr'><strong>municationis,</strong></span> <span class='ocrx_word' id='word_1_647' title='bbox 1437 2859 1656 2899; x_wconf 87' lang='lat' dir='ltr'><strong>suspensionis</strong></span> <span class='ocrx_word' id='word_1_648' title='bbox 1675 2862 1705 2887; x_wconf 91' lang='lat' dir='ltr'><strong>et</strong></span> <span class='ocrx_word' id='word_1_649' title='bbox 1727 2854 1887 2886; x_wconf 84' lang='lat' dir='ltr'><strong>interdicti</strong></span> <span class='ocrx_word' id='word_1_650' title='bbox 1912 2853 2084 2884; x_wconf 82' lang='lat' dir='ltr'><strong>sententias</strong></span> <span class='ocrx_word' id='word_1_651' title='bbox 2108 2859 2177 2890; x_wconf 89' lang='lat' dir='ltr'><strong>pro-</strong></span> 
     </span>
     <span class='ocr_line' id='line_1_94' title="bbox 1180 2903 2178 2955; baseline -0.016 -7"><span class='ocrx_word' id='word_1_652' title='bbox 1180 2917 1324 2955; x_wconf 83' lang='lat' dir='ltr'><strong>mulgare</strong></span> <span class='ocrx_word' id='word_1_653' title='bbox 1340 2915 1471 2955; x_wconf 89' lang='lat' dir='ltr'><strong>possint,</strong></span> <span class='ocrx_word' id='word_1_654' title='bbox 1484 2917 1514 2943; x_wconf 88' lang='lat' dir='ltr'><strong>et</strong></span> <span class='ocrx_word' id='word_1_655' title='bbox 1531 2911 1645 2942; x_wconf 89' lang='lat' dir='ltr'><strong>deinde</strong></span> <span class='ocrx_word' id='word_1_656' title='bbox 1661 2910 1731 2940; x_wconf 89' lang='lat' dir='ltr'><strong>illos</strong></span> <span class='ocrx_word' id='word_1_657' title='bbox 1749 2907 1910 2939; x_wconf 86' lang='lat' dir='ltr'><strong>absolvere</strong></span> <span class='ocrx_word' id='word_1_658' title='bbox 1926 2910 2088 2945; x_wconf 83' lang='lat' dir='ltr'><strong>postquam</strong></span> <span class='ocrx_word' id='word_1_659' title='bbox 2108 2903 2178 2942; x_wconf 88' lang='lat' dir='ltr'><strong>ple-</strong></span> 
     </span>
     <span class='ocr_line' id='line_1_95' title="bbox 1181 2964 1680 3000; baseline -0.018 1"><span class='ocrx_word' id='word_1_660' title='bbox 1181 2970 1271 3000; x_wconf 88' lang='lat' dir='ltr'><strong>narie</strong></span> <span class='ocrx_word' id='word_1_661' title='bbox 1288 2969 1483 2999; x_wconf 85' lang='lat' dir='ltr'><strong>satisfactum</strong></span> <span class='ocrx_word' id='word_1_662' title='bbox 1499 2964 1680 2996; x_wconf 87' lang='lat' dir='ltr'><strong>habuerint.</strong></span> 
     </span>
    </p>
   </div>
  </div>
 </body>
</html>
