<?xml version="1.0" encoding="UTF-8"?>
<!DOCTYPE html PUBLIC "-//W3C//DTD XHTML 1.0 Transitional//EN"
    "http://www.w3.org/TR/xhtml1/DTD/xhtml1-transitional.dtd">
<html xmlns="http://www.w3.org/1999/xhtml" xml:lang="en" lang="en">
 <head>
  <title>
</title>
<meta http-equiv="Content-Type" content="text/html;charset=utf-8" />
  <meta name='ocr-system' content='tesseract 3.04.00' />
  <meta name='ocr-capabilities' content='ocr_page ocr_carea ocr_par ocr_line ocrx_word'/>
</head>
<body>
  <div class='ocr_page' id='page_1' title='image "./lesregistresdeni02romeuoft_0044.png"; bbox 0 0 2393 3496; ppageno 0'>
   <div class='ocr_carea' id='block_1_1' title="bbox 130 249 1464 295">
    <p class='ocr_par' dir='ltr' id='par_1_1' title="bbox 130 249 1464 295">
     <span class='ocr_line' id='line_1_1' title="bbox 130 249 1464 295; baseline -0.013 0"><span class='ocrx_word' id='word_1_1' title='bbox 130 267 189 295; x_wconf 73' lang='grc'>715</span> <span class='ocrx_word' id='word_1_2' title='bbox 872 254 1104 287; x_wconf 70' lang='lat' dir='ltr'>itt-:ulsTm-:s</span> <span class='ocrx_word' id='word_1_3' title='bbox 1127 252 1181 283; x_wconf 78' lang='lat' dir='ltr'>DE</span> <span class='ocrx_word' id='word_1_4' title='bbox 1204 250 1386 281; x_wconf 52' lang='lat' dir='ltr'>Nicoma?</span> <span class='ocrx_word' id='word_1_5' title='bbox 1410 249 1464 279; x_wconf 86' lang='lat' dir='ltr'>lV.</span> 
     </span>
    </p>
   </div>
   <div class='ocr_carea' id='block_1_2' title="bbox 126 321 1126 1740">
    <p class='ocr_par' dir='ltr' id='par_1_2' title="bbox 126 321 1126 1740">
     <span class='ocr_line' id='line_1_2' title="bbox 134 321 1125 368; baseline -0.014 -7"><span class='ocrx_word' id='word_1_6' title='bbox 134 344 147 358; x_wconf 77' lang='grc' dir='ltr'>ι</span> <span class='ocrx_word' id='word_1_7' title='bbox 169 335 302 368; x_wconf 73' lang='lat' dir='ltr'>augusta</span> <span class='ocrx_word' id='word_1_8' title='bbox 320 335 350 359; x_wconf 84' lang='lat' dir='ltr'>et</span> <span class='ocrx_word' id='word_1_9' title='bbox 371 330 481 365; x_wconf 69' lang='lat' dir='ltr'>regina</span> <span class='ocrx_word' id='word_1_10' title='bbox 498 326 618 361; x_wconf 67' lang='lat' dir='ltr'>Sicilie,</span> <span class='ocrx_word' id='word_1_11' title='bbox 637 334 700 355; x_wconf 81' lang='lat' dir='ltr'>una</span> <span class='ocrx_word' id='word_1_12' title='bbox 715 333 786 354; x_wconf 83' lang='lat' dir='ltr'>cum</span> <span class='ocrx_word' id='word_1_13' title='bbox 805 323 971 352; x_wconf 64' lang='lat' dir='ltr'>carissimo</span> <span class='ocrx_word' id='word_1_14' title='bbox 986 321 1052 350; x_wconf 84' lang='lat' dir='ltr'>lilio</span> <span class='ocrx_word' id='word_1_15' title='bbox 1069 326 1125 347; x_wconf 81' lang='lat' dir='ltr'>suo</span> 
     </span>
     <span class='ocr_line' id='line_1_3' title="bbox 131 371 1124 417; baseline -0.013 -4"><span class='ocrx_word' id='word_1_16' title='bbox 131 396 143 410; x_wconf 83' lang='lat'><strong>·</strong></span> <span class='ocrx_word' id='word_1_17' title='bbox 171 383 355 413; x_wconf 65' lang='lat' dir='ltr'>frederico.</span> <span class='ocrx_word' id='word_1_18' title='bbox 376 381 484 410; x_wconf 74' lang='lat' dir='ltr'>eadem</span> <span class='ocrx_word' id='word_1_19' title='bbox 507 380 607 417; x_wconf 63' lang='lat' dir='ltr'>grati.»</span> <span class='ocrx_word' id='word_1_20' title='bbox 623 386 695 415; x_wconf 80' lang='lat' dir='ltr'>rege</span> <span class='ocrx_word' id='word_1_21' title='bbox 713 375 838 409; x_wconf 73' lang='lat' dir='ltr'>Sicilie,</span> <span class='ocrx_word' id='word_1_22' title='bbox 860 375 991 403; x_wconf 82' lang='lat' dir='ltr'>ducatus</span> <span class='ocrx_word' id='word_1_23' title='bbox 1009 371 1124 410; x_wconf 78' lang='lat' dir='ltr'>Apulie</span> 
     </span>
     <span class='ocr_line' id='line_1_4' title="bbox 134 424 1124 475; baseline -0.011 -11"><span class='ocrx_word' id='word_1_24' title='bbox 134 448 147 464; x_wconf 79' lang='grc' dir='ltr'><strong>ο</strong></span> <span class='ocrx_word' id='word_1_25' title='bbox 169 442 200 466; x_wconf 83' lang='lat' dir='ltr'>et</span> <span class='ocrx_word' id='word_1_26' title='bbox 216 436 410 475; x_wconf 65' lang='lat' dir='ltr'>principatus</span> <span class='ocrx_word' id='word_1_27' title='bbox 424 434 539 471; x_wconf 73' lang='lat' dir='ltr'>Capite.</span> <span class='ocrx_word' id='word_1_28' title='bbox 565 431 680 461; x_wconf 78' lang='lat' dir='ltr'>Notum</span> <span class='ocrx_word' id='word_1_29' title='bbox 704 429 838 458; x_wconf 77' lang='lat' dir='ltr'>tacimus</span> <span class='ocrx_word' id='word_1_30' title='bbox 858 426 1018 457; x_wconf 76' lang='lat' dir='ltr'>universis</span> <span class='ocrx_word' id='word_1_31' title='bbox 1035 424 1124 460; x_wconf 79' lang='lat' dir='ltr'>regni</span> 
     </span>
     <span class='ocr_line' id='line_1_5' title="bbox 132 478 1124 522; baseline -0.011 -6"><span class='ocrx_word' id='word_1_32' title='bbox 132 501 147 516; x_wconf 68' lang='grc' dir='ltr'>ι</span> <span class='ocrx_word' id='word_1_33' title='bbox 171 489 267 518; x_wconf 80' lang='lat' dir='ltr'>nostri</span> <span class='ocrx_word' id='word_1_34' title='bbox 286 486 432 516; x_wconf 66' lang='lat' dir='ltr'>sidu-libus</span> <span class='ocrx_word' id='word_1_35' title='bbox 451 491 512 513; x_wconf 76' lang='lat' dir='ltr'>tam</span> <span class='ocrx_word' id='word_1_36' title='bbox 530 482 726 522; x_wconf 75' lang='lat' dir='ltr'>presentibus</span> <span class='ocrx_word' id='word_1_37' title='bbox 741 489 837 519; x_wconf 80' lang='lat' dir='ltr'>qnam</span> <span class='ocrx_word' id='word_1_38' title='bbox 852 478 979 514; x_wconf 76' lang='lat' dir='ltr'>suturis,</span> <span class='ocrx_word' id='word_1_39' title='bbox 997 486 1124 516; x_wconf 84' lang='lat' dir='ltr'>presen-</span> 
     </span>
     <span class='ocr_line' id='line_1_6' title="bbox 134 531 1126 579; baseline -0.011 -8"><span class='ocrx_word' id='word_1_40' title='bbox 134 555 145 567; x_wconf 84' lang='lat'><em>·</em></span> <span class='ocrx_word' id='word_1_41' title='bbox 171 548 232 571; x_wconf 81' lang='lat' dir='ltr'>tem</span> <span class='ocrx_word' id='word_1_42' title='bbox 251 549 395 579; x_wconf 58' lang='lat' dir='ltr'>paginam</span> <span class='ocrx_word' id='word_1_43' title='bbox 412 538 619 568; x_wconf 80' lang='lat' dir='ltr'>intuentibus,</span> <span class='ocrx_word' id='word_1_44' title='bbox 636 535 719 573; x_wconf 84' lang='lat' dir='ltr'>quod</span> <span class='ocrx_word' id='word_1_45' title='bbox 736 543 801 568; x_wconf 76' lang='lat' dir='ltr'>nos,</span> <span class='ocrx_word' id='word_1_46' title='bbox 819 533 857 561; x_wconf 71' lang='lat' dir='ltr'>de</span> <span class='ocrx_word' id='word_1_47' title='bbox 872 531 962 562; x_wconf 74' lang='lat' dir='ltr'>solim</span> <span class='ocrx_word' id='word_1_48' title='bbox 980 531 1080 566; x_wconf 59' lang='lat' dir='ltr'>gratia</span> <span class='ocrx_word' id='word_1_49' title='bbox 1096 535 1126 560; x_wconf 85' lang='lat' dir='ltr'>et</span> 
     </span>
     <span class='ocr_line' id='line_1_7' title="bbox 135 584 1123 628; baseline -0.012 -4"><span class='ocrx_word' id='word_1_50' title='bbox 135 607 145 621; x_wconf 79' lang='grc' dir='ltr'>ι</span> <span class='ocrx_word' id='word_1_51' title='bbox 172 593 358 624; x_wconf 64' lang='lat' dir='ltr'>liberalitate</span> <span class='ocrx_word' id='word_1_52' title='bbox 376 597 495 621; x_wconf 74' lang='lat' dir='ltr'>nostra.</span> <span class='ocrx_word' id='word_1_53' title='bbox 515 598 568 628; x_wconf 88' lang='lat' dir='ltr'>pro</span> <span class='ocrx_word' id='word_1_54' title='bbox 583 588 722 617; x_wconf 78' lang='lat' dir='ltr'>remedio</span> <span class='ocrx_word' id='word_1_55' title='bbox 737 595 862 625; x_wconf 78' lang='lat' dir='ltr'>quoque</span> <span class='ocrx_word' id='word_1_56' title='bbox 878 586 985 614; x_wconf 83' lang='lat' dir='ltr'>anime</span> <span class='ocrx_word' id='word_1_57' title='bbox 1000 584 1123 613; x_wconf 88' lang='lat' dir='ltr'>domini</span> 
     </span>
     <span class='ocr_line' id='line_1_8' title="bbox 133 637 1125 683; baseline -0.012 -6"><span class='ocrx_word' id='word_1_58' title='bbox 133 662 145 671; x_wconf 78' lang='grc' dir='ltr'><strong><em>υ</em></strong></span> <span class='ocrx_word' id='word_1_59' title='bbox 170 656 252 683; x_wconf 72' lang='lat' dir='ltr'>regis</span> <span class='ocrx_word' id='word_1_60' title='bbox 274 645 410 679; x_wconf 63' lang='lat' dir='ltr'>llocerii.</span> <span class='ocrx_word' id='word_1_61' title='bbox 429 644 507 672; x_wconf 76' lang='lat' dir='ltr'>lone</span> <span class='ocrx_word' id='word_1_62' title='bbox 524 641 687 675; x_wconf 78' lang='lat' dir='ltr'>memorie,</span> <span class='ocrx_word' id='word_1_63' title='bbox 705 648 827 669; x_wconf 72' lang='lat' dir='ltr'>necnon</span> <span class='ocrx_word' id='word_1_64' title='bbox 845 643 875 668; x_wconf 78' lang='lat' dir='ltr'>et</span> <span class='ocrx_word' id='word_1_65' title='bbox 891 637 1012 667; x_wconf 80' lang='lat' dir='ltr'>domini</span> <span class='ocrx_word' id='word_1_66' title='bbox 1028 638 1125 675; x_wconf 84' lang='lat' dir='ltr'>impe-</span> 
     </span>
     <span class='ocr_line' id='line_1_9' title="bbox 133 691 1122 730; baseline -0.012 -1"><span class='ocrx_word' id='word_1_67' title='bbox 133 713 146 724; x_wconf 79' lang='lat'>·</span> <span class='ocrx_word' id='word_1_68' title='bbox 171 698 294 730; x_wconf 81' lang='lat' dir='ltr'>ratoris,</span> <span class='ocrx_word' id='word_1_69' title='bbox 307 696 412 726; x_wconf 74' lang='lat' dir='ltr'>inclite</span> <span class='ocrx_word' id='word_1_70' title='bbox 425 694 658 728; x_wconf 74' lang='lat' dir='ltr'>recordatiouis,</span> <span class='ocrx_word' id='word_1_71' title='bbox 671 691 1002 729; x_wconf 79' lang='lat' dir='ltr'>attemleutesquoque</span> <span class='ocrx_word' id='word_1_72' title='bbox 1011 698 1122 728; x_wconf 77' lang='lat' dir='ltr'>puram</span> 
     </span>
     <span class='ocr_line' id='line_1_10' title="bbox 131 742 1123 786; baseline -0.01 -5"><span class='ocrx_word' id='word_1_73' title='bbox 131 764 144 777; x_wconf 75' lang='grc' dir='ltr'>ι</span> <span class='ocrx_word' id='word_1_74' title='bbox 169 751 262 781; x_wconf 80' lang='lat' dir='ltr'>fldem</span> <span class='ocrx_word' id='word_1_75' title='bbox 284 755 312 779; x_wconf 85' lang='lat' dir='ltr'>et</span> <span class='ocrx_word' id='word_1_76' title='bbox 332 754 419 786; x_wconf 80' lang='lat' dir='ltr'>grata</span> <span class='ocrx_word' id='word_1_77' title='bbox 439 748 568 777; x_wconf 69' lang='lat' dir='ltr'>servitia</span> <span class='ocrx_word' id='word_1_78' title='bbox 586 755 648 785; x_wconf 83' lang='lat' dir='ltr'>que</span> <span class='ocrx_word' id='word_1_79' title='bbox 670 745 835 779; x_wconf 52' lang='lat' dir='ltr'>Mathe-us,</span> <span class='ocrx_word' id='word_1_80' title='bbox 856 742 1047 774; x_wconf 82' lang='lat' dir='ltr'>venerabilis</span> <span class='ocrx_word' id='word_1_81' title='bbox 1062 743 1123 772; x_wconf 83' lang='lat' dir='ltr'>Ca-</span> 
     </span>
     <span class='ocr_line' id='line_1_11' title="bbox 132 794 1124 841; baseline -0.008 -10"><span class='ocrx_word' id='word_1_82' title='bbox 132 819 142 826; x_wconf 88' lang='lat'>-·</span> <span class='ocrx_word' id='word_1_83' title='bbox 169 810 290 841; x_wconf 69' lang='lat' dir='ltr'>pii-mus</span> <span class='ocrx_word' id='word_1_84' title='bbox 315 800 587 838; x_wconf 64' lang='lat' dir='ltr'>archiepiscopus,</span> <span class='ocrx_word' id='word_1_85' title='bbox 614 797 747 827; x_wconf 85' lang='lat' dir='ltr'>dilectus</span> <span class='ocrx_word' id='word_1_86' title='bbox 771 796 873 826; x_wconf 84' lang='lat' dir='ltr'>tidelis</span> <span class='ocrx_word' id='word_1_87' title='bbox 903 801 932 825; x_wconf 85' lang='lat' dir='ltr'>et</span> <span class='ocrx_word' id='word_1_88' title='bbox 957 794 1124 825; x_wconf 76' lang='lat' dir='ltr'>familiaris</span> 
     </span>
     <span class='ocr_line' id='line_1_12' title="bbox 130 848 1126 892; baseline -0.005 -10"><span class='ocrx_word' id='word_1_89' title='bbox 130 870 143 882; x_wconf 72' lang='grc' dir='ltr'><strong><em>ν</em></strong></span> <span class='ocrx_word' id='word_1_90' title='bbox 168 860 288 887; x_wconf 82' lang='lat' dir='ltr'>noster.</span> <span class='ocrx_word' id='word_1_91' title='bbox 317 853 375 892; x_wconf 86' lang='lat' dir='ltr'>ipsi</span> <span class='ocrx_word' id='word_1_92' title='bbox 403 852 533 882; x_wconf 90' lang='lat' dir='ltr'>domino</span> <span class='ocrx_word' id='word_1_93' title='bbox 563 851 744 890; x_wconf 83' lang='lat' dir='ltr'>imperatori</span> <span class='ocrx_word' id='word_1_94' title='bbox 775 855 804 879; x_wconf 82' lang='lat' dir='ltr'>et</span> <span class='ocrx_word' id='word_1_95' title='bbox 831 850 923 879; x_wconf 85' lang='lat' dir='ltr'>nobis</span> <span class='ocrx_word' id='word_1_96' title='bbox 952 848 1126 886; x_wconf 76' lang='lat' dir='ltr'><strong>diligenter</strong></span> 
     </span>
     <span class='ocr_line' id='line_1_13' title="bbox 133 901 1125 940; baseline -0.007 -2"><span class='ocrx_word' id='word_1_97' title='bbox 133 923 143 935; x_wconf 82' lang='grc' dir='ltr'>ι</span> <span class='ocrx_word' id='word_1_98' title='bbox 168 908 312 938; x_wconf 80' lang='lat' dir='ltr'>exhibuit</span> <span class='ocrx_word' id='word_1_99' title='bbox 329 912 360 937; x_wconf 87' lang='lat' dir='ltr'>et</span> <span class='ocrx_word' id='word_1_100' title='bbox 374 906 487 937; x_wconf 83' lang='lat' dir='ltr'>cotidie</span> <span class='ocrx_word' id='word_1_101' title='bbox 505 906 649 940; x_wconf 76' lang='lat' dir='ltr'>exhibet,</span> <span class='ocrx_word' id='word_1_102' title='bbox 669 903 874 934; x_wconf 81' lang='lat' dir='ltr'>concedimus</span> <span class='ocrx_word' id='word_1_103' title='bbox 893 903 922 933; x_wconf 88' lang='lat' dir='ltr'>ei</span> <span class='ocrx_word' id='word_1_104' title='bbox 941 907 971 932; x_wconf 89' lang='lat' dir='ltr'>et</span> <span class='ocrx_word' id='word_1_105' title='bbox 991 901 1125 932; x_wconf 85' lang='lat' dir='ltr'>ecclesie</span> 
     </span>
     <span class='ocr_line' id='line_1_14' title="bbox 130 954 1124 1000; baseline -0.005 -11"><span class='ocrx_word' id='word_1_106' title='bbox 130 974 142 989; x_wconf 78' lang='grc' dir='ltr'>ι</span> <span class='ocrx_word' id='word_1_107' title='bbox 166 962 314 1000; x_wconf 79' lang='lat' dir='ltr'>Capuane</span> <span class='ocrx_word' id='word_1_108' title='bbox 329 969 364 990; x_wconf 88' lang='lat' dir='ltr'>ac</span> <span class='ocrx_word' id='word_1_109' title='bbox 383 959 613 989; x_wconf 79' lang='lat' dir='ltr'>successoribus</span> <span class='ocrx_word' id='word_1_110' title='bbox 629 958 695 987; x_wconf 82' lang='lat' dir='ltr'>suis</span> <span class='ocrx_word' id='word_1_111' title='bbox 711 957 744 986; x_wconf 92' lang='lat' dir='ltr'>in</span> <span class='ocrx_word' id='word_1_112' title='bbox 762 959 947 995; x_wconf 85' lang='lat' dir='ltr'>perpetuum</span> <span class='ocrx_word' id='word_1_113' title='bbox 960 954 1124 993; x_wconf 83' lang='lat' dir='ltr'>judaicam</span> 
     </span>
     <span class='ocr_line' id='line_1_15' title="bbox 130 1007 1123 1051; baseline -0.008 -7"><span class='ocrx_word' id='word_1_114' title='bbox 130 1030 142 1038; x_wconf 75' lang='grc' dir='ltr'>ι·</span> <span class='ocrx_word' id='word_1_115' title='bbox 165 1015 299 1044; x_wconf 72' lang='lat' dir='ltr'>civitatis</span> <span class='ocrx_word' id='word_1_116' title='bbox 311 1014 414 1051; x_wconf 82' lang='lat' dir='ltr'>Capue</span> <span class='ocrx_word' id='word_1_117' title='bbox 429 1011 527 1041; x_wconf 82' lang='lat' dir='ltr'>libere</span> <span class='ocrx_word' id='word_1_118' title='bbox 540 1016 569 1040; x_wconf 87' lang='lat' dir='ltr'>et</span> <span class='ocrx_word' id='word_1_119' title='bbox 585 1012 653 1040; x_wconf 81' lang='lat' dir='ltr'>sine</span> <span class='ocrx_word' id='word_1_120' title='bbox 668 1009 803 1048; x_wconf 76' lang='lat' dir='ltr'>alicujus</span> <span class='ocrx_word' id='word_1_121' title='bbox 817 1008 979 1038; x_wconf 72' lang='lat' dir='ltr'>exactione</span> <span class='ocrx_word' id='word_1_122' title='bbox 990 1007 1123 1037; x_wconf 83' lang='lat' dir='ltr'>servitii.</span> 
     </span>
     <span class='ocr_line' id='line_1_16' title="bbox 130 1060 1124 1101; baseline -0.004 -7"><span class='ocrx_word' id='word_1_123' title='bbox 130 1080 142 1094; x_wconf 73' lang='grc' dir='ltr'>ι</span> <span class='ocrx_word' id='word_1_124' title='bbox 168 1066 321 1096; x_wconf 65' lang='lat' dir='ltr'>Volumus</span> <span class='ocrx_word' id='word_1_125' title='bbox 338 1066 432 1095; x_wconf 83' lang='lat' dir='ltr'>etiam</span> <span class='ocrx_word' id='word_1_126' title='bbox 450 1070 482 1093; x_wconf 88' lang='lat' dir='ltr'>nt</span> <span class='ocrx_word' id='word_1_127' title='bbox 499 1070 612 1093; x_wconf 82' lang='lat' dir='ltr'>terram</span> <span class='ocrx_word' id='word_1_128' title='bbox 631 1072 693 1101; x_wconf 87' lang='lat' dir='ltr'>que</span> <span class='ocrx_word' id='word_1_129' title='bbox 715 1062 815 1091; x_wconf 77' lang='lat' dir='ltr'>ruerat</span> <span class='ocrx_word' id='word_1_130' title='bbox 832 1060 1013 1100; x_wconf 83' lang='lat' dir='ltr'>l&#39;andulplii</span> <span class='ocrx_word' id='word_1_131' title='bbox 1029 1060 1124 1091; x_wconf 91' lang='lat' dir='ltr'>Com—</span> 
     </span>
     <span class='ocr_line' id='line_1_17' title="bbox 131 1114 1124 1159; baseline -0.006 -10"><span class='ocrx_word' id='word_1_132' title='bbox 131 1134 141 1145; x_wconf 83' lang='lat'><em>·</em></span> <span class='ocrx_word' id='word_1_133' title='bbox 167 1120 290 1159; x_wconf 75' lang='lat' dir='ltr'>palatii,</span> <span class='ocrx_word' id='word_1_134' title='bbox 312 1127 406 1157; x_wconf 76' lang='lat' dir='ltr'>quam</span> <span class='ocrx_word' id='word_1_135' title='bbox 425 1117 663 1156; x_wconf 78' lang='lat' dir='ltr'>prenominatus</span> <span class='ocrx_word' id='word_1_136' title='bbox 682 1115 834 1146; x_wconf 87' lang='lat' dir='ltr'>dominus</span> <span class='ocrx_word' id='word_1_137' title='bbox 853 1115 1024 1153; x_wconf 87' lang='lat' dir='ltr'>imperator</span> <span class='ocrx_word' id='word_1_138' title='bbox 1042 1114 1124 1144; x_wconf 75' lang='lat' dir='ltr'>lione</span> 
     </span>
     <span class='ocr_line' id='line_1_18' title="bbox 129 1167 1124 1209; baseline -0.005 -7"><span class='ocrx_word' id='word_1_139' title='bbox 129 1187 142 1197; x_wconf 74' lang='grc' dir='ltr'>ι·</span> <span class='ocrx_word' id='word_1_140' title='bbox 167 1172 317 1202; x_wconf 76' lang='lat' dir='ltr'>memorie</span> <span class='ocrx_word' id='word_1_141' title='bbox 339 1171 398 1209; x_wconf 82' lang='lat' dir='ltr'>ipsi</span> <span class='ocrx_word' id='word_1_142' title='bbox 424 1170 657 1208; x_wconf 69' lang='lat' dir='ltr'>archiepiscopo</span> <span class='ocrx_word' id='word_1_143' title='bbox 679 1174 709 1198; x_wconf 89' lang='lat' dir='ltr'>et</span> <span class='ocrx_word' id='word_1_144' title='bbox 730 1168 862 1198; x_wconf 76' lang='lat' dir='ltr'>ecclesie</span> <span class='ocrx_word' id='word_1_145' title='bbox 879 1167 1030 1207; x_wconf 88' lang='lat' dir='ltr'>Capuane</span> <span class='ocrx_word' id='word_1_146' title='bbox 1047 1177 1124 1198; x_wconf 92' lang='lat' dir='ltr'>cou-</span> 
     </span>
     <span class='ocr_line' id='line_1_19' title="bbox 129 1222 1124 1263; baseline -0.003 -8"><span class='ocrx_word' id='word_1_147' title='bbox 129 1240 141 1252; x_wconf 84' lang='lat'><em>-</em></span> <span class='ocrx_word' id='word_1_148' title='bbox 166 1226 260 1256; x_wconf 80' lang='lat' dir='ltr'>cessit</span> <span class='ocrx_word' id='word_1_149' title='bbox 276 1231 304 1254; x_wconf 80' lang='lat' dir='ltr'>et</span> <span class='ocrx_word' id='word_1_150' title='bbox 320 1224 358 1254; x_wconf 80' lang='lat' dir='ltr'>ad</span> <span class='ocrx_word' id='word_1_151' title='bbox 379 1232 505 1263; x_wconf 72' lang='lat' dir='ltr'>presens</span> <span class='ocrx_word' id='word_1_152' title='bbox 522 1223 605 1252; x_wconf 81' lang='lat' dir='ltr'>idem</span> <span class='ocrx_word' id='word_1_153' title='bbox 624 1222 896 1261; x_wconf 82' lang='lat' dir='ltr'>archiepiscopus,</span> <span class='ocrx_word' id='word_1_154' title='bbox 915 1222 1124 1260; x_wconf 82' lang='lat' dir='ltr'>permissione</span> 
     </span>
     <span class='ocr_line' id='line_1_20' title="bbox 128 1275 1123 1316; baseline -0.003 -7"><span class='ocrx_word' id='word_1_155' title='bbox 128 1293 141 1303; x_wconf 76' lang='grc' dir='ltr'>ι»</span> <span class='ocrx_word' id='word_1_156' title='bbox 166 1284 282 1314; x_wconf 86' lang='lat' dir='ltr'>nostra,</span> <span class='ocrx_word' id='word_1_157' title='bbox 303 1278 401 1310; x_wconf 70' lang='lat' dir='ltr'>lticie.</span> <span class='ocrx_word' id='word_1_158' title='bbox 421 1276 485 1306; x_wconf 84' lang='lat' dir='ltr'>filie</span> <span class='ocrx_word' id='word_1_159' title='bbox 501 1276 599 1316; x_wconf 84' lang='lat' dir='ltr'>ipsius</span> <span class='ocrx_word' id='word_1_160' title='bbox 616 1275 811 1314; x_wconf 83' lang='lat' dir='ltr'>Pandulphi,</span> <span class='ocrx_word' id='word_1_161' title='bbox 827 1275 860 1305; x_wconf 91' lang='lat' dir='ltr'>in</span> <span class='ocrx_word' id='word_1_162' title='bbox 880 1275 1047 1306; x_wconf 82' lang='lat' dir='ltr'>baroniam</span> <span class='ocrx_word' id='word_1_163' title='bbox 1068 1276 1123 1306; x_wconf 94' lang='lat' dir='ltr'>tri-</span> 
     </span>
     <span class='ocr_line' id='line_1_21' title="bbox 128 1328 1123 1370; baseline -0.002 -10"><span class='ocrx_word' id='word_1_164' title='bbox 128 1345 141 1360; x_wconf 78' lang='grc' dir='ltr'>ι</span> <span class='ocrx_word' id='word_1_165' title='bbox 167 1333 243 1367; x_wconf 85' lang='lat' dir='ltr'>buit,</span> <span class='ocrx_word' id='word_1_166' title='bbox 261 1339 460 1370; x_wconf 83' lang='lat' dir='ltr'>quocumque</span> <span class='ocrx_word' id='word_1_167' title='bbox 478 1335 616 1368; x_wconf 85' lang='lat' dir='ltr'>tempore</span> <span class='ocrx_word' id='word_1_168' title='bbox 632 1328 700 1367; x_wconf 82' lang='lat' dir='ltr'>ipsa</span> <span class='ocrx_word' id='word_1_169' title='bbox 719 1328 784 1358; x_wconf 86' lang='lat' dir='ltr'>filia</span> <span class='ocrx_word' id='word_1_170' title='bbox 801 1328 983 1367; x_wconf 78' lang='lat' dir='ltr'>Pandulphi</span> <span class='ocrx_word' id='word_1_171' title='bbox 1001 1328 1049 1358; x_wconf 89' lang='lat' dir='ltr'>vel</span> <span class='ocrx_word' id='word_1_172' title='bbox 1070 1329 1123 1359; x_wconf 89' lang='lat' dir='ltr'>he-</span> 
     </span>
     <span class='ocr_line' id='line_1_22' title="bbox 128 1381 1124 1422; baseline -0.003 -7"><span class='ocrx_word' id='word_1_173' title='bbox 128 1397 141 1414; x_wconf 80' lang='lat'><strong>»</strong></span> <span class='ocrx_word' id='word_1_174' title='bbox 166 1385 254 1415; x_wconf 78' lang='lat' dir='ltr'>redes</span> <span class='ocrx_word' id='word_1_175' title='bbox 282 1385 350 1422; x_wconf 86' lang='lat' dir='ltr'>ejus</span> <span class='ocrx_word' id='word_1_176' title='bbox 379 1384 448 1412; x_wconf 88' lang='lat' dir='ltr'>sine</span> <span class='ocrx_word' id='word_1_177' title='bbox 479 1382 593 1412; x_wconf 80' lang='lat' dir='ltr'><strong>herede</strong></span> <span class='ocrx_word' id='word_1_178' title='bbox 624 1382 833 1416; x_wconf 83' lang='lat' dir='ltr'>decesserint.</span> <span class='ocrx_word' id='word_1_179' title='bbox 867 1381 906 1411; x_wconf 89' lang='lat' dir='ltr'>ad</span> <span class='ocrx_word' id='word_1_180' title='bbox 937 1382 1124 1413; x_wconf 89' lang='lat' dir='ltr'>demanium</span> 
     </span>
     <span class='ocr_line' id='line_1_23' title="bbox 128 1435 1126 1478; baseline 0.002 -14"><span class='ocrx_word' id='word_1_181' title='bbox 128 1450 140 1464; x_wconf 69' lang='lat'><em>2</em></span> <span class='ocrx_word' id='word_1_182' title='bbox 165 1439 262 1478; x_wconf 73' lang='lat' dir='ltr'>ipsius</span> <span class='ocrx_word' id='word_1_183' title='bbox 278 1436 409 1466; x_wconf 70' lang='lat' dir='ltr'>ecclesie</span> <span class='ocrx_word' id='word_1_184' title='bbox 420 1436 568 1474; x_wconf 83' lang='lat' dir='ltr'>Capuane</span> <span class='ocrx_word' id='word_1_185' title='bbox 581 1435 741 1466; x_wconf 78' lang='lat' dir='ltr'><strong>deveniat.</strong></span> <span class='ocrx_word' id='word_1_186' title='bbox 755 1435 804 1465; x_wconf 91' lang='lat' dir='ltr'><strong>Ad</strong></span> <span class='ocrx_word' id='word_1_187' title='bbox 818 1435 915 1474; x_wconf 87' lang='lat' dir='ltr'>hujus</span> <span class='ocrx_word' id='word_1_188' title='bbox 930 1439 1037 1466; x_wconf 86' lang='lat' dir='ltr'>autem</span> <span class='ocrx_word' id='word_1_189' title='bbox 1055 1444 1126 1466; x_wconf 92' lang='lat' dir='ltr'>nos—</span> 
     </span>
     <span class='ocr_line' id='line_1_24' title="bbox 128 1489 1125 1528; baseline 0.001 -10"><span class='ocrx_word' id='word_1_190' title='bbox 128 1504 140 1518; x_wconf 77' lang='lat'><strong>·</strong></span> <span class='ocrx_word' id='word_1_191' title='bbox 165 1496 209 1520; x_wconf 84' lang='lat' dir='ltr'>tre</span> <span class='ocrx_word' id='word_1_192' title='bbox 225 1490 405 1520; x_wconf 82' lang='lat' dir='ltr'>donationis</span> <span class='ocrx_word' id='word_1_193' title='bbox 420 1495 449 1518; x_wconf 87' lang='lat' dir='ltr'>et</span> <span class='ocrx_word' id='word_1_194' title='bbox 463 1489 679 1519; x_wconf 82' lang='lat' dir='ltr'>concessionis</span> <span class='ocrx_word' id='word_1_195' title='bbox 692 1489 880 1519; x_wconf 85' lang='lat' dir='ltr'>memoriam</span> <span class='ocrx_word' id='word_1_196' title='bbox 893 1493 923 1519; x_wconf 91' lang='lat' dir='ltr'>et</span> <span class='ocrx_word' id='word_1_197' title='bbox 940 1494 1125 1528; x_wconf 82' lang='lat' dir='ltr'>perpetuam</span> 
     </span>
     <span class='ocr_line' id='line_1_25' title="bbox 129 1542 1125 1582; baseline 0.001 -11"><span class='ocrx_word' id='word_1_198' title='bbox 129 1558 140 1571; x_wconf 64' lang='grc' dir='ltr'>ι</span> <span class='ocrx_word' id='word_1_199' title='bbox 166 1544 364 1576; x_wconf 76' lang='lat' dir='ltr'>firmitatem,</span> <span class='ocrx_word' id='word_1_200' title='bbox 390 1548 566 1582; x_wconf 83' lang='lat' dir='ltr'>presentem</span> <span class='ocrx_word' id='word_1_201' title='bbox 593 1542 688 1572; x_wconf 86' lang='lat' dir='ltr'><strong>scribi</strong></span> <span class='ocrx_word' id='word_1_202' title='bbox 717 1542 867 1581; x_wconf 84' lang='lat' dir='ltr'>paginam</span> <span class='ocrx_word' id='word_1_203' title='bbox 891 1546 923 1572; x_wconf 88' lang='lat' dir='ltr'>et</span> <span class='ocrx_word' id='word_1_204' title='bbox 950 1542 1125 1581; x_wconf 86' lang='lat' dir='ltr'>majestatis</span> 
     </span>
     <span class='ocr_line' id='line_1_26' title="bbox 127 1595 1123 1634; baseline 0.001 -10"><span class='ocrx_word' id='word_1_205' title='bbox 127 1611 139 1624; x_wconf 69' lang='grc' dir='ltr'>ι</span> <span class='ocrx_word' id='word_1_206' title='bbox 165 1602 269 1627; x_wconf 75' lang='lat' dir='ltr'>nostre</span> <span class='ocrx_word' id='word_1_207' title='bbox 301 1595 404 1633; x_wconf 74' lang='lat' dir='ltr'>sigillo</span> <span class='ocrx_word' id='word_1_208' title='bbox 431 1596 586 1634; x_wconf 86' lang='lat' dir='ltr'>jussimus</span> <span class='ocrx_word' id='word_1_209' title='bbox 612 1595 816 1626; x_wconf 89' lang='lat' dir='ltr'>communiri.</span> <span class='ocrx_word' id='word_1_210' title='bbox 849 1595 920 1625; x_wconf 85' lang='lat' dir='ltr'>Dat.</span> <span class='ocrx_word' id='word_1_211' title='bbox 953 1595 1123 1633; x_wconf 86' lang='lat' dir='ltr'>Panormi,</span> 
     </span>
     <span class='ocr_line' id='line_1_27' title="bbox 126 1647 1051 1687; baseline -0.001 -8"><span class='ocrx_word' id='word_1_212' title='bbox 126 1664 137 1676; x_wconf 91' lang='lat'><em>-</em></span> <span class='ocrx_word' id='word_1_213' title='bbox 163 1659 229 1680; x_wconf 86' lang='lat' dir='ltr'>vnn</span> <span class='ocrx_word' id='word_1_214' title='bbox 246 1649 296 1679; x_wconf 88' lang='lat' dir='ltr'>die</span> <span class='ocrx_word' id='word_1_215' title='bbox 311 1648 431 1678; x_wconf 86' lang='lat' dir='ltr'><strong>mensis</strong></span> <span class='ocrx_word' id='word_1_216' title='bbox 448 1648 648 1687; x_wconf 80' lang='lat' dir='ltr'>septembris,</span> <span class='ocrx_word' id='word_1_217' title='bbox 665 1647 804 1678; x_wconf 85' lang='lat' dir='ltr'><strong>secunde</strong></span> <span class='ocrx_word' id='word_1_218' title='bbox 820 1648 1017 1678; x_wconf 88' lang='lat' dir='ltr'>indictionis.</span> <span class='ocrx_word' id='word_1_219' title='bbox 1038 1660 1051 1674; x_wconf 73' lang='lat' dir='ltr'>n</span> 
     </span>
     <span class='ocr_line' id='line_1_28' title="bbox 164 1700 807 1740; baseline -0.002 -9"><span class='ocrx_word' id='word_1_220' title='bbox 164 1716 176 1727; x_wconf 89' lang='lat'>-</span> <span class='ocrx_word' id='word_1_221' title='bbox 194 1702 274 1732; x_wconf 88' lang='lat' dir='ltr'>Cum</span> <span class='ocrx_word' id='word_1_222' title='bbox 291 1710 308 1730; x_wconf 73' lang='lat' dir='ltr'>a</span> <span class='ocrx_word' id='word_1_223' title='bbox 326 1700 453 1731; x_wconf 86' lang='lat' dir='ltr'>nohis...</span> <span class='ocrx_word' id='word_1_224' title='bbox 471 1717 509 1722; x_wconf 92' lang='lat'>—</span> <span class='ocrx_word' id='word_1_225' title='bbox 530 1701 598 1731; x_wconf 89' lang='lat' dir='ltr'>Dat.</span> <span class='ocrx_word' id='word_1_226' title='bbox 618 1705 652 1731; x_wconf 88' lang='lat' dir='ltr'>nt</span> <span class='ocrx_word' id='word_1_227' title='bbox 668 1710 774 1740; x_wconf 87' lang='lat' dir='ltr'>supra.</span> <span class='ocrx_word' id='word_1_228' title='bbox 794 1713 807 1728; x_wconf 72' lang='lat' dir='ltr'>n</span> 
     </span>
    </p>
   </div>
   <div class='ocr_carea' id='block_1_3' title="bbox 191 1852 1051 1888">
    <p class='ocr_par' dir='ltr' id='par_1_3' title="bbox 191 1852 1051 1888">
     <span class='ocr_line' id='line_1_29' title="bbox 191 1852 1051 1888; baseline -0.005 -5"><span class='ocrx_word' id='word_1_229' title='bbox 191 1854 307 1884; x_wconf 70' lang='grc'>5168</span> <span class='ocrx_word' id='word_1_230' title='bbox 707 1852 834 1888; x_wconf 78' lang='lat' dir='ltr'>Orvieto,</span> <span class='ocrx_word' id='word_1_231' title='bbox 850 1853 884 1881; x_wconf 67' lang='lat'>28</span> <span class='ocrx_word' id='word_1_232' title='bbox 901 1854 955 1880; x_wconf 83' lang='lat' dir='ltr'>mai</span> <span class='ocrx_word' id='word_1_233' title='bbox 974 1853 1051 1881; x_wconf 71' lang='lat'>¹29¹.</span> 
     </span>
    </p>
   </div>
   <div class='ocr_carea' id='block_1_4' title="bbox 121 1915 1123 1997">
    <p class='ocr_par' dir='ltr' id='par_1_4' title="bbox 121 1915 1123 1997">
     <span class='ocr_line' id='line_1_30' title="bbox 156 1915 1123 1951; baseline 0.001 -9"><span class='ocrx_word' id='word_1_234' title='bbox 156 1915 350 1951; x_wconf 78' lang='lat' dir='ltr'>Transcriptio</span> <span class='ocrx_word' id='word_1_235' title='bbox 366 1916 521 1942; x_wconf 75' lang='lat' dir='ltr'>litterarum</span> <span class='ocrx_word' id='word_1_236' title='bbox 540 1915 671 1942; x_wconf 82' lang='lat' dir='ltr'>Riccardi</span> <span class='ocrx_word' id='word_1_237' title='bbox 687 1915 817 1949; x_wconf 85' lang='lat' dir='ltr'>secundi,</span> <span class='ocrx_word' id='word_1_238' title='bbox 833 1916 970 1951; x_wconf 82' lang='lat' dir='ltr'>principis</span> <span class='ocrx_word' id='word_1_239' title='bbox 985 1915 1123 1951; x_wconf 77' lang='lat' dir='ltr'>Capuani.</span> 
     </span>
     <span class='ocr_line' id='line_1_31' title="bbox 121 1964 533 1997; baseline -0.005 -6"><span class='ocrx_word' id='word_1_240' title='bbox 121 1964 203 1997; x_wconf 72' lang='lat' dir='ltr'>(Rau.</span> <span class='ocrx_word' id='word_1_241' title='bbox 220 1964 262 1996; x_wconf 77' lang='lat'>⁴6,</span> <span class='ocrx_word' id='word_1_242' title='bbox 279 1972 304 1991; x_wconf 91' lang='lat' dir='ltr'>c.</span> <span class='ocrx_word' id='word_1_243' title='bbox 322 1964 382 1995; x_wconf 65' lang='lat'>⁵225,</span> <span class='ocrx_word' id='word_1_244' title='bbox 401 1964 418 1991; x_wconf 76' lang='lat' dir='ltr'>i.</span> <span class='ocrx_word' id='word_1_245' title='bbox 436 1964 468 1990; x_wconf 72' lang='lat'>45</span> <span class='ocrx_word' id='word_1_246' title='bbox 485 1966 533 1996; x_wconf 73' lang='lat' dir='ltr'>ro.)</span> 
     </span>
    </p>
   </div>
   <div class='ocr_carea' id='block_1_5' title="bbox 120 2066 1125 2851">
    <p class='ocr_par' dir='ltr' id='par_1_5' title="bbox 122 2066 1124 2362">
     <span class='ocr_line' id='line_1_32' title="bbox 160 2066 1123 2105; baseline 0.001 -9"><span class='ocrx_word' id='word_1_247' title='bbox 160 2067 273 2096; x_wconf 81' lang='lat' dir='ltr'>Eidem.</span> <span class='ocrx_word' id='word_1_248' title='bbox 291 2066 467 2096; x_wconf 79' lang='lat' dir='ltr'>Confirmat</span> <span class='ocrx_word' id='word_1_249' title='bbox 482 2066 602 2096; x_wconf 85' lang='lat' dir='ltr'><strong>litteras</strong></span> <span class='ocrx_word' id='word_1_250' title='bbox 620 2066 739 2105; x_wconf 88' lang='lat' dir='ltr'>quibus</span> <span class='ocrx_word' id='word_1_251' title='bbox 757 2066 930 2097; x_wconf 77' lang='lat' dir='ltr'>Riccardus</span> <span class='ocrx_word' id='word_1_252' title='bbox 949 2067 1123 2103; x_wconf 88' lang='lat' dir='ltr'>secundus,</span> 
     </span>
     <span class='ocr_line' id='line_1_33' title="bbox 123 2119 1121 2159; baseline 0.001 -10"><span class='ocrx_word' id='word_1_253' title='bbox 123 2120 266 2159; x_wconf 84' lang='lat' dir='ltr'>princeps</span> <span class='ocrx_word' id='word_1_254' title='bbox 295 2120 480 2158; x_wconf 78' lang='lat' dir='ltr'>Capuanus,</span> <span class='ocrx_word' id='word_1_255' title='bbox 500 2119 674 2157; x_wconf 80' lang='lat' dir='ltr'>Gerbaldo,</span> <span class='ocrx_word' id='word_1_256' title='bbox 693 2120 931 2159; x_wconf 78' lang='lat' dir='ltr'>archiepiscopo</span> <span class='ocrx_word' id='word_1_257' title='bbox 957 2120 1121 2159; x_wconf 86' lang='lat' dir='ltr'>Capuano,</span> 
     </span>
     <span class='ocr_line' id='line_1_34' title="bbox 122 2172 1123 2212; baseline -0.001 -8"><span class='ocrx_word' id='word_1_258' title='bbox 122 2175 253 2212; x_wconf 80' lang='lat' dir='ltr'>ejusque</span> <span class='ocrx_word' id='word_1_259' title='bbox 281 2173 514 2203; x_wconf 68' lang='lat' dir='ltr'>suecessoribus</span> <span class='ocrx_word' id='word_1_260' title='bbox 538 2178 569 2203; x_wconf 88' lang='lat' dir='ltr'>et</span> <span class='ocrx_word' id='word_1_261' title='bbox 595 2173 747 2203; x_wconf 86' lang='lat' dir='ltr'>ecclesiae</span> <span class='ocrx_word' id='word_1_262' title='bbox 769 2172 940 2212; x_wconf 87' lang='lat' dir='ltr'>Capuanae</span> <span class='ocrx_word' id='word_1_263' title='bbox 962 2174 1123 2212; x_wconf 82' lang='lat' dir='ltr'>integrum</span> 
     </span>
     <span class='ocr_line' id='line_1_35' title="bbox 124 2226 1124 2266; baseline 0.001 -11"><span class='ocrx_word' id='word_1_264' title='bbox 124 2231 246 2265; x_wconf 85' lang='lat' dir='ltr'>portum</span> <span class='ocrx_word' id='word_1_265' title='bbox 267 2226 403 2255; x_wconf 78' lang='lat' dir='ltr'>civitatis</span> <span class='ocrx_word' id='word_1_266' title='bbox 418 2227 603 2265; x_wconf 84' lang='lat' dir='ltr'>Capuanae,</span> <span class='ocrx_word' id='word_1_267' title='bbox 620 2235 692 2256; x_wconf 90' lang='lat' dir='ltr'>cum</span> <span class='ocrx_word' id='word_1_268' title='bbox 719 2227 814 2266; x_wconf 82' lang='lat' dir='ltr'>ripis,</span> <span class='ocrx_word' id='word_1_269' title='bbox 831 2236 913 2266; x_wconf 89' lang='lat' dir='ltr'>aqua</span> <span class='ocrx_word' id='word_1_270' title='bbox 933 2232 963 2257; x_wconf 90' lang='lat' dir='ltr'>et</span> <span class='ocrx_word' id='word_1_271' title='bbox 980 2226 1070 2257; x_wconf 84' lang='lat' dir='ltr'>alveo</span> <span class='ocrx_word' id='word_1_272' title='bbox 1088 2236 1124 2256; x_wconf 84' lang='lat' dir='ltr'>ex</span> 
     </span>
     <span class='ocr_line' id='line_1_36' title="bbox 123 2279 1124 2317; baseline 0.002 -9"><span class='ocrx_word' id='word_1_273' title='bbox 123 2284 254 2317; x_wconf 82' lang='lat' dir='ltr'>utraque</span> <span class='ocrx_word' id='word_1_274' title='bbox 283 2284 366 2317; x_wconf 79' lang='lat' dir='ltr'>partc-</span> <span class='ocrx_word' id='word_1_275' title='bbox 388 2279 552 2309; x_wconf 82' lang='lat' dir='ltr'>Wnltnrni</span> <span class='ocrx_word' id='word_1_276' title='bbox 576 2279 737 2315; x_wconf 80' lang='lat' dir='ltr'>fluminis,</span> <span class='ocrx_word' id='word_1_277' title='bbox 757 2280 854 2310; x_wconf 86' lang='lat' dir='ltr'><strong>dedit.</strong></span> <span class='ocrx_word' id='word_1_278' title='bbox 873 2280 1016 2316; x_wconf 86' lang='lat' dir='ltr'>Quarum</span> <span class='ocrx_word' id='word_1_279' title='bbox 1039 2280 1124 2310; x_wconf 91' lang='lat' dir='ltr'>litte-</span> 
     </span>
     <span class='ocr_line' id='line_1_37' title="bbox 123 2332 487 2362; baseline 0.005 -2"><span class='ocrx_word' id='word_1_280' title='bbox 123 2340 230 2361; x_wconf 84' lang='lat' dir='ltr'>rarum</span> <span class='ocrx_word' id='word_1_281' title='bbox 248 2337 336 2361; x_wconf 86' lang='lat' dir='ltr'>tenor</span> <span class='ocrx_word' id='word_1_282' title='bbox 351 2332 402 2361; x_wconf 82' lang='lat' dir='ltr'>hic</span> <span class='ocrx_word' id='word_1_283' title='bbox 418 2339 463 2362; x_wconf 86' lang='lat' dir='ltr'>est</span> <span class='ocrx_word' id='word_1_284' title='bbox 482 2343 487 2362; x_wconf 88' lang='lat'><strong>:</strong></span> 
     </span>
    </p>

    <p class='ocr_par' dir='ltr' id='par_1_6' title="bbox 122 2385 1125 2735">
     <span class='ocr_line' id='line_1_38' title="bbox 162 2385 1125 2424; baseline 0.005 -13"><span class='ocrx_word' id='word_1_285' title='bbox 162 2398 174 2411; x_wconf 70' lang='grc' dir='ltr'>ι</span> <span class='ocrx_word' id='word_1_286' title='bbox 196 2385 260 2414; x_wconf 75' lang='lat' dir='ltr'>Nos</span> <span class='ocrx_word' id='word_1_287' title='bbox 275 2386 433 2415; x_wconf 70' lang='lat' dir='ltr'>svcundus</span> <span class='ocrx_word' id='word_1_288' title='bbox 450 2386 632 2424; x_wconf 68' lang='lat' dir='ltr'>luccamus,</span> <span class='ocrx_word' id='word_1_289' title='bbox 651 2386 760 2416; x_wconf 87' lang='lat' dir='ltr'>divina</span> <span class='ocrx_word' id='word_1_290' title='bbox 773 2387 942 2417; x_wconf 89' lang='lat' dir='ltr'><strong>ordinante</strong></span> <span class='ocrx_word' id='word_1_291' title='bbox 955 2386 1125 2418; x_wconf 82' lang='lat' dir='ltr'>clementia</span> 
     </span>
     <span class='ocr_line' id='line_1_39' title="bbox 122 2438 1124 2479; baseline 0.002 -11"><span class='ocrx_word' id='word_1_292' title='bbox 122 2450 133 2463; x_wconf 70' lang='grc' dir='ltr'>ι</span> <span class='ocrx_word' id='word_1_293' title='bbox 160 2438 382 2476; x_wconf 66' lang='lat' dir='ltr'>Captianorum</span> <span class='ocrx_word' id='word_1_294' title='bbox 405 2439 569 2479; x_wconf 83' lang='lat' dir='ltr'>princeps,</span> <span class='ocrx_word' id='word_1_295' title='bbox 587 2444 697 2470; x_wconf 91' lang='lat' dir='ltr'>notum</span> <span class='ocrx_word' id='word_1_296' title='bbox 715 2440 784 2470; x_wconf 86' lang='lat' dir='ltr'>fleri</span> <span class='ocrx_word' id='word_1_297' title='bbox 806 2440 993 2471; x_wconf 84' lang='lat' dir='ltr'>volumus...</span> <span class='ocrx_word' id='word_1_298' title='bbox 1018 2457 1057 2462; x_wconf 97' lang='lat'>—</span> <span class='ocrx_word' id='word_1_299' title='bbox 1080 2440 1124 2470; x_wconf 84' lang='lat' dir='ltr'>Ex</span> 
     </span>
     <span class='ocr_line' id='line_1_40' title="bbox 124 2491 1125 2532; baseline 0.004 -13"><span class='ocrx_word' id='word_1_300' title='bbox 124 2505 136 2514; x_wconf 90' lang='lat'>··</span> <span class='ocrx_word' id='word_1_301' title='bbox 158 2491 301 2529; x_wconf 70' lang='lat' dir='ltr'>jussione</span> <span class='ocrx_word' id='word_1_302' title='bbox 319 2491 433 2529; x_wconf 77' lang='lat' dir='ltr'>prefate</span> <span class='ocrx_word' id='word_1_303' title='bbox 451 2493 657 2523; x_wconf 68' lang='lat' dir='ltr'><strong>serenissime</strong></span> <span class='ocrx_word' id='word_1_304' title='bbox 673 2493 836 2532; x_wconf 81' lang='lat' dir='ltr'>potestatis</span> <span class='ocrx_word' id='word_1_305' title='bbox 854 2493 966 2532; x_wconf 83' lang='lat' dir='ltr'>scripsi</span> <span class='ocrx_word' id='word_1_306' title='bbox 983 2502 1041 2532; x_wconf 83' lang='lat' dir='ltr'>ego</span> <span class='ocrx_word' id='word_1_307' title='bbox 1057 2493 1125 2523; x_wconf 78' lang='lat' dir='ltr'>Ru-</span> 
     </span>
     <span class='ocr_line' id='line_1_41' title="bbox 123 2544 1123 2583; baseline 0.004 -10"><span class='ocrx_word' id='word_1_308' title='bbox 123 2558 136 2568; x_wconf 83' lang='lat'>··</span> <span class='ocrx_word' id='word_1_309' title='bbox 161 2544 264 2574; x_wconf 76' lang='lat' dir='ltr'>riacns</span> <span class='ocrx_word' id='word_1_310' title='bbox 286 2546 399 2582; x_wconf 72' lang='lat' dir='ltr'>judex.</span> <span class='ocrx_word' id='word_1_311' title='bbox 427 2546 456 2574; x_wconf 89' lang='lat' dir='ltr'>iu</span> <span class='ocrx_word' id='word_1_312' title='bbox 481 2555 566 2576; x_wconf 88' lang='lat' dir='ltr'>anno</span> <span class='ocrx_word' id='word_1_313' title='bbox 588 2547 747 2577; x_wconf 89' lang='lat' dir='ltr'>dominice</span> <span class='ocrx_word' id='word_1_314' title='bbox 774 2547 1006 2578; x_wconf 80' lang='lat' dir='ltr'>incarnationis</span> <span class='ocrx_word' id='word_1_315' title='bbox 1029 2553 1123 2583; x_wconf 75' lang='lat' dir='ltr'>ncn0,</span> 
     </span>
     <span class='ocr_line' id='line_1_42' title="bbox 125 2599 1122 2639; baseline 0.005 -14"><span class='ocrx_word' id='word_1_316' title='bbox 125 2609 137 2622; x_wconf 76' lang='grc' dir='ltr'>ι</span> <span class='ocrx_word' id='word_1_317' title='bbox 161 2603 191 2626; x_wconf 84' lang='lat' dir='ltr'>et</span> <span class='ocrx_word' id='word_1_318' title='bbox 218 2606 296 2626; x_wconf 75' lang='lat' dir='ltr'>xxm</span> <span class='ocrx_word' id='word_1_319' title='bbox 318 2607 404 2627; x_wconf 89' lang='lat' dir='ltr'>anno</span> <span class='ocrx_word' id='word_1_320' title='bbox 429 2599 622 2638; x_wconf 84' lang='lat' dir='ltr'>principatus</span> <span class='ocrx_word' id='word_1_321' title='bbox 651 2600 761 2639; x_wconf 77' lang='lat' dir='ltr'>prefati</span> <span class='ocrx_word' id='word_1_322' title='bbox 787 2600 888 2630; x_wconf 87' lang='lat' dir='ltr'>donni</span> <span class='ocrx_word' id='word_1_323' title='bbox 912 2600 1044 2630; x_wconf 89' lang='lat' dir='ltr'>secundi</span> <span class='ocrx_word' id='word_1_324' title='bbox 1072 2600 1122 2636; x_wconf 75' lang='lat' dir='ltr'>R..</span> 
     </span>
     <span class='ocr_line' id='line_1_43' title="bbox 123 2650 1124 2693; baseline 0.004 -13"><span class='ocrx_word' id='word_1_325' title='bbox 123 2663 134 2677; x_wconf 82' lang='grc' dir='ltr'>ι</span> <span class='ocrx_word' id='word_1_326' title='bbox 159 2650 287 2688; x_wconf 72' lang='lat' dir='ltr'>gloriosi</span> <span class='ocrx_word' id='word_1_327' title='bbox 302 2652 578 2692; x_wconf 77' lang='lat' dir='ltr'>principisCapne.</span> <span class='ocrx_word' id='word_1_328' title='bbox 592 2654 662 2683; x_wconf 84' lang='lat' dir='ltr'>Dat.</span> <span class='ocrx_word' id='word_1_329' title='bbox 675 2663 784 2684; x_wconf 87' lang='lat' dir='ltr'>mense</span> <span class='ocrx_word' id='word_1_330' title='bbox 799 2653 1124 2693; x_wconf 87' lang='lat' dir='ltr'>mal.(l),indictione</span> 
     </span>
     <span class='ocr_line' id='line_1_44' title="bbox 123 2705 327 2735; baseline 0 -1"><span class='ocrx_word' id='word_1_331' title='bbox 123 2717 135 2730; x_wconf 75' lang='grc' dir='ltr'>ι</span> <span class='ocrx_word' id='word_1_332' title='bbox 159 2705 293 2735; x_wconf 87' lang='lat' dir='ltr'>decima.</span> <span class='ocrx_word' id='word_1_333' title='bbox 315 2717 327 2731; x_wconf 73' lang='grc' dir='ltr'>ι</span> 
     </span>
    </p>

    <p class='ocr_par' dir='ltr' id='par_1_7' title="bbox 120 2759 1123 2851">
     <span class='ocr_line' id='line_1_45' title="bbox 165 2759 1123 2800; baseline 0.003 -12"><span class='ocrx_word' id='word_1_334' title='bbox 165 2771 175 2785; x_wconf 80' lang='grc' dir='ltr'>ι</span> <span class='ocrx_word' id='word_1_335' title='bbox 194 2760 274 2788; x_wconf 82' lang='lat' dir='ltr'>Cum</span> <span class='ocrx_word' id='word_1_336' title='bbox 290 2767 308 2787; x_wconf 81' lang='lat' dir='ltr'>a</span> <span class='ocrx_word' id='word_1_337' title='bbox 325 2759 452 2789; x_wconf 83' lang='lat' dir='ltr'>nobis...</span> <span class='ocrx_word' id='word_1_338' title='bbox 479 2777 515 2782; x_wconf 96' lang='lat'><strong>—</strong></span> <span class='ocrx_word' id='word_1_339' title='bbox 534 2761 602 2790; x_wconf 76' lang='lat' dir='ltr'>Dat.</span> <span class='ocrx_word' id='word_1_340' title='bbox 628 2761 711 2800; x_wconf 87' lang='lat' dir='ltr'>apud</span> <span class='ocrx_word' id='word_1_341' title='bbox 729 2761 990 2792; x_wconf 76' lang='lat' dir='ltr'>Urbemvelerem</span> <span class='ocrx_word' id='word_1_342' title='bbox 1005 2785 1012 2799; x_wconf 83' lang='lat'>,</span> <span class='ocrx_word' id='word_1_343' title='bbox 1032 2771 1049 2790; x_wconf 89' lang='lat' dir='ltr'>v</span> <span class='ocrx_word' id='word_1_344' title='bbox 1067 2761 1123 2791; x_wconf 88' lang='lat' dir='ltr'>ka-</span> 
     </span>
     <span class='ocr_line' id='line_1_46' title="bbox 120 2811 616 2851; baseline 0.004 -11"><span class='ocrx_word' id='word_1_345' title='bbox 120 2811 228 2840; x_wconf 80' lang='lat' dir='ltr'>lendas</span> <span class='ocrx_word' id='word_1_346' title='bbox 244 2812 340 2850; x_wconf 82' lang='lat' dir='ltr'>junii,</span> <span class='ocrx_word' id='word_1_347' title='bbox 359 2821 444 2842; x_wconf 76' lang='lat' dir='ltr'>anino</span> <span class='ocrx_word' id='word_1_348' title='bbox 459 2818 582 2851; x_wconf 78' lang='lat' dir='ltr'>quarto.</span> <span class='ocrx_word' id='word_1_349' title='bbox 604 2827 616 2839; x_wconf 70' lang='grc' dir='ltr'>ιι</span> 
     </span>
    </p>
   </div>
   <div class='ocr_carea' id='block_1_6' title="bbox 151 2930 755 2959">
    <p class='ocr_par' dir='ltr' id='par_1_8' title="bbox 151 2930 755 2959">
     <span class='ocr_line' id='line_1_47' title="bbox 151 2930 755 2959; baseline 0.008 -6"><span class='ocrx_word' id='word_1_350' title='bbox 151 2932 183 2959; x_wconf 66' lang='grc'>(1)</span> <span class='ocrx_word' id='word_1_351' title='bbox 202 2930 242 2954; x_wconf 85' lang='lat' dir='ltr'>l&#39;n</span> <span class='ocrx_word' id='word_1_352' title='bbox 260 2935 322 2954; x_wconf 76' lang='lat' dir='ltr'>trmt</span> <span class='ocrx_word' id='word_1_353' title='bbox 341 2934 416 2955; x_wconf 68' lang='lat' dir='ltr'>barre</span> <span class='ocrx_word' id='word_1_354' title='bbox 435 2933 459 2954; x_wconf 76' lang='grc'>1’1</span> <span class='ocrx_word' id='word_1_355' title='bbox 477 2933 543 2956; x_wconf 72' lang='lat' dir='ltr'>-ltnns</span> <span class='ocrx_word' id='word_1_356' title='bbox 557 2933 579 2956; x_wconf 80' lang='lat' dir='ltr'>le</span> <span class='ocrx_word' id='word_1_357' title='bbox 596 2938 755 2958; x_wconf 72' lang='lat' dir='ltr'>ninnnsrrit.</span> 
     </span>
    </p>
   </div>
   <div class='ocr_carea' id='block_1_7' title="bbox 1277 310 2141 343">
    <p class='ocr_par' dir='ltr' id='par_1_9' title="bbox 1277 310 2141 343">
     <span class='ocr_line' id='line_1_48' title="bbox 1277 310 2141 343; baseline -0.005 -1"><span class='ocrx_word' id='word_1_358' title='bbox 1277 314 1394 343; x_wconf 64' lang='lat'>‘10⁸&#39;</span> <span class='ocrx_word' id='word_1_359' title='bbox 1793 312 1925 341; x_wconf 83' lang='lat' dir='ltr'>Orvieto.</span> <span class='ocrx_word' id='word_1_360' title='bbox 1940 311 1975 338; x_wconf 77' lang='lat'>‘28</span> <span class='ocrx_word' id='word_1_361' title='bbox 1991 311 2046 338; x_wconf 77' lang='lat' dir='ltr'>mai</span> <span class='ocrx_word' id='word_1_362' title='bbox 2065 310 2141 339; x_wconf 67' lang='lat'>¹29¹.</span> 
     </span>
    </p>
   </div>
   <div class='ocr_carea' id='block_1_8' title="bbox 1205 372 2213 458">
    <p class='ocr_par' dir='ltr' id='par_1_10' title="bbox 1205 372 2213 458">
     <span class='ocr_line' id='line_1_49' title="bbox 1240 372 2213 411; baseline -0.003 -8"><span class='ocrx_word' id='word_1_363' title='bbox 1240 376 1437 411; x_wconf 66' lang='lat' dir='ltr'>‘ransc-ripun</span> <span class='ocrx_word' id='word_1_364' title='bbox 1453 376 1611 402; x_wconf 74' lang='lat' dir='ltr'>litterarum</span> <span class='ocrx_word' id='word_1_365' title='bbox 1627 374 1747 402; x_wconf 77' lang='lat' dir='ltr'>Jordani</span> <span class='ocrx_word' id='word_1_366' title='bbox 1769 373 1904 405; x_wconf 80' lang='lat' dir='ltr'>secundi,</span> <span class='ocrx_word' id='word_1_367' title='bbox 1921 373 2061 409; x_wconf 82' lang='lat' dir='ltr'>principis</span> <span class='ocrx_word' id='word_1_368' title='bbox 2073 372 2213 409; x_wconf 75' lang='lat' dir='ltr'>Cepueni.</span> 
     </span>
     <span class='ocr_line' id='line_1_50' title="bbox 1205 424 1628 458; baseline -0.005 -6"><span class='ocrx_word' id='word_1_369' title='bbox 1205 425 1288 458; x_wconf 74' lang='lat' dir='ltr'>(Rso.</span> <span class='ocrx_word' id='word_1_370' title='bbox 1307 425 1354 456; x_wconf 70' lang='lat'>⁴6,</span> <span class='ocrx_word' id='word_1_371' title='bbox 1371 433 1396 451; x_wconf 93' lang='lat' dir='ltr'>c.</span> <span class='ocrx_word' id='word_1_372' title='bbox 1413 424 1475 458; x_wconf 62' lang='lat'>226,</span> <span class='ocrx_word' id='word_1_373' title='bbox 1493 425 1510 451; x_wconf 75' lang='lat' dir='ltr'>l&#39;.</span> <span class='ocrx_word' id='word_1_374' title='bbox 1529 424 1562 451; x_wconf 76' lang='lat'>⁴5</span> <span class='ocrx_word' id='word_1_375' title='bbox 1578 426 1628 457; x_wconf 67' lang='grc' dir='ltr'>νο.)</span> 
     </span>
    </p>
   </div>
   <div class='ocr_carea' id='block_1_9' title="bbox 1204 524 2214 1203">
    <p class='ocr_par' dir='ltr' id='par_1_11' title="bbox 1204 524 2213 774">
     <span class='ocr_line' id='line_1_51' title="bbox 1246 524 2211 565; baseline -0.001 -9"><span class='ocrx_word' id='word_1_376' title='bbox 1246 527 1360 556; x_wconf 75' lang='lat' dir='ltr'>Eidem.</span> <span class='ocrx_word' id='word_1_377' title='bbox 1382 526 1559 557; x_wconf 73' lang='lat' dir='ltr'>Confirmat</span> <span class='ocrx_word' id='word_1_378' title='bbox 1578 525 1699 556; x_wconf 81' lang='lat' dir='ltr'>litteras</span> <span class='ocrx_word' id='word_1_379' title='bbox 1719 525 1838 565; x_wconf 85' lang='lat' dir='ltr'>quibus</span> <span class='ocrx_word' id='word_1_380' title='bbox 1852 524 2015 556; x_wconf 81' lang='lat' dir='ltr'>Jordanus</span> <span class='ocrx_word' id='word_1_381' title='bbox 2036 525 2211 562; x_wconf 84' lang='lat' dir='ltr'>secundus,</span> 
     </span>
     <span class='ocr_line' id='line_1_52' title="bbox 1206 577 2212 618; baseline 0 -10"><span class='ocrx_word' id='word_1_382' title='bbox 1206 580 1352 618; x_wconf 87' lang='lat' dir='ltr'>princeps</span> <span class='ocrx_word' id='word_1_383' title='bbox 1367 579 1550 618; x_wconf 83' lang='lat' dir='ltr'>Capuanus,</span> <span class='ocrx_word' id='word_1_384' title='bbox 1561 578 1686 615; x_wconf 87' lang='lat' dir='ltr'>Octoui,</span> <span class='ocrx_word' id='word_1_385' title='bbox 1699 578 1936 617; x_wconf 80' lang='lat' dir='ltr'>archiepiscopo</span> <span class='ocrx_word' id='word_1_386' title='bbox 1947 577 2111 618; x_wconf 81' lang='lat' dir='ltr'>Capuano,</span> <span class='ocrx_word' id='word_1_387' title='bbox 2124 578 2212 617; x_wconf 86' lang='lat' dir='ltr'>ejus-</span> 
     </span>
     <span class='ocr_line' id='line_1_53' title="bbox 1204 630 2213 671; baseline -0.001 -9"><span class='ocrx_word' id='word_1_388' title='bbox 1204 641 1266 671; x_wconf 76' lang='lat' dir='ltr'>que</span> <span class='ocrx_word' id='word_1_389' title='bbox 1283 632 1520 662; x_wconf 75' lang='lat' dir='ltr'>successoribus</span> <span class='ocrx_word' id='word_1_390' title='bbox 1535 636 1565 661; x_wconf 91' lang='lat' dir='ltr'>et</span> <span class='ocrx_word' id='word_1_391' title='bbox 1580 631 1732 662; x_wconf 83' lang='lat' dir='ltr'>ecclesiae</span> <span class='ocrx_word' id='word_1_392' title='bbox 1743 630 1913 670; x_wconf 82' lang='lat' dir='ltr'>Capuanae</span> <span class='ocrx_word' id='word_1_393' title='bbox 1925 631 2090 662; x_wconf 84' lang='lat' dir='ltr'>ecclesiam</span> <span class='ocrx_word' id='word_1_394' title='bbox 2104 630 2213 661; x_wconf 77' lang='lat' dir='ltr'>Sancti</span> 
     </span>
     <span class='ocr_line' id='line_1_54' title="bbox 1205 682 2211 723; baseline 0 -10"><span class='ocrx_word' id='word_1_395' title='bbox 1205 684 1334 713; x_wconf 76' lang='lat' dir='ltr'>&#39;runnu-i</span> <span class='ocrx_word' id='word_1_396' title='bbox 1349 689 1379 713; x_wconf 91' lang='lat' dir='ltr'>et</span> <span class='ocrx_word' id='word_1_397' title='bbox 1394 688 1491 713; x_wconf 89' lang='lat' dir='ltr'>totum</span> <span class='ocrx_word' id='word_1_398' title='bbox 1509 683 1730 714; x_wconf 83' lang='lat' dir='ltr'>monticellum</span> <span class='ocrx_word' id='word_1_399' title='bbox 1745 683 1778 713; x_wconf 93' lang='lat' dir='ltr'>in</span> <span class='ocrx_word' id='word_1_400' title='bbox 1791 692 1854 723; x_wconf 89' lang='lat' dir='ltr'>quo</span> <span class='ocrx_word' id='word_1_401' title='bbox 1865 688 2045 714; x_wconf 85' lang='lat' dir='ltr'>constructa</span> <span class='ocrx_word' id='word_1_402' title='bbox 2055 688 2103 714; x_wconf 90' lang='lat' dir='ltr'>est</span> <span class='ocrx_word' id='word_1_403' title='bbox 2113 682 2211 714; x_wconf 85' lang='lat' dir='ltr'><strong>dedit.</strong></span> 
     </span>
     <span class='ocr_line' id='line_1_55' title="bbox 1205 736 1805 774; baseline 0 -8"><span class='ocrx_word' id='word_1_404' title='bbox 1205 737 1347 774; x_wconf 86' lang='lat' dir='ltr'>Quarum</span> <span class='ocrx_word' id='word_1_405' title='bbox 1365 736 1543 767; x_wconf 85' lang='lat' dir='ltr'>litterarum</span> <span class='ocrx_word' id='word_1_406' title='bbox 1562 741 1651 767; x_wconf 90' lang='lat' dir='ltr'>tenor</span> <span class='ocrx_word' id='word_1_407' title='bbox 1666 736 1719 766; x_wconf 86' lang='lat' dir='ltr'>hic</span> <span class='ocrx_word' id='word_1_408' title='bbox 1735 740 1782 766; x_wconf 86' lang='lat' dir='ltr'>est</span> <span class='ocrx_word' id='word_1_409' title='bbox 1799 748 1805 766; x_wconf 92' lang='lat'><strong>:</strong></span> 
     </span>
    </p>

    <p class='ocr_par' dir='ltr' id='par_1_12' title="bbox 1205 789 2214 1151">
     <span class='ocr_line' id='line_1_56' title="bbox 1248 789 2211 829; baseline 0 -10"><span class='ocrx_word' id='word_1_410' title='bbox 1248 802 1260 816; x_wconf 78' lang='grc' dir='ltr'>ι</span> <span class='ocrx_word' id='word_1_411' title='bbox 1275 790 1352 826; x_wconf 87' lang='lat' dir='ltr'>Nos,</span> <span class='ocrx_word' id='word_1_412' title='bbox 1363 790 1395 819; x_wconf 90' lang='lat' dir='ltr'>in</span> <span class='ocrx_word' id='word_1_413' title='bbox 1410 790 1466 820; x_wconf 85' lang='lat' dir='ltr'>Dei</span> <span class='ocrx_word' id='word_1_414' title='bbox 1478 790 1707 829; x_wconf 87' lang='lat' dir='ltr'>omnipotentis</span> <span class='ocrx_word' id='word_1_415' title='bbox 1720 789 1852 820; x_wconf 89' lang='lat' dir='ltr'>nomine</span> <span class='ocrx_word' id='word_1_416' title='bbox 1866 789 2028 821; x_wconf 88' lang='lat' dir='ltr'>secundus</span> <span class='ocrx_word' id='word_1_417' title='bbox 2037 789 2211 827; x_wconf 72' lang='lat' dir='ltr'>Jordanus,</span> 
     </span>
     <span class='ocr_line' id='line_1_57' title="bbox 1205 842 2213 882; baseline 0.001 -11"><span class='ocrx_word' id='word_1_418' title='bbox 1205 855 1218 870; x_wconf 76' lang='grc'><strong>»</strong></span> <span class='ocrx_word' id='word_1_419' title='bbox 1245 842 1356 873; x_wconf 85' lang='lat' dir='ltr'>divina</span> <span class='ocrx_word' id='word_1_420' title='bbox 1373 842 1573 882; x_wconf 79' lang='lat' dir='ltr'>providentia</span> <span class='ocrx_word' id='word_1_421' title='bbox 1587 843 1813 882; x_wconf 77' lang='lat' dir='ltr'>Captianorum</span> <span class='ocrx_word' id='word_1_422' title='bbox 1831 843 1994 882; x_wconf 88' lang='lat' dir='ltr'>princeps,</span> <span class='ocrx_word' id='word_1_423' title='bbox 2013 847 2123 874; x_wconf 89' lang='lat' dir='ltr'>uotum</span> <span class='ocrx_word' id='word_1_424' title='bbox 2142 842 2213 873; x_wconf 79' lang='lat' dir='ltr'>fleri</span> 
     </span>
     <span class='ocr_line' id='line_1_58' title="bbox 1208 896 2214 936; baseline 0 -10"><span class='ocrx_word' id='word_1_425' title='bbox 1208 909 1222 923; x_wconf 80' lang='lat' dir='ltr'>n</span> <span class='ocrx_word' id='word_1_426' title='bbox 1247 897 1432 927; x_wconf 84' lang='lat' dir='ltr'>volumus...</span> <span class='ocrx_word' id='word_1_427' title='bbox 1443 913 1481 918; x_wconf 98' lang='lat'><strong>—</strong></span> <span class='ocrx_word' id='word_1_428' title='bbox 1495 896 1535 926; x_wconf 76' lang='lat' dir='ltr'>Ex</span> <span class='ocrx_word' id='word_1_429' title='bbox 1550 896 1697 935; x_wconf 86' lang='lat' dir='ltr'>jussione</span> <span class='ocrx_word' id='word_1_430' title='bbox 1713 896 1832 935; x_wconf 77' lang='lat' dir='ltr'>pretate</span> <span class='ocrx_word' id='word_1_431' title='bbox 1848 896 2009 936; x_wconf 84' lang='lat' dir='ltr'>potestatis</span> <span class='ocrx_word' id='word_1_432' title='bbox 2024 896 2140 936; x_wconf 82' lang='lat' dir='ltr'>scripsi</span> <span class='ocrx_word' id='word_1_433' title='bbox 2155 904 2214 936; x_wconf 81' lang='lat' dir='ltr'>ego</span> 
     </span>
     <span class='ocr_line' id='line_1_59' title="bbox 1208 949 2214 990; baseline 0.003 -13"><span class='ocrx_word' id='word_1_434' title='bbox 1208 963 1222 977; x_wconf 74' lang='lat' dir='ltr'><em>n</em></span> <span class='ocrx_word' id='word_1_435' title='bbox 1246 949 1433 990; x_wconf 82' lang='lat' dir='ltr'>Philippus,</span> <span class='ocrx_word' id='word_1_436' title='bbox 1452 949 1612 989; x_wconf 77' lang='lat' dir='ltr'>palatinus</span> <span class='ocrx_word' id='word_1_437' title='bbox 1634 950 1749 989; x_wconf 87' lang='lat' dir='ltr'>judex,</span> <span class='ocrx_word' id='word_1_438' title='bbox 1767 950 1799 979; x_wconf 90' lang='lat' dir='ltr'>in</span> <span class='ocrx_word' id='word_1_439' title='bbox 1817 958 1904 980; x_wconf 88' lang='lat' dir='ltr'>anno</span> <span class='ocrx_word' id='word_1_440' title='bbox 1925 950 2088 981; x_wconf 89' lang='lat' dir='ltr'>dominice</span> <span class='ocrx_word' id='word_1_441' title='bbox 2108 950 2214 982; x_wconf 78' lang='lat' dir='ltr'>incar-</span> 
     </span>
     <span class='ocr_line' id='line_1_60' title="bbox 1209 1003 2214 1044; baseline 0.001 -11"><span class='ocrx_word' id='word_1_442' title='bbox 1209 1016 1222 1031; x_wconf 79' lang='lat'><strong>·</strong></span> <span class='ocrx_word' id='word_1_443' title='bbox 1248 1005 1386 1034; x_wconf 84' lang='lat' dir='ltr'>nationis</span> <span class='ocrx_word' id='word_1_444' title='bbox 1405 1007 1538 1034; x_wconf 65' lang='lat' dir='ltr'>mccxxx-⁰</span> <span class='ocrx_word' id='word_1_445' title='bbox 1556 1008 1586 1034; x_wconf 86' lang='lat' dir='ltr'>et</span> <span class='ocrx_word' id='word_1_446' title='bbox 1605 1012 1638 1033; x_wconf 76' lang='lat' dir='ltr'>ve</span> <span class='ocrx_word' id='word_1_447' title='bbox 1654 1012 1740 1034; x_wconf 85' lang='lat' dir='ltr'>anno</span> <span class='ocrx_word' id='word_1_448' title='bbox 1763 1003 1806 1043; x_wconf 83' lang='grc'>(1)</span> <span class='ocrx_word' id='word_1_449' title='bbox 1825 1003 2022 1043; x_wconf 80' lang='lat' dir='ltr'>principatus</span> <span class='ocrx_word' id='word_1_450' title='bbox 2046 1003 2214 1044; x_wconf 83' lang='lat' dir='ltr'>prescripti</span> 
     </span>
     <span class='ocr_line' id='line_1_61' title="bbox 1209 1056 2214 1096; baseline 0.004 -12"><span class='ocrx_word' id='word_1_451' title='bbox 1209 1069 1222 1084; x_wconf 70' lang='grc' dir='ltr'>ι»</span> <span class='ocrx_word' id='word_1_452' title='bbox 1245 1057 1345 1088; x_wconf 87' lang='lat' dir='ltr'>donni</span> <span class='ocrx_word' id='word_1_453' title='bbox 1361 1057 1506 1093; x_wconf 77' lang='lat' dir='ltr'>Jordani,</span> <span class='ocrx_word' id='word_1_454' title='bbox 1519 1056 1649 1095; x_wconf 81' lang='lat' dir='ltr'>gloriosi</span> <span class='ocrx_word' id='word_1_455' title='bbox 1668 1057 1820 1096; x_wconf 86' lang='lat' dir='ltr'>principis</span> <span class='ocrx_word' id='word_1_456' title='bbox 1836 1056 1955 1096; x_wconf 82' lang='lat' dir='ltr'>Capue.</span> <span class='ocrx_word' id='word_1_457' title='bbox 1971 1057 2043 1087; x_wconf 88' lang='lat' dir='ltr'>Dat.</span> <span class='ocrx_word' id='word_1_458' title='bbox 2060 1056 2214 1096; x_wconf 82' lang='lat' dir='ltr'>Capuano</span> 
     </span>
     <span class='ocr_line' id='line_1_62' title="bbox 1209 1110 2173 1151; baseline -0.001 -12"><span class='ocrx_word' id='word_1_459' title='bbox 1209 1123 1222 1138; x_wconf 74' lang='lat' dir='ltr'>n</span> <span class='ocrx_word' id='word_1_460' title='bbox 1246 1110 1370 1151; x_wconf 78' lang='lat' dir='ltr'>palatio¹</span> <span class='ocrx_word' id='word_1_461' title='bbox 1387 1111 1419 1140; x_wconf 92' lang='lat' dir='ltr'>in</span> <span class='ocrx_word' id='word_1_462' title='bbox 1435 1120 1544 1141; x_wconf 88' lang='lat' dir='ltr'>mense</span> <span class='ocrx_word' id='word_1_463' title='bbox 1555 1110 1684 1150; x_wconf 85' lang='lat' dir='ltr'>aprelis,</span> <span class='ocrx_word' id='word_1_464' title='bbox 1704 1120 1757 1150; x_wconf 87' lang='lat' dir='ltr'>per</span> <span class='ocrx_word' id='word_1_465' title='bbox 1773 1110 1982 1141; x_wconf 89' lang='lat' dir='ltr'>indictionem</span> <span class='ocrx_word' id='word_1_466' title='bbox 2002 1110 2138 1141; x_wconf 81' lang='lat' dir='ltr'>tertiam.</span> <span class='ocrx_word' id='word_1_467' title='bbox 2157 1121 2173 1138; x_wconf 72' lang='grc' dir='ltr'>»υ</span> 
     </span>
    </p>

    <p class='ocr_par' dir='ltr' id='par_1_13' title="bbox 1249 1164 1894 1203">
     <span class='ocr_line' id='line_1_63' title="bbox 1249 1164 1894 1203; baseline -0.003 -9"><span class='ocrx_word' id='word_1_468' title='bbox 1249 1177 1263 1190; x_wconf 76' lang='grc' dir='ltr'>ιι</span> <span class='ocrx_word' id='word_1_469' title='bbox 1277 1164 1358 1194; x_wconf 86' lang='lat' dir='ltr'>Cum</span> <span class='ocrx_word' id='word_1_470' title='bbox 1376 1174 1395 1194; x_wconf 87' lang='lat' dir='ltr'>a</span> <span class='ocrx_word' id='word_1_471' title='bbox 1411 1164 1542 1194; x_wconf 86' lang='lat' dir='ltr'>uobis...</span> <span class='ocrx_word' id='word_1_472' title='bbox 1559 1179 1596 1186; x_wconf 92' lang='lat'>-</span> <span class='ocrx_word' id='word_1_473' title='bbox 1616 1164 1685 1194; x_wconf 87' lang='lat' dir='ltr'>Dat.</span> <span class='ocrx_word' id='word_1_474' title='bbox 1704 1169 1738 1194; x_wconf 87' lang='lat' dir='ltr'>ut</span> <span class='ocrx_word' id='word_1_475' title='bbox 1754 1173 1860 1203; x_wconf 83' lang='lat' dir='ltr'>supra.</span> <span class='ocrx_word' id='word_1_476' title='bbox 1881 1175 1894 1191; x_wconf 75' lang='grc' dir='ltr'>ι</span> 
     </span>
    </p>
   </div>
   <div class='ocr_carea' id='block_1_10' title="bbox 1277 1320 2143 1354">
    <p class='ocr_par' dir='ltr' id='par_1_14' title="bbox 1277 1320 2143 1354">
     <span class='ocr_line' id='line_1_64' title="bbox 1277 1320 2143 1354; baseline -0.003 -2"><span class='ocrx_word' id='word_1_477' title='bbox 1277 1323 1398 1352; x_wconf 74' lang='lat'>5¹88</span> <span class='ocrx_word' id='word_1_478' title='bbox 1792 1322 1924 1354; x_wconf 80' lang='lat' dir='ltr'>Orvieto,</span> <span class='ocrx_word' id='word_1_479' title='bbox 1941 1321 1976 1349; x_wconf 74' lang='lat'>‘23</span> <span class='ocrx_word' id='word_1_480' title='bbox 1991 1322 2046 1349; x_wconf 81' lang='lat' dir='ltr'>mei</span> <span class='ocrx_word' id='word_1_481' title='bbox 2064 1320 2143 1350; x_wconf 75' lang='lat'>¹29¹.</span> 
     </span>
    </p>
   </div>
   <div class='ocr_carea' id='block_1_11' title="bbox 1207 1383 2214 1468">
    <p class='ocr_par' dir='ltr' id='par_1_15' title="bbox 1207 1383 2214 1468">
     <span class='ocr_line' id='line_1_65' title="bbox 1241 1383 2214 1421; baseline 0.001 -9"><span class='ocrx_word' id='word_1_482' title='bbox 1241 1385 1437 1421; x_wconf 85' lang='lat' dir='ltr'>Transcrip&#39;tio</span> <span class='ocrx_word' id='word_1_483' title='bbox 1448 1385 1606 1414; x_wconf 82' lang='lat' dir='ltr'>litterarum</span> <span class='ocrx_word' id='word_1_484' title='bbox 1620 1384 1724 1417; x_wconf 79' lang='lat' dir='ltr'>Caroli,</span> <span class='ocrx_word' id='word_1_485' title='bbox 1736 1385 1814 1420; x_wconf 82' lang='lat' dir='ltr'>regis</span> <span class='ocrx_word' id='word_1_486' title='bbox 1825 1385 1950 1413; x_wconf 80' lang='lat' dir='ltr'>Siciliae.</span> <span class='ocrx_word' id='word_1_487' title='bbox 1962 1384 2044 1418; x_wconf 81' lang='lat' dir='ltr'>(Rso.</span> <span class='ocrx_word' id='word_1_488' title='bbox 2058 1384 2102 1416; x_wconf 76' lang='lat'>⁴6.</span> <span class='ocrx_word' id='word_1_489' title='bbox 2112 1392 2140 1412; x_wconf 83' lang='lat' dir='ltr'>e.</span> <span class='ocrx_word' id='word_1_490' title='bbox 2150 1383 2214 1420; x_wconf 77' lang='lat'>227,</span> 
     </span>
     <span class='ocr_line' id='line_1_66' title="bbox 1207 1435 1344 1468; baseline -0.007 -6"><span class='ocrx_word' id='word_1_491' title='bbox 1207 1435 1226 1462; x_wconf 77' lang='lat' dir='ltr'>r.</span> <span class='ocrx_word' id='word_1_492' title='bbox 1245 1435 1278 1462; x_wconf 72' lang='lat' dir='ltr'>⁴ss</span> <span class='ocrx_word' id='word_1_493' title='bbox 1296 1437 1344 1468; x_wconf 50' lang='grc' dir='ltr'>ιο.)</span> 
     </span>
    </p>
   </div>
   <div class='ocr_carea' id='block_1_12' title="bbox 1206 1538 2218 2859">
    <p class='ocr_par' dir='ltr' id='par_1_16' title="bbox 1206 1538 2218 1995">
     <span class='ocr_line' id='line_1_67' title="bbox 1255 1538 2214 1576; baseline 0.003 -10"><span class='ocrx_word' id='word_1_494' title='bbox 1255 1538 1422 1568; x_wconf 74' lang='lat' dir='ltr'>Venerabili</span> <span class='ocrx_word' id='word_1_495' title='bbox 1452 1539 1546 1575; x_wconf 76' lang='lat' dir='ltr'>fratri</span> <span class='ocrx_word' id='word_1_496' title='bbox 1582 1538 1767 1574; x_wconf 68' lang='grc' dir='ltr'>ΒαΙὶηιὺεηε,</span> <span class='ocrx_word' id='word_1_497' title='bbox 1805 1538 2027 1576; x_wconf 78' lang='lat' dir='ltr'>archiepiscopo</span> <span class='ocrx_word' id='word_1_498' title='bbox 2059 1538 2214 1576; x_wconf 78' lang='lat' dir='ltr'>Capuam.</span> 
     </span>
     <span class='ocr_line' id='line_1_68' title="bbox 1207 1589 2218 1630; baseline 0 -10"><span class='ocrx_word' id='word_1_499' title='bbox 1207 1589 1404 1620; x_wconf 89' lang='lat' dir='ltr'>Transcribit</span> <span class='ocrx_word' id='word_1_500' title='bbox 1418 1590 1540 1621; x_wconf 82' lang='lat' dir='ltr'>litteras</span> <span class='ocrx_word' id='word_1_501' title='bbox 1554 1590 1671 1630; x_wconf 89' lang='lat' dir='ltr'>quibus</span> <span class='ocrx_word' id='word_1_502' title='bbox 1686 1589 1830 1624; x_wconf 80' lang='lat' dir='ltr'>Carolus.</span> <span class='ocrx_word' id='word_1_503' title='bbox 1851 1599 1903 1620; x_wconf 89' lang='lat' dir='ltr'>rex</span> <span class='ocrx_word' id='word_1_504' title='bbox 1918 1590 2059 1627; x_wconf 82' lang='lat' dir='ltr'>Siciliae,</span> <span class='ocrx_word' id='word_1_505' title='bbox 2075 1589 2218 1621; x_wconf 76' lang='lat' dir='ltr'>declarat</span> 
     </span>
     <span class='ocr_line' id='line_1_69' title="bbox 1207 1642 2217 1682; baseline 0.001 -9"><span class='ocrx_word' id='word_1_506' title='bbox 1207 1642 1316 1673; x_wconf 88' lang='lat' dir='ltr'>deberi</span> <span class='ocrx_word' id='word_1_507' title='bbox 1340 1643 1577 1682; x_wconf 88' lang='lat' dir='ltr'>archiepiscopo</span> <span class='ocrx_word' id='word_1_508' title='bbox 1593 1643 1744 1682; x_wconf 89' lang='lat' dir='ltr'>Capuano</span> <span class='ocrx_word' id='word_1_509' title='bbox 1769 1643 1808 1673; x_wconf 88' lang='lat' dir='ltr'>ab</span> <span class='ocrx_word' id='word_1_510' title='bbox 1827 1643 2017 1674; x_wconf 88' lang='lat' dir='ltr'>officialibus</span> <span class='ocrx_word' id='word_1_511' title='bbox 2042 1643 2151 1682; x_wconf 83' lang='lat' dir='ltr'>regiis,</span> <span class='ocrx_word' id='word_1_512' title='bbox 2176 1643 2217 1675; x_wconf 85' lang='lat' dir='ltr'>de</span> 
     </span>
     <span class='ocr_line' id='line_1_70' title="bbox 1206 1696 2216 1737; baseline 0.001 -11"><span class='ocrx_word' id='word_1_513' title='bbox 1206 1697 1414 1737; x_wconf 84' lang='lat' dir='ltr'>proventibus</span> <span class='ocrx_word' id='word_1_514' title='bbox 1439 1696 1647 1736; x_wconf 88' lang='lat' dir='ltr'>bajulationis</span> <span class='ocrx_word' id='word_1_515' title='bbox 1672 1696 1799 1735; x_wconf 87' lang='lat' dir='ltr'>Capuae</span> <span class='ocrx_word' id='word_1_516' title='bbox 1823 1709 1829 1726; x_wconf 94' lang='lat'><strong>:</strong></span> <span class='ocrx_word' id='word_1_517' title='bbox 1849 1705 1906 1736; x_wconf 88' lang='lat' dir='ltr'>pro</span> <span class='ocrx_word' id='word_1_518' title='bbox 1925 1697 2049 1727; x_wconf 90' lang='lat' dir='ltr'>decima</span> <span class='ocrx_word' id='word_1_519' title='bbox 2071 1696 2216 1736; x_wconf 89' lang='lat' dir='ltr'>ipsorum</span> 
     </span>
     <span class='ocr_line' id='line_1_71' title="bbox 1206 1750 2215 1790; baseline 0 -9"><span class='ocrx_word' id='word_1_520' title='bbox 1206 1755 1433 1789; x_wconf 86' lang='lat' dir='ltr'>proventuum,</span> <span class='ocrx_word' id='word_1_521' title='bbox 1453 1750 1568 1789; x_wconf 84' lang='lat' dir='ltr'>viginti</span> <span class='ocrx_word' id='word_1_522' title='bbox 1585 1759 1638 1781; x_wconf 87' lang='lat' dir='ltr'>sex</span> <span class='ocrx_word' id='word_1_523' title='bbox 1655 1750 1768 1780; x_wconf 92' lang='lat' dir='ltr'>uncias</span> <span class='ocrx_word' id='word_1_524' title='bbox 1784 1750 1874 1786; x_wconf 73' lang='lat' dir='ltr'>auri,</span> <span class='ocrx_word' id='word_1_525' title='bbox 1895 1750 1926 1780; x_wconf 91' lang='lat' dir='ltr'>in</span> <span class='ocrx_word' id='word_1_526' title='bbox 1944 1750 2215 1790; x_wconf 85' lang='lat' dir='ltr'>recompensatio-</span> 
     </span>
     <span class='ocr_line' id='line_1_72' title="bbox 1207 1803 2217 1843; baseline 0.002 -10"><span class='ocrx_word' id='word_1_527' title='bbox 1207 1812 1281 1833; x_wconf 88' lang='lat' dir='ltr'>nem</span> <span class='ocrx_word' id='word_1_528' title='bbox 1293 1803 1440 1842; x_wconf 86' lang='lat' dir='ltr'>judaicae</span> <span class='ocrx_word' id='word_1_529' title='bbox 1452 1808 1482 1834; x_wconf 90' lang='lat' dir='ltr'>et</span> <span class='ocrx_word' id='word_1_530' title='bbox 1499 1803 1648 1834; x_wconf 87' lang='lat' dir='ltr'>tintoriae</span> <span class='ocrx_word' id='word_1_531' title='bbox 1660 1803 1797 1843; x_wconf 86' lang='lat' dir='ltr'>Capuae,</span> <span class='ocrx_word' id='word_1_532' title='bbox 1817 1803 1949 1842; x_wconf 81' lang='lat' dir='ltr'>triginta</span> <span class='ocrx_word' id='word_1_533' title='bbox 1963 1803 2075 1834; x_wconf 84' lang='lat' dir='ltr'>uncias</span> <span class='ocrx_word' id='word_1_534' title='bbox 2088 1803 2173 1842; x_wconf 84' lang='lat' dir='ltr'>auri,</span> <span class='ocrx_word' id='word_1_535' title='bbox 2185 1807 2217 1835; x_wconf 86' lang='lat' dir='ltr'>et</span> 
     </span>
     <span class='ocr_line' id='line_1_73' title="bbox 1207 1856 2217 1888; baseline 0.002 -2"><span class='ocrx_word' id='word_1_536' title='bbox 1207 1857 1242 1886; x_wconf 90' lang='lat' dir='ltr'>in</span> <span class='ocrx_word' id='word_1_537' title='bbox 1267 1857 1345 1887; x_wconf 81' lang='lat' dir='ltr'>sesto</span> <span class='ocrx_word' id='word_1_538' title='bbox 1372 1857 1611 1888; x_wconf 87' lang='lat' dir='ltr'>Puriflcationis</span> <span class='ocrx_word' id='word_1_539' title='bbox 1639 1857 1748 1887; x_wconf 87' lang='lat' dir='ltr'>beatae</span> <span class='ocrx_word' id='word_1_540' title='bbox 1779 1857 1899 1887; x_wconf 86' lang='lat' dir='ltr'>Mariae</span> <span class='ocrx_word' id='word_1_541' title='bbox 1922 1856 1962 1887; x_wconf 89' lang='lat' dir='ltr'>de</span> <span class='ocrx_word' id='word_1_542' title='bbox 1984 1865 2057 1887; x_wconf 87' lang='lat' dir='ltr'>cera</span> <span class='ocrx_word' id='word_1_543' title='bbox 2080 1857 2217 1888; x_wconf 78' lang='lat' dir='ltr'>decenae</span> 
     </span>
     <span class='ocr_line' id='line_1_74' title="bbox 1206 1910 2217 1951; baseline 0 -9"><span class='ocrx_word' id='word_1_544' title='bbox 1206 1915 1286 1947; x_wconf 85' lang='lat' dir='ltr'>octo,</span> <span class='ocrx_word' id='word_1_545' title='bbox 1306 1915 1336 1940; x_wconf 80' lang='lat' dir='ltr'>et</span> <span class='ocrx_word' id='word_1_546' title='bbox 1352 1911 1481 1942; x_wconf 88' lang='lat' dir='ltr'>totidem</span> <span class='ocrx_word' id='word_1_547' title='bbox 1499 1920 1555 1951; x_wconf 88' lang='lat' dir='ltr'>pro</span> <span class='ocrx_word' id='word_1_548' title='bbox 1572 1919 1663 1942; x_wconf 87' lang='lat' dir='ltr'>cereo</span> <span class='ocrx_word' id='word_1_549' title='bbox 1683 1910 1797 1950; x_wconf 89' lang='lat' dir='ltr'>pascali</span> <span class='ocrx_word' id='word_1_550' title='bbox 1813 1910 1847 1940; x_wconf 87' lang='lat' dir='ltr'>in</span> <span class='ocrx_word' id='word_1_551' title='bbox 1863 1910 1942 1941; x_wconf 82' lang='lat' dir='ltr'>resto</span> <span class='ocrx_word' id='word_1_552' title='bbox 1959 1910 2217 1942; x_wconf 83' lang='lat' dir='ltr'>Resurrectionis</span> 
     </span>
     <span class='ocr_line' id='line_1_75' title="bbox 1207 1963 2065 1995; baseline 0 -1"><span class='ocrx_word' id='word_1_553' title='bbox 1207 1963 1398 1995; x_wconf 86' lang='lat' dir='ltr'>dominicae.</span> <span class='ocrx_word' id='word_1_554' title='bbox 1419 1965 1544 1995; x_wconf 86' lang='lat' dir='ltr'>Harum</span> <span class='ocrx_word' id='word_1_555' title='bbox 1561 1964 1739 1995; x_wconf 87' lang='lat' dir='ltr'>litterarum</span> <span class='ocrx_word' id='word_1_556' title='bbox 1757 1968 1881 1994; x_wconf 87' lang='lat' dir='ltr'>tenores</span> <span class='ocrx_word' id='word_1_557' title='bbox 1897 1963 1947 1994; x_wconf 90' lang='lat' dir='ltr'>illi</span> <span class='ocrx_word' id='word_1_558' title='bbox 1965 1968 2041 1994; x_wconf 91' lang='lat' dir='ltr'>sunt</span> <span class='ocrx_word' id='word_1_559' title='bbox 2057 1973 2065 1994; x_wconf 89' lang='lat'>:</span> 
     </span>
    </p>

    <p class='ocr_par' dir='ltr' id='par_1_17' title="bbox 1208 2010 2217 2376">
     <span class='ocr_line' id='line_1_76' title="bbox 1249 2010 2214 2058; baseline 0.002 -10"><span class='ocrx_word' id='word_1_560' title='bbox 1249 2029 1262 2044; x_wconf 71' lang='grc' dir='ltr'><strong>α</strong></span> <span class='ocrx_word' id='word_1_561' title='bbox 1285 2017 1433 2054; x_wconf 87' lang='lat' dir='ltr'>Carolus,</span> <span class='ocrx_word' id='word_1_562' title='bbox 1460 2018 1520 2048; x_wconf 90' lang='lat' dir='ltr'>Dei</span> <span class='ocrx_word' id='word_1_563' title='bbox 1545 2010 1646 2056; x_wconf 85' lang='lat' dir='ltr'>gratia</span> <span class='ocrx_word' id='word_1_564' title='bbox 1669 2027 1722 2048; x_wconf 83' lang='lat' dir='ltr'>rex</span> <span class='ocrx_word' id='word_1_565' title='bbox 1745 2016 1870 2053; x_wconf 82' lang='lat' dir='ltr'>Sicilie,</span> <span class='ocrx_word' id='word_1_566' title='bbox 1897 2017 2031 2048; x_wconf 85' lang='lat' dir='ltr'>ducatus</span> <span class='ocrx_word' id='word_1_567' title='bbox 2059 2017 2214 2058; x_wconf 78' lang='lat' dir='ltr'>Apulis...</span> 
     </span>
     <span class='ocr_line' id='line_1_77' title="bbox 1208 2070 2215 2111; baseline 0.001 -10"><span class='ocrx_word' id='word_1_568' title='bbox 1208 2082 1223 2097; x_wconf 94' lang='lat'>»</span> <span class='ocrx_word' id='word_1_569' title='bbox 1248 2075 1310 2101; x_wconf 86' lang='lat' dir='ltr'>tam</span> <span class='ocrx_word' id='word_1_570' title='bbox 1335 2071 1536 2110; x_wconf 84' lang='lat' dir='ltr'>presentibus</span> <span class='ocrx_word' id='word_1_571' title='bbox 1558 2080 1656 2111; x_wconf 86' lang='lat' dir='ltr'>quam</span> <span class='ocrx_word' id='word_1_572' title='bbox 1680 2071 1795 2101; x_wconf 82' lang='lat' dir='ltr'>suturis</span> <span class='ocrx_word' id='word_1_573' title='bbox 1818 2070 1968 2102; x_wconf 84' lang='lat' dir='ltr'>fidelihus</span> <span class='ocrx_word' id='word_1_574' title='bbox 1988 2071 2055 2102; x_wconf 89' lang='lat' dir='ltr'>suis</span> <span class='ocrx_word' id='word_1_575' title='bbox 2077 2071 2215 2111; x_wconf 83' lang='lat' dir='ltr'>gratiam</span> 
     </span>
     <span class='ocr_line' id='line_1_78' title="bbox 1209 2124 2212 2164; baseline 0.001 -10"><span class='ocrx_word' id='word_1_576' title='bbox 1209 2136 1223 2150; x_wconf 70' lang='lat' dir='ltr'>n</span> <span class='ocrx_word' id='word_1_577' title='bbox 1247 2133 1336 2154; x_wconf 88' lang='lat' dir='ltr'>suam</span> <span class='ocrx_word' id='word_1_578' title='bbox 1362 2129 1393 2154; x_wconf 87' lang='lat' dir='ltr'>et</span> <span class='ocrx_word' id='word_1_579' title='bbox 1414 2124 1530 2155; x_wconf 83' lang='lat' dir='ltr'>honam</span> <span class='ocrx_word' id='word_1_580' title='bbox 1551 2124 1758 2156; x_wconf 86' lang='lat' dir='ltr'>voluntatem.</span> <span class='ocrx_word' id='word_1_581' title='bbox 1780 2124 1910 2155; x_wconf 90' lang='lat' dir='ltr'>Dudum</span> <span class='ocrx_word' id='word_1_582' title='bbox 1929 2124 1968 2155; x_wconf 85' lang='lat' dir='ltr'>ad</span> <span class='ocrx_word' id='word_1_583' title='bbox 1987 2124 2212 2164; x_wconf 87' lang='lat' dir='ltr'>petitionem...</span> 
     </span>
     <span class='ocr_line' id='line_1_79' title="bbox 1210 2178 2217 2217; baseline 0.002 -9"><span class='ocrx_word' id='word_1_584' title='bbox 1210 2191 1222 2202; x_wconf 87' lang='lat'><strong>·</strong></span> <span class='ocrx_word' id='word_1_585' title='bbox 1247 2195 1285 2199; x_wconf 98' lang='lat'><strong>—</strong></span> <span class='ocrx_word' id='word_1_586' title='bbox 1316 2178 1387 2208; x_wconf 87' lang='lat' dir='ltr'>Dat.</span> <span class='ocrx_word' id='word_1_587' title='bbox 1414 2178 1564 2217; x_wconf 79' lang='lat' dir='ltr'>Neapoli,</span> <span class='ocrx_word' id='word_1_588' title='bbox 1591 2186 1678 2209; x_wconf 89' lang='lat' dir='ltr'>anno</span> <span class='ocrx_word' id='word_1_589' title='bbox 1703 2178 1834 2209; x_wconf 91' lang='lat' dir='ltr'>Domini</span> <span class='ocrx_word' id='word_1_590' title='bbox 1859 2182 2076 2216; x_wconf 70' lang='lat' dir='ltr'>uccmvnw,</span> <span class='ocrx_word' id='word_1_591' title='bbox 2103 2186 2217 2210; x_wconf 82' lang='lat' dir='ltr'>mense</span> 
     </span>
     <span class='ocr_line' id='line_1_80' title="bbox 1209 2231 2217 2271; baseline 0.004 -13"><span class='ocrx_word' id='word_1_592' title='bbox 1209 2243 1222 2258; x_wconf 69' lang='lat'>‚2</span> <span class='ocrx_word' id='word_1_593' title='bbox 1243 2231 1343 2270; x_wconf 86' lang='lat' dir='ltr'>junii,</span> <span class='ocrx_word' id='word_1_594' title='bbox 1361 2235 1471 2262; x_wconf 83' lang='lat' dir='ltr'>octavo</span> <span class='ocrx_word' id='word_1_595' title='bbox 1487 2231 1649 2271; x_wconf 84' lang='lat' dir='ltr'>ejusdem,</span> <span class='ocrx_word' id='word_1_596' title='bbox 1668 2231 1801 2271; x_wconf 86' lang='lat' dir='ltr'>septime</span> <span class='ocrx_word' id='word_1_597' title='bbox 1819 2231 2023 2268; x_wconf 87' lang='lat' dir='ltr'>indictionis,</span> <span class='ocrx_word' id='word_1_598' title='bbox 2041 2239 2217 2271; x_wconf 85' lang='lat' dir='ltr'>regnorum</span> 
     </span>
     <span class='ocr_line' id='line_1_81' title="bbox 1210 2283 2216 2323; baseline 0.004 -11"><span class='ocrx_word' id='word_1_599' title='bbox 1210 2295 1222 2311; x_wconf 75' lang='lat' dir='ltr'>n</span> <span class='ocrx_word' id='word_1_600' title='bbox 1248 2290 1426 2315; x_wconf 86' lang='lat' dir='ltr'>nostrorum</span> <span class='ocrx_word' id='word_1_601' title='bbox 1455 2285 1474 2315; x_wconf 84' lang='lat' dir='ltr'><strong>J</strong></span> <span class='ocrx_word' id='word_1_602' title='bbox 1479 2285 1709 2316; x_wconf 88' lang='lat' dir='ltr'>erosolimitani</span> <span class='ocrx_word' id='word_1_603' title='bbox 1734 2293 1821 2316; x_wconf 85' lang='lat' dir='ltr'>anno</span> <span class='ocrx_word' id='word_1_604' title='bbox 1852 2285 1962 2323; x_wconf 87' lang='lat' dir='ltr'>tertio,</span> <span class='ocrx_word' id='word_1_605' title='bbox 1993 2283 2104 2316; x_wconf 87' lang='lat' dir='ltr'>Sicilie</span> <span class='ocrx_word' id='word_1_606' title='bbox 2140 2292 2216 2316; x_wconf 83' lang='lat' dir='ltr'>vero</span> 
     </span>
     <span class='ocr_line' id='line_1_82' title="bbox 1209 2337 1547 2376; baseline 0.003 -10"><span class='ocrx_word' id='word_1_607' title='bbox 1209 2350 1223 2363; x_wconf 68' lang='grc' dir='ltr'>»ι</span> <span class='ocrx_word' id='word_1_608' title='bbox 1247 2342 1359 2376; x_wconf 85' lang='lat' dir='ltr'>quarto</span> <span class='ocrx_word' id='word_1_609' title='bbox 1377 2337 1511 2368; x_wconf 87' lang='lat' dir='ltr'>decimo.</span> <span class='ocrx_word' id='word_1_610' title='bbox 1534 2350 1547 2363; x_wconf 74' lang='lat' dir='ltr'><em>n</em></span> 
     </span>
    </p>

    <p class='ocr_par' dir='ltr' id='par_1_18' title="bbox 1208 2389 2216 2751">
     <span class='ocr_line' id='line_1_83' title="bbox 1248 2389 2216 2430; baseline 0.003 -11"><span class='ocrx_word' id='word_1_611' title='bbox 1248 2403 1262 2417; x_wconf 64' lang='grc' dir='ltr'>«ι</span> <span class='ocrx_word' id='word_1_612' title='bbox 1282 2390 1426 2428; x_wconf 88' lang='lat' dir='ltr'>Carolus,</span> <span class='ocrx_word' id='word_1_613' title='bbox 1442 2391 1499 2421; x_wconf 90' lang='lat' dir='ltr'>Dei</span> <span class='ocrx_word' id='word_1_614' title='bbox 1512 2392 1614 2430; x_wconf 84' lang='lat' dir='ltr'>gratia</span> <span class='ocrx_word' id='word_1_615' title='bbox 1630 2401 1682 2421; x_wconf 85' lang='lat' dir='ltr'>rex</span> <span class='ocrx_word' id='word_1_616' title='bbox 1695 2390 1817 2429; x_wconf 89' lang='lat' dir='ltr'>Sicilie,</span> <span class='ocrx_word' id='word_1_617' title='bbox 1829 2390 1964 2422; x_wconf 84' lang='lat' dir='ltr'>ducatus</span> <span class='ocrx_word' id='word_1_618' title='bbox 1975 2389 2132 2430; x_wconf 84' lang='lat' dir='ltr'>Apulie...</span> <span class='ocrx_word' id='word_1_619' title='bbox 2149 2393 2216 2422; x_wconf 78' lang='lat' dir='ltr'>tam</span> 
     </span>
     <span class='ocr_line' id='line_1_84' title="bbox 1209 2443 2216 2484; baseline 0.001 -11"><span class='ocrx_word' id='word_1_620' title='bbox 1209 2455 1222 2469; x_wconf 73' lang='grc' dir='ltr'>ι</span> <span class='ocrx_word' id='word_1_621' title='bbox 1247 2445 1448 2482; x_wconf 83' lang='lat' dir='ltr'>presentibus</span> <span class='ocrx_word' id='word_1_622' title='bbox 1466 2453 1562 2484; x_wconf 83' lang='lat' dir='ltr'>quam</span> <span class='ocrx_word' id='word_1_623' title='bbox 1581 2444 1698 2475; x_wconf 79' lang='lat' dir='ltr'>tuturis</span> <span class='ocrx_word' id='word_1_624' title='bbox 1714 2444 1864 2476; x_wconf 84' lang='lat' dir='ltr'>fidelibus</span> <span class='ocrx_word' id='word_1_625' title='bbox 1883 2445 1950 2475; x_wconf 91' lang='lat' dir='ltr'>suis</span> <span class='ocrx_word' id='word_1_626' title='bbox 1969 2443 2107 2483; x_wconf 86' lang='lat' dir='ltr'>gratiam</span> <span class='ocrx_word' id='word_1_627' title='bbox 2122 2451 2216 2474; x_wconf 84' lang='lat' dir='ltr'>suam</span> 
     </span>
     <span class='ocr_line' id='line_1_85' title="bbox 1209 2495 2215 2537; baseline 0.003 -12"><span class='ocrx_word' id='word_1_628' title='bbox 1209 2508 1222 2524; x_wconf 75' lang='lat' dir='ltr'>n</span> <span class='ocrx_word' id='word_1_629' title='bbox 1247 2501 1277 2527; x_wconf 87' lang='lat' dir='ltr'>et</span> <span class='ocrx_word' id='word_1_630' title='bbox 1294 2498 1410 2527; x_wconf 87' lang='lat' dir='ltr'>bonam</span> <span class='ocrx_word' id='word_1_631' title='bbox 1428 2497 1636 2529; x_wconf 89' lang='lat' dir='ltr'>voluntatem.</span> <span class='ocrx_word' id='word_1_632' title='bbox 1654 2498 1736 2530; x_wconf 92' lang='lat' dir='ltr'>Cum</span> <span class='ocrx_word' id='word_1_633' title='bbox 1753 2498 1788 2528; x_wconf 91' lang='lat' dir='ltr'>in</span> <span class='ocrx_word' id='word_1_634' title='bbox 1804 2498 1974 2537; x_wconf 87' lang='lat' dir='ltr'>signum...</span> <span class='ocrx_word' id='word_1_635' title='bbox 1990 2514 2030 2520; x_wconf 93' lang='lat'><strong>—</strong></span> <span class='ocrx_word' id='word_1_636' title='bbox 2045 2497 2118 2528; x_wconf 80' lang='lat' dir='ltr'>Dat.</span> <span class='ocrx_word' id='word_1_637' title='bbox 2135 2495 2215 2528; x_wconf 76' lang='lat' dir='ltr'>Nea-</span> 
     </span>
     <span class='ocr_line' id='line_1_86' title="bbox 1209 2549 2213 2590; baseline 0 -10"><span class='ocrx_word' id='word_1_638' title='bbox 1209 2561 1223 2575; x_wconf 79' lang='lat'>»</span> <span class='ocrx_word' id='word_1_639' title='bbox 1246 2549 1322 2589; x_wconf 87' lang='lat' dir='ltr'>poli,</span> <span class='ocrx_word' id='word_1_640' title='bbox 1341 2560 1396 2589; x_wconf 87' lang='lat' dir='ltr'>per</span> <span class='ocrx_word' id='word_1_641' title='bbox 1411 2552 1601 2590; x_wconf 81' lang='lat' dir='ltr'>magistrum</span> <span class='ocrx_word' id='word_1_642' title='bbox 1618 2551 1831 2582; x_wconf 89' lang='lat' dir='ltr'>Guillelmum</span> <span class='ocrx_word' id='word_1_643' title='bbox 1850 2551 1889 2582; x_wconf 88' lang='lat' dir='ltr'>de</span> <span class='ocrx_word' id='word_1_644' title='bbox 1906 2549 2103 2588; x_wconf 82' lang='lat' dir='ltr'>Farunville,</span> <span class='ocrx_word' id='word_1_645' title='bbox 2119 2549 2213 2581; x_wconf 75' lang='lat' dir='ltr'>deca-</span> 
     </span>
     <span class='ocr_line' id='line_1_87' title="bbox 1209 2601 2214 2642; baseline 0.001 -10"><span class='ocrx_word' id='word_1_646' title='bbox 1209 2615 1222 2630; x_wconf 71' lang='lat' dir='ltr'>n</span> <span class='ocrx_word' id='word_1_647' title='bbox 1247 2613 1325 2634; x_wconf 88' lang='lat' dir='ltr'>num</span> <span class='ocrx_word' id='word_1_648' title='bbox 1339 2605 1446 2634; x_wconf 69' lang='lat' dir='ltr'>sancti</span> <span class='ocrx_word' id='word_1_649' title='bbox 1463 2605 1549 2634; x_wconf 87' lang='lat' dir='ltr'>Petri</span> <span class='ocrx_word' id='word_1_650' title='bbox 1563 2606 1705 2635; x_wconf 83' lang='lat' dir='ltr'>virorum</span> <span class='ocrx_word' id='word_1_651' title='bbox 1719 2604 1981 2641; x_wconf 86' lang='lat' dir='ltr'>Aurelianensis,</span> <span class='ocrx_word' id='word_1_652' title='bbox 1994 2601 2089 2642; x_wconf 80' lang='lat' dir='ltr'>regni</span> <span class='ocrx_word' id='word_1_653' title='bbox 2103 2601 2214 2634; x_wconf 89' lang='lat' dir='ltr'>Sicilie</span> 
     </span>
     <span class='ocr_line' id='line_1_88' title="bbox 1209 2655 2214 2696; baseline 0.003 -12"><span class='ocrx_word' id='word_1_654' title='bbox 1209 2668 1222 2683; x_wconf 77' lang='grc' dir='ltr'>ι</span> <span class='ocrx_word' id='word_1_655' title='bbox 1247 2657 1563 2694; x_wconf 83' lang='lat' dir='ltr'>vicecancellarium,</span> <span class='ocrx_word' id='word_1_656' title='bbox 1579 2667 1666 2689; x_wconf 93' lang='lat' dir='ltr'>anno</span> <span class='ocrx_word' id='word_1_657' title='bbox 1686 2658 1820 2689; x_wconf 89' lang='lat' dir='ltr'>Domini</span> <span class='ocrx_word' id='word_1_658' title='bbox 1843 2661 2007 2693; x_wconf 57' lang='lat' dir='ltr'>ucccxxffl,</span> <span class='ocrx_word' id='word_1_659' title='bbox 2025 2655 2078 2687; x_wconf 83' lang='lat' dir='ltr'>die</span> <span class='ocrx_word' id='word_1_660' title='bbox 2090 2657 2214 2696; x_wconf 81' lang='lat' dir='ltr'>xxvja-</span> 
     </span>
     <span class='ocr_line' id='line_1_89' title="bbox 1208 2708 2211 2751; baseline 0.001 -11"><span class='ocrx_word' id='word_1_661' title='bbox 1208 2722 1221 2737; x_wconf 72' lang='grc' dir='ltr'>ι</span> <span class='ocrx_word' id='word_1_662' title='bbox 1246 2711 1365 2747; x_wconf 83' lang='lat' dir='ltr'>nnarii,</span> <span class='ocrx_word' id='word_1_663' title='bbox 1384 2711 1476 2742; x_wconf 87' lang='lat' dir='ltr'>tertie</span> <span class='ocrx_word' id='word_1_664' title='bbox 1495 2712 1693 2750; x_wconf 87' lang='lat' dir='ltr'>indictionis,</span> <span class='ocrx_word' id='word_1_665' title='bbox 1713 2712 1806 2751; x_wconf 85' lang='lat' dir='ltr'>regni</span> <span class='ocrx_word' id='word_1_666' title='bbox 1823 2711 1924 2744; x_wconf 88' lang='lat' dir='ltr'>nostri</span> <span class='ocrx_word' id='word_1_667' title='bbox 1939 2718 2025 2742; x_wconf 85' lang='lat' dir='ltr'>anno</span> <span class='ocrx_word' id='word_1_668' title='bbox 2041 2708 2176 2741; x_wconf 87' lang='lat' dir='ltr'>decimo.</span> <span class='ocrx_word' id='word_1_669' title='bbox 2197 2721 2211 2737; x_wconf 77' lang='grc' dir='ltr'>ι</span> 
     </span>
    </p>

    <p class='ocr_par' dir='ltr' id='par_1_19' title="bbox 1206 2763 2212 2859">
     <span class='ocr_line' id='line_1_90' title="bbox 1248 2763 2212 2805; baseline 0 -12"><span class='ocrx_word' id='word_1_670' title='bbox 1248 2775 1261 2790; x_wconf 73' lang='grc' dir='ltr'><strong>α</strong></span> <span class='ocrx_word' id='word_1_671' title='bbox 1276 2764 1324 2794; x_wconf 88' lang='lat' dir='ltr'><strong>Ad</strong></span> <span class='ocrx_word' id='word_1_672' title='bbox 1341 2769 1393 2794; x_wconf 86' lang='lat' dir='ltr'>tue</span> <span class='ocrx_word' id='word_1_673' title='bbox 1404 2765 1680 2804; x_wconf 84' lang='lat' dir='ltr'>supplicationis...</span> <span class='ocrx_word' id='word_1_674' title='bbox 1699 2783 1738 2790; x_wconf 90' lang='lat'>—</span> <span class='ocrx_word' id='word_1_675' title='bbox 1752 2765 1822 2796; x_wconf 89' lang='lat' dir='ltr'>Dat.</span> <span class='ocrx_word' id='word_1_676' title='bbox 1835 2764 1919 2805; x_wconf 91' lang='lat' dir='ltr'>apud</span> <span class='ocrx_word' id='word_1_677' title='bbox 1936 2763 2212 2801; x_wconf 82' lang='lat' dir='ltr'>Urbemveterem,</span> 
     </span>
     <span class='ocr_line' id='line_1_91' title="bbox 1206 2816 1782 2859; baseline 0.007 -13"><span class='ocrx_word' id='word_1_678' title='bbox 1206 2825 1224 2846; x_wconf 81' lang='lat' dir='ltr'>x</span> <span class='ocrx_word' id='word_1_679' title='bbox 1239 2816 1392 2847; x_wconf 85' lang='lat' dir='ltr'>kalendas</span> <span class='ocrx_word' id='word_1_680' title='bbox 1408 2818 1505 2857; x_wconf 85' lang='lat' dir='ltr'>junii,</span> <span class='ocrx_word' id='word_1_681' title='bbox 1522 2827 1608 2850; x_wconf 86' lang='lat' dir='ltr'>auno</span> <span class='ocrx_word' id='word_1_682' title='bbox 1625 2823 1748 2859; x_wconf 89' lang='lat' dir='ltr'>quarto.</span> <span class='ocrx_word' id='word_1_683' title='bbox 1769 2831 1782 2846; x_wconf 78' lang='grc' dir='ltr'>ι</span> 
     </span>
    </p>
   </div>
   <div class='ocr_carea' id='block_1_13' title="bbox 1237 2938 1700 2968">
    <p class='ocr_par' dir='ltr' id='par_1_20' title="bbox 1237 2938 1700 2968">
     <span class='ocr_line' id='line_1_92' title="bbox 1237 2938 1700 2968; baseline 0.002 -6"><span class='ocrx_word' id='word_1_684' title='bbox 1237 2938 1269 2968; x_wconf 85' lang='lat' dir='ltr'>(l)</span> <span class='ocrx_word' id='word_1_685' title='bbox 1287 2938 1327 2963; x_wconf 75' lang='lat' dir='ltr'>Ms</span> <span class='ocrx_word' id='word_1_686' title='bbox 1344 2946 1348 2962; x_wconf 83' lang='lat' dir='ltr'>z</span> <span class='ocrx_word' id='word_1_687' title='bbox 1366 2943 1431 2963; x_wconf 69' lang='lat' dir='ltr'>anm</span> <span class='ocrx_word' id='word_1_688' title='bbox 1446 2947 1479 2963; x_wconf 74' lang='lat' dir='ltr'>eu</span> <span class='ocrx_word' id='word_1_689' title='bbox 1496 2941 1549 2964; x_wconf 78' lang='lat' dir='ltr'>lieu</span> <span class='ocrx_word' id='word_1_690' title='bbox 1566 2941 1599 2965; x_wconf 73' lang='lat' dir='ltr'>tle</span> <span class='ocrx_word' id='word_1_691' title='bbox 1615 2948 1700 2966; x_wconf 75' lang='lat' dir='ltr'>anno.</span> 
     </span>
    </p>
   </div>
  </div>
 </body>
</html>
