2393 3496
190 314 246 343 796
937 304 1170 335 tiliGtSTRES
1192 304 1246 333 DE
1269 302 1452 332 NICOLAS
1476 303 1531 332 [V.

191 390 258 407 scin
279 388 314 408 ac
331 377 494 407 rector-ibn.
519 377 659 405 locorum
680 372 873 402 monasterio
893 371 998 400 Sancti
1015 370 1136 399 Antimi
1153 369 1192 398 de

191 431 383 462 Montelcino
400 430 613 467 subjectorum
638 425 767 455 mandat
795 428 827 452 nt
851 423 1017 462 praedictis
1035 422 1193 460 prioribus

189 491 218 514 et
239 484 390 514 fratribus
412 481 535 511 ordinis
558 479 665 509 Sancti
690 476 855 507 Gnillelmi
881 481 1032 514 tanquam
1049 474 1193 504 membra

189 537 281 576 capiti
302 539 439 574 pareant.

228 591 264 619 In
283 599 310 618 e.
328 598 369 618 m.
389 586 547 616 universis
564 583 707 613 vassallis
731 582 916 612 monasterii
941 581 1048 611 Sancti
1066 580 1193 610 Antimi

189 643 226 673 de
246 640 438 671 Montelcino
466 638 597 667 mandat
614 641 646 666 ut
664 636 834 674 praedictis
854 635 1011 673 prioribus
1033 638 1064 663 et
1088 633 1191 662 fratri-

189 696 246 724 bus
261 692 383 724 ordinis
403 691 508 720 Sancti
528 688 694 719 Guilleltni
719 688 811 718 solita
833 687 995 717 fidelitatis
1008 687 1193 724 juramenta

188 752 217 777 et
233 746 362 777 servitia
381 747 550 782 praestent.

765 893 892 926 Orvieto,
911 892 942 919 25
959 893 1025 918 aosit
1042 890 1120 918 1291.

255 895 374 925 5906

223 958 354 985 Fac-ultas
371 957 537 984 absolvendi
554 966 568 983 a
584 957 730 983 canonicis
746 956 909 982 sententiis.
926 954 1010 987 (stt-0.
1027 954 1069 985 46,
1087 962 1112 980 c.
1131 953 1190 983 453,

186 1009 203 1035 f.
223 1008 256 1035 S‘.)
277 1008 324 1039 r0.)

227 1133 246 1140 ..
278 1112 411 1147 episcopo
444 1111 592 1147 Bnryensi
627 1107 808 1137 facultatem
839 1105 984 1136 concedit
1008 1103 1193 1134 absolvendi

188 1162 353 1201 praelatos,
373 1166 522 1196 rectores,
540 1161 688 1197 clericos,
705 1159 859 1198 capitula,
885 1162 1076 1194 conventus,
1096 1157 1193 1186 abba-

187 1217 289 1251 tissas,
305 1216 483 1254 priorissas,
501 1213 656 1244 moniales
677 1212 853 1250 But-gensis
869 1211 1006 1241 civitatis
1023 1215 1053 1240 et
1069 1210 1192 1240 dioece-

186 1270 229 1298 sis
245 1269 283 1298 ab
304 1267 657 1302 excommunicationis,
675 1265 896 1304 suspensionis
910 1263 1110 1294 etinterdicti
1122 1271 1193 1292 sen-

188 1322 304 1358 tentiis,
322 1322 354 1350 in
370 1329 421 1350 eos
434 1320 489 1359 qui
501 1320 659 1349 decimam
674 1322 887 1358 proventuum
904 1317 1192 1348 ecclesiasticorum

186 1374 346 1413 quondam
367 1373 516 1409 Alsonso,
536 1372 603 1410 regi
622 1371 778 1402 Castellae
797 1376 826 1401 et
847 1371 1013 1409 Legionis,
1034 1370 1067 1400 in
1087 1370 1191 1400 subsi-

186 1430 274 1458 dium
292 1432 402 1458 contra
419 1427 610 1456 Sarracenos
627 1426 756 1456 Africae
771 1435 789 1455 a
804 1434 884 1464 papa
895 1425 1050 1463 Gregorio
1065 1425 1104 1454 Χο
1117 1433 1192 1454 con-

184 1490 304 1512 cessam
328 1489 391 1510 non
409 1480 562 1510 solverint
582 1479 655 1509 latis
676 1488 695 1509 a
715 1480 818 1509 bonae
839 1479 1013 1509 memoriae
1035 1477 1191 1514 Fredolo,

186 1535 335 1565 Ovetensi
352 1534 507 1572 episcopo,
525 1533 692 1564 collectore
710 1533 852 1572 ejusdem
865 1532 1009 1562 decimae
1026 1541 1080 1571 per
1096 1532 1192 1562 Inno-

186 1589 327 1619 centium
344 1588 411 1617 Vum
427 1587 585 1625 deputato.

227 1654 240 1669 «ι
252 1642 319 1671 Tua
336 1641 427 1671 nobis
443 1640 666 1670 fraternitas...
683 1657 721 1662 -—
734 1641 805 1670 Dat.
821 1639 903 1679 apud
915 1639 1192 1675 Urbemveterem,

186 1705 240 1725 vni
256 1694 409 1724 kalendas
428 1693 634 1733 septembris,
653 1701 740 1723 anno
755 1698 879 1732 quarto.
897 1704 911 1720 n

256 1852 373 1882 590⁷

221 1914 405 1941 Franciscum
432 1914 584 1945 Accursii,
605 1914 682 1948 ¹iuris
707 1914 800 1940 civilis
823 1914 985 1947 doctorem,
1011 1915 1045 1941 ab
1062 1915 1194 1942 usuraria

185 1964 246 1991 labe
264 1964 395 1990 absolvit.
416 1963 498 1996 (Rae.
516 1963 564 1997 46,
579 1971 605 1990 ο.
623 1963 687 1994 454,
707 1963 724 1990 f.
744 1963 777 1990 89
794 1970 836 1994 r⁰·,
856 1963 974 1997 Porrfl„
991 1963 1100 1997 23808.)

767 1851 894 1886 Orvieto‚
911 1852 940 1879 31
959 1853 1027 1878 aout
1044 1851 1122 1879 1291.

224 2067 384 2096 Francisco
397 2091 402 2103 ‚
417 2067 503 2103 juris
521 2066 623 2096 civilis
641 2066 771 2102 doctori,
788 2067 848 2096 οἱυιῖ
866 2067 1059 2096 Bononiensi.
1079 2078 1093 2093 (ι
1115 2066 1195 2096 Gra-

189 2125 254 2149 tum
271 2123 317 2149 est
333 2119 424 2149 nobis
440 2124 470 2149 et
486 2118 649 2158 placidum
666 2119 762 2157 quod,
778 2119 816 2148 ad
833 2119 925 2149 illuni
942 2120 997 2158 qui
1012 2124 1041 2149 te
1058 2120 1131 2150 fecit
1145 2129 1196 2150 va-

187 2173 306 2211 riisque
324 2173 443 2202 dotavit
461 2173 668 2209 muneribus,
686 2174 754 2210 ejus
772 2172 939 2202 humiliter
951 2196 959 2209 ,
978 2177 1011 2203 ut
1025 2174 1194 2211 convenit,

187 2226 442 2264 recognoscendo
472 2226 628 2256 beneficia
642 2249 650 2263 ,
684 2227 807 2256 sincere
837 2227 1014 2256 devotionis
1050 2227 1196 2265 dirigens

186 2279 352 2316 aflectum,
372 2288 433 2317 qne
454 2288 511 2309 sua
529 2283 606 2308 snut
624 2279 732 2318 queris
750 2288 785 2309 ac
801 2279 962 2309 dimittere
978 2280 1120 2309 intendis
1137 2290 1195 2311 no-

187 2334 301 2368 citura,
321 2338 354 2362 ut
369 2342 404 2362 ex
423 2333 481 2363 hoc
500 2342 554 2371 per
572 2341 771 2371 consequens
787 2333 882 2362 saluti
900 2335 1024 2372 proprie
1038 2334 1196 2364 'efficatius

188 2385 355 2415 consulere
376 2387 467 2424 juxta
492 2391 581 2415 tunm
608 2385 770 2416 laudabile
794 2386 989 2416 desidorium
1013 2388 1135 2425 valeas;
1161 2390 1194 2418 in

188 2448 251 2477 quo
271 2444 355 2469 tanto
375 2439 527 2469 libentius
547 2439 604 2469 tibi
625 2440 734 2469 adesse
755 2440 893 2478 benigne
911 2441 1059 2471 volumus
1076 2447 1196 2480 quanto

188 2493 273 2522 circa
288 2493 319 2522 id
336 2492 455 2530 dignus
469 2502 500 2523 es
517 2493 634 2523 favoris
649 2493 751 2531 gratia
769 2494 932 2532 plenioris.
947 2495 984 2524 In
1000 2499 1106 2525 nostra
1120 2505 1197 2526 sane

188 2546 378 2576 constitutus
402 2546 562 2585 presentia
584 2547 719 2576 retulisti
743 2548 826 2585 quod
849 2552 879 2577 tu
904 2552 933 2577 et
953 2549 1115 2586 quondam
1135 2551 1195 2579 Ac-

187 2599 331 2635 eursius,
349 2598 457 2637 legum
479 2598 604 2635 doctor,
627 2604 713 2638 pater
735 2605 826 2637 tuns,
848 2601 940 2639 cujus
960 2601 1051 2631 heres
1068 2603 1195 2640 existis,

187 2652 387 2682 scholaribus
405 2653 517 2683 vestris
535 2662 614 2692 quos
630 2653 789 2684 auditores
808 2663 861 2693 pro
882 2659 1021 2694 tempore
1038 2655 1196 2686 habuistis

187 2707 330 2736 diversas
347 2707 555 2745 pecuniarum
570 2716 712 2736 summas
727 2712 838 2738 mutuo
854 2709 1052 2746 exhibentes,
1068 2710 1107 2739 ab
1120 2710 1197 2748 ipsis

191 2759 261 2790 talis
287 2764 428 2799 pretextu
453 2761 555 2790 mutui
580 2760 686 2790 fuistis
710 2762 845 2791 assecuti
873 2763 1009 2801 majores
1030 2762 1196 2800 collectas,

191 2814 285 2843 etiam
303 2823 320 2843 a
338 2813 506 2844 nonnullis
524 2824 560 2844 ex
578 2819 675 2852 pacto.
691 2824 787 2853 quam
804 2815 882 2845 alias
897 2816 937 2846 ab
953 2817 1074 2846 eisdem
1090 2825 1198 2847 conse-

187 2868 252 2897 cuti
276 2867 451 2897 scolaribus
474 2868 631 2905 fuissetis,
652 2877 731 2907 quas
756 2868 902 2898 collectas
923 2871 1078 2909 maJ‘ores,
1101 2871 1194 2900 etiam

189 2930 261 2951 cum
279 2921 338 2952 hoc
355 2921 450 2951 fiebat
466 2925 627 2956 mutuum,
643 2922 715 2952 licet
732 2922 820 2952 nulla
836 2932 930 2962 super
946 2924 1004 2954 boc
1019 2924 1199 2954 interveni-

189 2979 234 3003 ret
255 2975 371 3013 pactio,
392 2975 544 3013 consequi
567 2976 753 3014 sperabatis.
778 2976 879 3015 Super
901 2986 963 3015 quo
988 2986 1023 3007 ac
1047 2987 1143 3017 super
1164 2987 1199 3008 eo

1278 373 1419 406 preterea
1435 369 1511 406 quia
1527 372 1557 397 tn
1575 376 1610 397 ac
1626 367 1710 397 idem
1726 371 1826 405 pater,
1842 374 1896 405 pro
1911 366 2202 396 examinationibus
2218 375 2285 398 sco-

1276 420 1391 449 larium
1410 421 1465 459 qui
1483 420 1669 450 licentiandi
1690 424 1781 449 erant
1798 420 1831 449 in
1853 419 2001 449 facultate
2024 418 2120 455 legali
2137 420 2280 458 qnando-

1275 482 1336 511 qne
1350 482 1484 502 munera
1499 473 1677 512 recepistisg
1695 473 1748 502 tibi
1763 473 1802 502 ob
1817 473 1874 501 ista
1890 471 2119 501 conscientiam
2138 471 2279 509 babenti¹

1275 531 1310 555 nt
1325 527 1458 562 asseris,
1477 526 1729 559 remordentem,
1751 533 1874 555 necnon
1894 529 1924 554 et
1943 524 2039 554 saluti
2057 525 2167 555 anime
2186 526 2282 564 patris

1276 580 1407 618 predicti
1424 579 1596 617 apostolica
1612 579 1776 608 subveniri
1795 578 1993 617 providentia
2010 577 2194 616 suppliciter
2213 587 2283 617 pos-

1277 632 1392 662 tulasti⁴
1409 633 1485 662 Tuis
1499 633 1598 669 igitur
1614 632 1759 671 precibus
1777 631 1994 662 favorabiliter
2009 635 2201 666 annuentes,
2217 639 2284 670 pre·-

1275 686 1415 715 sentinm
1435 685 1491 714 tihi
1507 685 1695 715 auctoritate
1711 685 1916 715 concedimus
1935 689 1968 714 nt
1983 693 2019 714 ea
2035 693 2096 723 que
2117 693 2170 723 per
2191 688 2219 714 te
2234 683 2284 715 vel

1274 739 1379 777 ipsum
1403 743 1522 777 patrem
1543 748 1561 768 a
1579 738 1755 768 scolaribus
1770 737 1836 768 illis
1852 738 1906 776 qui
1927 737 2034 768 clerici
2052 737 2228 767 existebant
2245 737 2284 768 de

1275 791 1366 820 bonis
1379 791 1601 821 ecclesiasticis
1614 791 1761 830 predictis
1777 790 1880 821 modis
1895 791 2021 820 obtenta
2034 790 2132 820 ruisse
2149 799 2285 820 noscun-

1275 848 1326 873 tur
1344 844 1481 873 retinere
1498 843 1600 874 libere
1616 843 1732 879 valeas,
1751 853 1809 874 nec
1827 844 1866 873 ad
1886 844 2013 874 illorum
2035 843 2283 882 restitutionem,

1274 905 1368 934 quam
1387 896 1425 925 de
1438 896 1608 934 apostolica
1623 901 1784 935 potestate,
1798 906 1860 936 qua
1876 897 1954 935 ipsis
1968 905 2137 935 prosumus
2149 896 2284 933 clericis,
2320 909 2323 914 ’

1276 949 1412 979 totaliter
1428 949 1484 979 tibi
1497 950 1702 987 remittimus,
1719 950 1857 979 tenearis
1869 949 2073 988 aliquatenus
2086 949 2284 987 faciendam,

1274 1003 1318 1031 ita
1335 1006 1439 1032 tamen
1464 1002 1546 1042 qnod
1566 1011 1583 1031 a
1599 1002 1773 1033 scolaribus
1793 1002 1883 1032 laicis
1900 1012 1955 1041 per
1971 1006 1999 1033 te
2026 1002 2076 1032 vel
2092 1002 2211 1032 dictum
2229 1007 2282 1042 pa'-
2320 1002 2323 1006 '

1276 1055 1459 1091 treni,dttn1
1479 1057 1611 1092 viveret,
1631 1056 1736 1085 taliter
1751 1056 1859 1086 habita
1876 1061 1905 1085 et
1921 1061 2077 1095 percepta,
2095 1055 2122 1086 si
2140 1054 2287 1085 videlicet

1275 1109 1373 1139 iidem
1398 1109 1472 1139 sciri
1498 1113 1553 1139 ant
1576 1109 1717 1139 inveniri
1740 1114 1905 1148 poterunt,
1928 1110 2096 1139 restituere
2117 1117 2285 1148 procnres;

1274 1162 1419 1202 alioquin
1434 1163 1488 1192 illa
1501 1163 1536 1192 in
1553 1163 1619 1201 pios
1635 1172 1710 1193 usus
1723 1162 1812 1199 alios,
1824 1163 1914 1201 juxta
1925 1162 2143 1193 consessorum
2159 1166 2286 1192 tuorum

1275 1216 1448 1246 consilium
1479 1220 1509 1246 et
1544 1225 1600 1247 sue
1630 1215 1850 1253 dispositionis
1881 1216 2052 1245 arbitrium
2064 1240 2071 1253 ‚
2107 1218 2284 1245 convertas.

1276 1269 1368 1299 Nulli
1387 1278 1477 1308 ergo,
1495 1274 1572 1307 etc.,
1590 1272 1698 1300 nostre
1714 1269 1931 1299 concessionis
1948 1272 1977 1297 et
1993 1267 2209 1305 remissionis,
2226 1271 2284 1298 eto.

1276 1323 1348 1353 Dat.
1368 1323 1452 1362 apud
1472 1323 1747 1360 Urbemveterem,
1767 1332 1788 1352 11
1808 1322 1962 1352 kalendas
1980 1321 2181 1360 septembris,
2199 1328 2286 1352 anno

1276 1382 1399 1415 quarto.
1419 1389 1431 1403 n

1346 1523 1464 1552 5908
1857 1521 1985 1555 Ori-teto,
2002 1520 2035 1548 23
2051 1521 2119 1548 aout
2135 1519 2213 1548 1291.

1312 1584 1490 1611 Bononiensi
1506 1584 1643 1619 episcopo
1657 1583 1773 1610 mandat
1789 1587 1820 1610 nt
1835 1583 1869 1610 de
1887 1582 2102 1618 receptionibus
2120 1582 2147 1609 in
2163 1582 2287 1609 eeclesia

1277 1632 1399 1660 Sanctae
1416 1633 1522 1659 Mariae
1539 1633 1573 1659 de
1595 1632 1702 1667 Carpo,
1724 1632 1899 1659 Mutinensis
1914 1631 2072 1663 dioecesis,
2087 1639 2119 1658 ac
2136 1630 2172 1657 de
2187 1630 2288 1658 vendi-

1276 1682 1405 1709 tionibus
1433 1686 1462 1708 et
1490 1681 1714 1708 alienationibus
1743 1682 1884 1708 bonorum
1915 1682 1939 1715 ej
1947 1681 2046 1707 usdem
2083 1680 2224 1707 ccclesiae
2251 1679 2288 1707 ab

1276 1731 1389 1757 Actone
1410 1731 1530 1757 Galvani
1547 1731 1631 1757 factis
1655 1731 1795 1765 inquirat,
1818 1734 1847 1756 et
1870 1730 2051 1764 receptiones
2066 1737 2120 1756 non
2138 1729 2287 1761 canonice,

1277 1779 1458 1806 venditiones
1473 1783 1502 1806 et
1516 1779 1705 1806 alienationes
1720 1780 1749 1806 in
1759 1778 1895 1805 damnum
1906 1779 2046 1805 ecclesiae
2059 1777 2150 1805 factas
2161 1770 2287 1806 revocet.

1279 1829 1361 1861 ‹Rc-o.
1379 1829 1422 1861 46,
1440 1837 1468 1855 c.
1485 1829 1547 1864 455,
1563 1828 1581 1855 f.
1601 1829 1635 1855 89
1651 1832 1699 1861 r0.)

1324 1925 1493 1955 Venerabili
1507 1924 1606 1963 fratri
1624 1947 1643 1954 ..
1661 1925 1794 1962 episcopo
1810 1924 2002 1953 Bononiensi.

1323 1992 1335 2005 ι
1358 1978 1422 2009 Sua
1444 1978 1537 2008 nobis
1557 1978 1731 2009 dilectus...
1751 1993 1792 2001 —
1814 1978 1885 2007 Dat.
1907 1977 1992 2016 apud
2011 1976 2287 2014 Urbemveterem,

1277 2042 1296 2062 x
1313 2032 1468 2062 kalendas
1486 2031 1686 2071 septembris,
1705 2040 1791 2062 anno
1809 2034 1932 2072 quarto.
1955 2043 1968 2058 n

1351 2191 1469 2220 5909
1862 2188 1989 2220 Orvieto,
2005 2188 2040 2216 26
2054 2189 2122 2215 aont
2138 2187 2216 2215 1291.

1314 2255 1434 2285 Manno,
1452 2254 1507 2281 civi
1529 2253 1710 2286 Florentino,
1731 2251 1864 2280 concedit
1884 2254 1916 2278 ut
1941 2258 2045 2277 usuras
2067 2254 2097 2277 et
2118 2250 2195 2277 male‘
2210 2253 2291 2286 parta

1279 2308 1451 2332 testamento
1471 2303 1562 2338 patris
1585 2301 1760 2338 pauperibus
1780 2301 1927 2335 assignata
1952 2299 1979 2326 in
2001 2299 2163 2326 subsidium
2185 2299 2290 2326 Terrae

1279 2354 1402 2380 Sanctae
1419 2355 1578 2379 convertat..
1600 2351 1684 2384 (Rae.
1701 2350 1749 2384 46,
1767 2358 1792 2376 c.
1809 2348 1875 2382 456,
1892 2349 1911 2375 f.
1929 2349 1964 2376 89
1980 2355 2023 2381 v⁰;
2042 2348 2164 2381 Pon-u„
2179 2347 2290 2381 23802.)

1320 2451 1429 2480 Manno
1440 2471 1447 2485 ,
1467 2449 1531 2486 filio
1552 2452 1578 2477 et
1595 2446 1698 2476 heredi
1714 2446 1869 2484 quondam
1886 2445 2006 2474 Heri-ici
2023 2444 2210 2482 Infranqni,
2228 2444 2291 2474 civi

1279 2505 1466 2533 Florentino.

1321 2569 1334 2584 α
1358 2556 1508 2586 Exhibita
1527 2554 1620 2585 nohis
1642 2558 1731 2585 tua...
1752 2570 1789 2574 —
1809 2552 1882 2582 Dat.
1901 2551 1986 2590 apud
2006 2551 2287 2586 Urbemveterem,

1280 2620 1322 2640 vti
1340 2609 1494 2640 kalendas
1510 2607 1708 2647 septembris,
1726 2614 1812 2636 anno
1831 2611 1954 2644 quarto.
1975 2617 1987 2632 n
2031 2649 2034 2651 v

1352 2768 1473 2797 5910

1317 2832 1502 2867 Dispensatio
1518 2839 1606 2866 super
1617 2830 1730 2857 defectu
1742 2829 1851 2856 ordinis
1863 2833 1890 2854 et
1902 2827 2061 2863 pluralitate
2073 2826 2290 2854 beneficiorum.

1281 2882 1364 2916 (Rau.
1382 2882 1424 2912 46,
1443 2890 1468 2907 c.
1488 2880 1549 2914 457,
1566 2881 1585 2906 f.
1603 2879 1636 2907 39
1654 2880 1706 2912 νο.)

1786 2766 1914 2799 Orvieto,
1930 2765 1946 2792 6
1961 2763 2124 2799 septembre
2141 2763 2220 2791 1291.

1323 2979 1464 3015 anistro
1484 2977 1644 3006 Guillelnto
1662 2976 1698 3005 de
1714 2975 1830 3009 Insula,
1851 2974 1962 3003 rectori
1975 2973 2093 3002 ecclesie
2107 2972 2142 3001 de
2161 2971 2293 3001 Wermo-
