2393 3496
880 309 1092 340 austerae
1115 298 1330 338 CAMERAL.
2099 308 2163 337 945

63 384 191 418 mandat
205 386 239 413 ut
255 380 393 411 dominis
409 380 503 410 castri
520 379 651 416 Radefi,
669 379 695 408 si
717 378 756 408 ab
772 378 817 407 eis
835 376 979 415 requisiti
996 376 1065 405 fue-

48 438 139 472 rint,
156 435 306 466 assistant
323 436 432 463 contra
447 432 599 462 homines
619 431 758 468 Cassiae,
781 429 838 469 qui
853 433 962 459 contra
979 428 1066 458 idem

64 495 197 524 castrum
214 486 372 517 hostiliter
387 485 565 523 processuri
581 487 665 514 sunt.

104 555 118 572 σ
181 559 219 564 —-
235 540 306 569 Dat.
320 539 432 575 Rome,
450 538 533 576 apud
551 538 704 568 Sanctum
722 537 864 573 Petrum,
885 544 939 565 x111
956 533 1068 564 kalen-

65 597 118 628 das
135 594 223 630 maii,
244 601 329 622 anno
348 592 451 630 primo
467 591 524 630 (l).
544 602 557 617 »

104 649 140 679 In
152 656 179 677 e.
194 655 236 676 m.
257 668 277 675 ..
295 644 426 680 vicario,
442 643 575 673 consilio
591 647 621 673 et
635 643 800 673 communi
818 639 1024 671 Accumulae.

104 702 141 732 In
156 709 183 730 e.
203 708 244 728 m.
265 721 285 728 ..
304 697 435 733 vicario,
452 696 587 727 consilio
605 700 635 726 et
650 695 816 726 communi
834 694 1014 724 Leonissae.

135 883 246 914 '⁷001
556 879 761 913 Sami-pierre,
780 879 811 905 17
827 878 896 905 avril
914 878 992 905 1288.

82 935 204 974 'Jacobo
225 944 391 978 Pocapaliae
412 943 607 970 castellaniam
623 941 710 968 castri
731 941 818 971 Kiae,
843 941 966 967 Ortanae
988 940 1069 966 dioe-

66 995 147 1026 cesis,
165 993 326 1021 committit.
347 991 416 1025 (Fol.
432 992 447 1018 6
463 992 515 1024 νο.)

103 1097 209 1127 Dilecto
225 1095 289 1132 silio
311 1094 406 1132 fratri
429 1094 535 1124 Jacobo
554 1093 727 1131 Pocapaiie,
745 1092 933 1121 cubiculario
953 1096 1067 1129 nostro,

67 1150 222 1182 castellano
238 1150 331 1178 castri
346 1148 369 1177 K
374 1150 409 1178 ie.

106 1215 120 1231 ι
143 1202 223 1233 Cum
246 1201 284 1231 de
306 1200 496 1230 fidelitate...
519 1217 557 1221 ——
577 1200 648 1228 Dat.
672 1199 794 1236 Rome,
815 1199 899 1238 apud
916 1199 1070 1229 Sanctum

67 1257 206 1293 Petrum,
225 1264 266 1284 xv
280 1254 434 1284 kalendas
451 1253 538 1289 maii,
556 1262 641 1283 anno
659 1253 772 1291 primo.
794 1264 806 1279 ›

138 1440 253 1470 '2002

103 1502 145 1530 De
160 1502 259 1529 eodem
276 1502 402 1536 negotio.
419 1501 490 1535 (Fol.
508 1501 523 1528 6
538 1503 589 1533 νῦ.)

562 1438 767 1473 Saint-Pierre‚
787 1439 817 1465 17
834 1439 904 1465 avril
920 1438 998 1465 1288.

106 1605 223 1634 Dilectis
240 1604 314 1641 filiis
331 1604 504 1633 hominibus
522 1604 616 1632 castri
634 1603 697 1633 Kie.

109 1669 122 1685 σ
138 1657 218 1688 Cum
234 1657 272 1687 de
289 1657 481 1687 fidelitate...
500 1673 538 1680 —
553 1657 624 1686 Dat.
642 1660 677 1686 ut
692 1665 798 1695 supra.
817 1666 832 1686 ι

137 1841 252 1870 ’7003
559 1841 768 1876 Saint-Pierre,
784 1820 818 1868 ᾗ
834 1841 903 1868 avril
922 1841 1000 1868 1288.

101 1903 141 1932 Ut
154 1904 285 1931 animalia
300 1913 351 1940 pro
370 1905 516 1940 pontificis
537 1905 670 1939 coquinis
687 1905 715 1931 in
733 1912 822 1938 regno
843 1903 957 1930 Siciliae
977 1907 1073 1938 empta

69 1952 102 1980 ab
119 1954 194 1980 omni
209 1953 358 1980 exactione
374 1954 417 1980 vel
433 1954 553 1989 pedagio
569 1954 736 1980 liberentur.
757 1952 827 1985 (Fol.
844 1953 859 1979 6
875 1954 925 1987 vo.)

104 2055 212 2085 Dilecto
241 2057 305 2093 filio
327 2057 426 2086 nobili
453 2057 521 2086 viro
544 2057 590 2093 tt,
620 2057 726 2086 comiti
750 2056 935 2085 Atrebatensi
957 2061 983 2084 et
1009 2065 1072 2085 una

62 2106 132 2138 'etim
144 2111 306 2138 venerabili
324 2112 539 2147 fratre'nostro
557 2110 602 2145 G⁴⁷
621 2111 754 2146 episcopo
770 2108 938 2145 Sabineasi,
958 2113 1073 2146 aposto-

67 2160 119 2191 lice
137 2163 212 2191 sedis
232 2163 342 2199 lemno,
367 2163 469 2200 bajulo
495 2163 583 2199 ream·
608 2162 709 2191 Sicilie
730 2171 782 2200 per
799 2171 962 2190 romanam
981 2162 1071 2190 eccie-

66 2215 142 2245 siam
157 2216 325 2246 constitum.
345 2216 430 2246 Licet
451 2215 629 2252 BerarduS,
647 2215 844 2245 camerarius
866 2224 975 2253 papae,
999 2223 1072 2244 suas

64 2265 182 2298 litteras
191 2268 289 2298 semel
302 2269 456 2298 etiterum
469 2268 507 2298 ad
520 2268 669 2298 eumdem
682 2267 826 2306 bajulum
840 2268 988 2304 misisset,
1000 2267 1071 2306 qui-

65 2319 122 2352 hus
136 2321 175 2350 ab
186 2330 221 2351 eo
235 2321 344 2360 petivit
357 2326 391 2351 ut
407 2322 465 2351 tria
479 2321 569 2350 milia
583 2329 765 2359 porcorum,
782 2330 834 2350 sex
850 2321 942 2350 milia
957 2326 1071 2350 castra-

65 2375 165 2404 torum
178 2378 207 2403 et
223 2374 475 2412 quadringentos
489 2374 584 2403 hoves
598 2378 628 2403 et
644 2383 764 2407 vaccas,
780 2374 813 2403 in
827 2382 926 2412 regno
940 2373 1071 2404 Siciliae

65 2425 104 2456 ab
115 2427 241 2456 Andrea
253 2427 395 2456 Casellae
409 2431 439 2457 et
454 2427 576 2456 Thoma
589 2426 725 2463 Cimini,
736 2427 858 2456 civibus
873 2431 902 2456 et
914 2431 1069 2457 mercato-

65 2479 151 2510 ribus
168 2480 323 2517 Reatinis,
342 2484 448 2518 empta
464 2485 494 2509 et
510 2480 645 2510 emenda
662 2489 716 2518 pro
734 2480 893 2518 pontificis
909 2480 1068 2518 coquinis,

69 2541 104 2564 ex
116 2543 213 2572 regno
226 2534 295 2563 sine
310 2533 420 2572 aliquo
441 2534 614 2564 exactionis
629 2539 659 2563 et
679 2534 803 2572 pedagii
824 2543 922 2564 onere
934 2534 1069 2569 extrahi,

66 2590 102 2616 ut
123 2586 213 2624 solet,
245 2587 458 2625 permitteret,
483 2591 590 2617 tamen
608 2588 646 2616 R.
663 2587 820 2616 animalia
837 2591 911 2616 ante
930 2594 1070 2625 receptas

22 2644 26 2648 ’
68 2637 197 2669 Berardi
220 2639 340 2669 litteras
366 2644 470 2679 empta
495 2649 559 2670 non
584 2640 678 2670 modo
704 2649 768 2670 non
792 2640 884 2669 evehi
906 2641 1067 2679 permisit,

68 2691 121 2722 sed
136 2693 228 2722 etiam
248 2693 317 2732 capi
335 2693 424 2731 secit;
443 2702 541 2732 quare
559 2702 637 2732 papa
654 2695 683 2723 ei
699 2693 830 2723 mandat
846 2697 879 2723 ut
896 2702 932 2723 ea
948 2703 1069 2723 merca-

67 2745 186 2776 toribus
200 2748 353 2784 restituat,
369 2746 487 2785 hosque
499 2755 554 2785 per
568 2751 710 2785 patentes
723 2747 844 2776 litteras
855 2747 911 2777 illa
923 2748 993 2777 sine
1006 2747 1070 2777 ulla

66 2800 225 2830 exactione
244 2800 290 2829 vel
309 2800 445 2838 pedagio
462 2800 629 2830 extrahere
645 2802 816 2839 permittat.

106 2864 120 2881 ι
134 2852 230 2883 Solite
238 2853 445 2891 benignitatis
457 2853 658 2883 affectu...-
670 2854 741 2883 Dat.
755 2863 773 2883 x
785 2853 937 2884 kalendas
949 2854 1039 2884 maii.
1054 2865 1068 2882 ν)

94 2977 128 3009 (1)
143 2977 195 3002 Les
210 2978 341 3009 premiers
356 2980 426 3002 mots
442 2978 476 3002 de
491 2979 517 3002 la
531 2979 611 3002 lettre
625 2981 673 3003 ont
689 2979 811 3010 disparu.

205 3035 276 3062 Res.
298 3035 421 3063 Nicoms
440 3034 493 3062 IV.

1221 374 1338 402 ‘2004

1184 435 1351 462 Tudertinis
1368 435 1482 462 mandat
1502 438 1533 462 ut
1553 438 1678 462 castrum
1702 434 1784 461 Jovis
1807 435 1900 469 ipsius
1925 435 2049 461 dominis
2074 436 2160 462 resti-

1149 487 1240 511 tuant.
1259 483 1329 516 (Fol.
1347 484 1361 510 7
1380 484 1427 518 νῦ.)

1650 372 1856 407 Sam—pierre,
1873 373 1907 399 22
1922 373 1990 400 avril
2008 373 2085 400 1288.

1190 580 1309 607 Dilectis
1323 579 1400 615 filiis
1416 601 1434 608 ..
1453 580 1601 616 potestati,
1619 579 1745 607 coasilio
1761 583 1787 607 et
1804 579 1959 607 communi
1975 577 2157 609 Tudertim's.

1150 631 1231 661 Cum
1255 632 1339 660 inter
1360 632 1536 661 Henricum
1562 636 1591 661 et
1614 631 1797 661 Violantem
1814 631 1994 669 Rodulphi,
2014 640 2049 660 ex
2072 635 2159 669 parte

1151 693 1232 719 una,
1253 689 1281 713 et
1300 684 1557 722 Raynaldntium
1576 684 1806 722 Neapoleonis,
1825 693 1860 712 ex
1878 683 1994 720 altera,
2012 684 2160 713 dominos

1150 737 1244 766 castri
1259 737 1358 772 Jovis,
1377 737 1571 766 Ameliensis
1592 737 1761 774 dioecesis,
1782 737 1926 774 quaestio
1942 741 2049 766 exorta
2065 740 2158 773 esset,

1151 791 1234 819 cives
1255 790 1435 823 Tudertini,
1467 794 1626 827 praetextu
1656 790 1844 819 concordiae
1871 790 1956 819 inter
1983 798 2034 819 eos
2061 790 2160 819 resor-

1150 843 1306 879 mandae,
1326 846 1464 871 castrum
1484 842 1523 871 ab
1546 842 1591 871 eis
1610 846 1818 880 receperunt,
1836 842 1932 880 idque
1957 851 2043 872 nunc
2068 842 2160 871 resti-

1153 900 1240 925 tuere
1253 895 1423 932 denegant.
1442 895 1547 930 Quare
1559 894 1624 923 illis
1638 903 1716 932 papa
1730 894 1858 923 mandat
1875 894 2002 924 utillud
2019 895 2166 924 dominis

1152 949 1339 984 restituant,
1359 948 1504 986 alioquin
1521 952 1631 977 contra
1651 956 1703 977 eos
1729 947 1937 985 spiritualiter
1956 951 1985 976 et
2005 952 2163 986 tempora·-

1151 1002 1224 1031 liter
1242 1010 1446 1040 processurus
1465 1001 1516 1029 sit.

1194 1067 1207 1081 α
1226 1055 1337 1093 Nuper
1352 1054 1534 1093 accepimus
1552 1053 1674 1092 quod...
1693 1070 1730 1075 —
1749 1054 1819 1084 Dat.
1839 1058 1994 1092 utsupra.
2015 1065 2029 1079 n

1226 1212 1345 1243 &005

1188 1276 1231 1303 De
1247 1277 1348 1303 eodem
1366 1277 1488 1311 negotio.
1508 1276 1579 1309 (Foi.
1596 1277 1610 1302 7
1631 1277 1683 1308 νο.)

1651 1211 1860 1245 Saint-Pierre,
1876 1212 1909 1238 ⁶22
1926 1212 1996 1238 avril
2013 1212 2091 1240 1288.

1194 1373 1314 1402 Ditectzsss
1333 1373 1408 1409 filiis
1432 1373 1586 1401 nobilibus
1606 1373 1683 1400 viris
1704 1372 1829 1400 Heurico
1852 1377 1877 1400 et
1904 1372 2035 1400 Violantt
2054 1371 2164 1402 Radal-

1151 1426 1207 1463 pht‘
1222 1431 1248 1454 et
1264 1426 1469 1463 Rayaaldntio
1485 1425 1690 1462 Neapoteums,
1707 1426 1841 1453 dominis
1857 1426 1950 1454 castrt
1965 1425 2057 1464 Jovts,
2077 1427 2164 1454 Ame-

1156 1479 1259 1508 liensis
1275 1480 1411 1508 ἀίσσω-ἵε.
1439 1478 1490 1507 Eis
1507 1477 1634 1507 inhibet
1656 1487 1695 1507 ne
1715 1487 1747 1507 se
1766 1482 1820 1506 aut
1843 1481 1981 1507 castrum
2000 1487 2092 1507 suum
2111 1482 2166 1507 aut

1155 1532 1251 1570 hujus
1267 1531 1460 1560 habitatores
1471 1531 1657 1560 Tudertinis
1673 1531 1873 1565 submittant,
1891 1530 1939 1560 vel
1951 1531 1995 1560 eis
2010 1531 2041 1559 in
2055 1530 2166 1569 aliquo

1154 1589 1297 1625 pareant,
1311 1585 1453 1623 alioquin
1466 1589 1576 1614 contra
1589 1584 1674 1622 ipsos
1688 1583 1895 1622 spiritualiter
1910 1587 1939 1614 et
1952 1584 2166 1622 temporaliter

1154 1647 1359 1677 processurus
1378 1638 1427 1667 sit.

1197 1704 1210 1719 α
1230 1692 1340 1730 Nuper
1355 1691 1536 1730 accepimus
1552 1690 1673 1730 quod...
1691 1708 1729 1713 -
1743 1691 1813 1720 Dat.
1834 1694 1866 1720 ut
1883 1699 1990 1729 supra.
2010 1703 2023 1717 »

1228 1851 1343 1879 *2003

1190 1916 1234 1943 De
1251 1920 1326 1943 statu
1344 1915 1469 1942 civitatis
1485 1914 1644 1941 Esculanae
1661 1914 1853 1941 reformando.
1871 1914 1942 1947 (Fol.
1960 1915 1974 1940 7
1992 1916 2042 1947 vo.)

1650 1849 1860 1883 Saint-Picrre,
1878 1849 1911 1875 22
1928 1850 1999 1875 avril
2017 1849 2094 1877 1288.

1195 2013 1306 2041 Dilecto
1325 2013 1391 2048 filio
1416 2012 1462 2047 F„
1491 2012 1579 2039 electo
1605 2011 1771 2047 i'porz'enst,
1801 2010 1933 2039 Mart-hie
1956 2011 2166 2040 Anclzonitane

1154 2066 1276 2095 rectori.
1296 2077 1310 2091 «
1329 2065 1522 2102 Recepimus
1538 2063 1658 2092 litteras
1677 2072 1755 2100 qnas
1772 2063 1885 2091 misisti
1904 2068 1933 2092 et
1952 2072 2061 2092 earum
2082 2067 2167 2093 teno-

1154 2128 1221 2148 rem
1242 2118 1336 2157 pleno
1353 2117 1541 2155 collegimus
1564 2116 1746 2153 intellectu,
1768 2116 1996 2145 sollicitudinis
2022 2117 2164 2146 studium

1154 2181 1216 2211 quo
1233 2173 1317 2201 circa
1331 2170 1469 2200 civitatis
1487 2170 1641 2199 Esculane
1659 2170 1802 2207 regimen
1820 2169 1975 2198 adhihere
1991 2169 2167 2199 dinosceris

1153 2225 1454 2256 commendantes...
1471 2223 1619 2253 Ceterum
1641 2222 1718 2251 visis
1735 2226 1765 2251 et
1785 2222 1956 2260 diligenter
1976 2223 2167 2252 examinatis

1153 2277 1296 2307 articulis
1308 2286 1402 2315 super
1415 2276 1618 2306 reformando
1635 2276 1734 2313 ipsius
1749 2275 1886 2304 civitatis
1904 2280 1984 2303 statu
1998 2275 2165 2312 consectis,

1153 2341 1232 2371 quos
1252 2341 1315 2360 uua
1337 2340 1410 2359 cum
1429 2330 1575 2369 predictis
1592 2329 1706 2358 litteris
1723 2329 1905 2365 destinasti,
1931 2329 1987 2357 tihi
2009 2338 2103 2367 super
2121 2328 2167 2359 eis

1154 2386 1257 2416 taliter
1269 2385 1419 2414 duximus
1433 2383 1691 2422 respondendum
1705 2395 1710 2411 :
1725 2383 1821 2421 quod,
1837 2392 1910 2411 cum
1925 2382 1963 2411 de
1977 2383 2165 2420 hujusmodi

1153 2437 1391 2469 reformationis
1409 2437 1550 2466 faciende
1566 2437 1691 2474 negotio
1704 2441 1733 2464 et
1747 2436 1815 2473 ejus
1829 2436 2079 2464 circumstantiis
2091 2435 2164 2464 uni-

1152 2493 1252 2522 versis
1267 2490 1425 2530 pleuetihi
1442 2494 1586 2519 constare
1599 2489 1701 2518 valeat
1716 2498 1751 2517 ac
1765 2488 1881 2517 melius
1897 2493 1926 2517 et
1939 2488 2065 2517 facilius
2078 2497 2167 2518 com-

1153 2545 1352 2585 prehendere
1378 2543 1477 2582 possis
1500 2542 1620 2572 civium
1643 2542 1840 2579 voluntatem,
1863 2542 1902 2571 ad
1926 2542 2166 2571 reformandum

1152 2603 1182 2629 et
1201 2597 1435 2637 pacificandum
1454 2597 1592 2635 predicte
1606 2595 1745 2625 civitatis
1760 2600 1875 2624 statum
1894 2595 2072 2624 secundum
2091 2595 2167 2623 arti-

1152 2652 1241 2681 culos
1257 2650 1467 2688 snpradictos,
1482 2652 1534 2678 aut
1546 2649 1624 2678 alios
1642 2653 1732 2686 prout
1750 2647 1862 2677 utilius
1882 2649 2000 2677 videris
2018 2648 2166 2685 expedire

1153 2703 1290 2740 negotio,
1309 2701 1436 2730 studeas
1452 2710 1544 2739 opem
1562 2709 1755 2739 operamque
1772 2700 2042 2737 sollicitainjnxta
2058 2700 2165 2728 (latam

1153 2757 1211 2786 tihi
1236 2766 1253 2785 a
1280 2755 1420 2784 Domino
1447 2754 1581 2792 gratiam
1605 2753 1768 2783 exhihere.
1794 2753 1926 2782 Proviso
1945 2753 2029 2791 quod
2055 2753 2085 2781 in
2108 2752 2165 2782 linc

1154 2814 1239 2848 parte
1269 2813 1378 2838 contra
1406 2807 1477 2846 jura
1505 2807 1553 2836 vel
1582 2806 1840 2845 jurisdictionem
1876 2815 2006 2835 romane
2034 2806 2166 2835 ecclesie

1154 2862 1255 2892 nichil
1282 2862 1407 2900 penitus
1430 2864 1644 2899 attemptetur.
1670 2860 1762 2895 Quod
1787 2864 1893 2888 autem
1913 2868 2008 2897 snper
2032 2859 2089 2887 hoc
2112 2858 2165 2896 agi

1152 2916 1321 2953 contigerit
1341 2915 1432 2944 nohis
1455 2923 1510 2952 per
1532 2918 1600 2943 tuas
1621 2913 1742 2942 litteras
1761 2921 1825 2942 non
1849 2912 1977 2941 differas
1998 2911 2163 2941 intimare.

1153 2971 1224 3000 Dat.
1244 2974 1399 3007 utsupra.
1419 2978 1434 2994 »

1970 3030 2023 3057 119
