2393 3496
883 309 1135 357 QUATRIEME
1159 306 1313 346 ANNEE.
2087 309 2146 338 857

128 399 243 430 6380
315 393 676 427 Sainte-Marie-Majeure,
696 390 726 417 13
743 388 893 416 decembre
912 387 988 413 1‘291.

94 464 135 491 De
146 459 379 497 possessionibus
389 455 597 490 archiepiscopi
609 458 637 480 et
649 452 801 488 praepositi
812 448 1059 477 Ebredunensium

61 508 253 549 permutandis
269 507 352 540 (Rau.
370 506 412 536 46,
431 514 456 531 c.
474 504 535 534 65⁶2,
554 504 571 530 t‘.
592 503 635 529 131
655 505 700 532 1‘0.)

99 635 121 643 ..
139 612 269 650 episcopo
292 608 478 645 Vapincensl.
498 618 511 632 «ι
530 604 743 634 Insinuarunt
759 601 850 631 nobis
870 597 1061 629 venerabilis

61 668 155 698 frater
176 662 274 693 nostri
296 683 318 690 ..
343 659 599 697 archiepiscopus
617 665 652 685 ac
670 655 775 685 dilecti
800 654 857 683 filii
879 677 898 682 ..
919 651 1061 691 preposi-

63 724 111 750 tus
135 721 164 748 et
186 713 360 754 capitulum
380 712 624 742 Ebredunenses
646 709 730 747 quod
752 707 899 738 canonici
919 705 1062 735 Ebredu-

62 780 185 804 nenses,
205 771 329 808 propter
348 765 588 796 Ebredunensis
604 763 735 793 ecclesie
752 761 985 792 cotidianarum
1002 759 1061 788 dis-

64 823 271 855 tributionum
306 819 500 854 carentiam,
533 817 566 846 in
599 825 636 846 ea
661 815 798 844 residere
832 822 895 843 non
928 817 1061 848 curant,

62 879 168 917 sicque
184 874 315 906 ecclesia
333 873 401 911 ipsa
416 871 530 901 debitis
548 869 709 908 obsequiis
726 867 931 898 defraudatur
955 870 984 896 et
1010 866 1062 896 de»-

61 932 176 962 sectum
200 928 317 967 patitur
340 934 404 955 non
430 924 590 954 modicum
611 924 645 952 in
670 921 800 951 divinis.
826 920 919 951 Unde
946 919 1060 954 iidem,

61 981 242 1023 hujusmodi
264 979 428 1018 cupientes
444 977 589 1016 supplere
604 975 780 1010 desectum,
798 978 937 1003 castrum
954 971 1062 1002 Sancti

61 1034 251 1070 clementis,
271 1031 512 1062 Ebredunensis
532 1029 680 1063 diocesis,
707 1036 779 1057 cum
796 1027 922 1065 juribus
945 1030 975 1055 et
993 1034 1062 1063 per-

63 1088 203 1121 tinentiis
221 1087 303 1122 suis,
322 1085 361 1115 ad
376 1083 554 1123 capitulum
573 1083 677 1121 ipsum
696 1081 874 1119 pertinens,
891 1078 975 1117 qnod
996 1088 1064 1117 pre—

61 1142 178 1183 positus
194 1139 295 1178 ipsius
311 1137 443 1168 ecclesie
460 1140 545 1166 tenet
562 1135 596 1164 in
613 1134 818 1173 prebendam,
837 1141 910 1162 cum
930 1131 1063 1170 quibus-

62 1197 134 1226 dam
169 1191 438 1223 decimationibus
474 1194 504 1220 et
538 1189 609 1218 aliis
647 1187 825 1218 redditibus
867 1186 906 1215 ad
945 1185 1064 1214 dictum

62 1248 337 1286 archiepiscopum
354 1244 616 1274 Ebrednneusem
633 1241 864 1280 spectantibus,
885 1249 957 1269 cum
983 1239 1066 1268 dicto

63 1300 298 1339 archiepiscopo
317 1302 497 1337 permutare
513 1295 697 1329 intendant,
715 1303 751 1324 ex
769 1303 832 1333 qua
847 1293 976 1332 quidem
996 1301 1064 1330 per-

64 1355 236 1386 mutatione
262 1352 430 1391 proveniet
458 1351 543 1390 quod
567 1349 688 1379 dictum
713 1353 851 1377 castrum
874 1347 985 1385 poterit
1012 1355 1066 1384 per

65 1408 199 1439 eundem
215 1405 490 1444 archiepiscopum
506 1403 621 1433 melius
637 1407 667 1432 et
681 1402 824 1431 securius
839 1399 1021 1438 gubernari,
1038 1403 1068 1428 et

64 1462 101 1492 de
116 1460 299 1490 reddituum
318 1463 348 1488 et
364 1457 615 1487 decimationum
632 1456 773 1493 ipsarum
790 1454 996 1492 proventibus
1013 1461 1067 1491 po-

67 1513 137 1544 terit
163 1512 223 1551 ipsi
249 1510 408 1550 preposito
436 1509 506 1549 plus
529 1509 562 1537 in
589 1508 764 1537 redditibus
790 1507 947 1544 assignari
971 1515 1067 1545 quam

65 1567 125 1597 sibi
140 1566 177 1596 de
192 1566 276 1595 dicto
286 1568 400 1600 castro,
413 1563 537 1602 juribus
549 1567 579 1592 et
591 1561 792 1600 pertinentiis
806 1561 874 1599 ejus
886 1560 988 1590 valeat
1000 1568 1069 1598 pro-

65 1619 188 1655 venire,
216 1626 246 1647 et
275 1616 508 1647 nichilominus
533 1615 565 1645 id
593 1615 676 1654 quod
697 1614 877 1644 remanebit
903 1613 1068 1643 residuum

65 1672 204 1704 converti
218 1671 331 1711 poterit
348 1671 379 1700 in
398 1670 552 1709 predictas
570 1668 747 1698 cotidianas
762 1668 1004 1697 distributiones
1018 1676 1068 1697 ca-

66 1725 189 1756 nonicis
203 1729 232 1754 et
247 1724 372 1754 clericis
385 1723 486 1762 ipsius
503 1722 633 1752 ecclesie
654 1722 685 1751 in
713 1730 749 1751 ea
767 1721 976 1760 personaliter
991 1721 1069 1750 resi-

67 1778 213 1809 dentibus
230 1776 473 1806 ministrandas.
495 1776 599 1812 Quare
617 1774 710 1804 nobis
727 1774 894 1804 humiliter
911 1773 1070 1812 supplica-

68 1835 142 1862 runt
166 1835 199 1861 ut
217 1830 354 1860 faciendi
372 1829 639 1868 permutationem
666 1827 852 1867 hujusmodi
873 1827 911 1856 ad
930 1827 1070 1857 invicem

68 1884 112 1915 eis
129 1884 293 1914 licentiam
310 1882 483 1913 concedere
499 1882 716 1920 dignaremur.
733 1881 817 1917 Quia
834 1889 908 1910 vero
925 1880 1017 1910 nobis
1033 1881 1070 1910 de

69 1937 232 1977 premissis
248 1945 311 1966 non
327 1940 450 1966 constat
471 1940 502 1965 et
526 1944 581 1974 per
606 1939 633 1965 te
658 1935 697 1965 de
717 1934 784 1964 illis
808 1934 955 1964 volumus
982 1934 1070 1963 infir-

69 1990 166 2026 mari,
184 1989 375 2020 fraternitati
396 1994 466 2025 tue,
485 1988 523 2018 de
541 1997 603 2027 qua
621 1988 747 2027 plenam
773 1988 806 2017 in
826 1988 964 2018 Domino
988 1988 1071 2018 fidu-

70 2044 143 2074 tiam
158 2043 351 2080 obtinemus,
373 2051 427 2081 per
445 2041 615 2081 apostolica
629 2042 745 2080 scripta
760 2041 950 2071 mandamus
966 2043 1071 2080 quati-

70 2100 149 2134 nus,
166 2096 333 2135 inquirens
352 2104 447 2134 super
468 2094 630 2133 premissis
646 2094 831 2132 diligentius
848 2096 1027 2131 veritatem,
1045 2095 1071 2125 si

69 2150 230 2180 inveneris
246 2148 329 2188 quod
349 2158 384 2178 ex
402 2148 637 2187 permutatione
655 2148 852 2186 hujusmodi,
867 2148 893 2177 si
911 2149 980 2178 fieri
997 2157 1071 2178 con-

71 2203 179 2241 tingat,
198 2202 299 2232 eidem
318 2201 450 2232 ecclesie
465 2201 597 2236 utilitas,
616 2201 780 2240 presertim
796 2202 899 2239 quoad
915 2211 1072 2239 augmen-

73 2260 138 2286 tum
161 2255 265 2286 cultus
286 2255 390 2285 divini
410 2254 570 2292 nominis,
588 2253 691 2284 valeat
710 2255 895 2293 provenire,
916 2254 993 2284 illud
1019 2265 1073 2293 per

71 2313 138 2339 tuas
163 2308 285 2338 litteras
310 2308 425 2338 harum
453 2308 570 2338 seriem
595 2306 797 2337 continentes
820 2308 912 2337 nobis
937 2307 1074 2337 fideliter

71 2362 220 2392 intimare
243 2371 404 2401 procures
433 2362 504 2391 Dat.
523 2362 640 2397 Rome,
659 2361 740 2399 apud
762 2361 911 2390 Sanctam
937 2361 1073 2390 Mariam

74 2416 239 2455 Majorem,
258 2416 365 2446 idibus
379 2415 570 2451 decembris,
587 2423 672 2444 anno
688 2419 809 2453 quarto.
830 2425 844 2441 »

143 2574 254 2603 6381

110 2636 292 2672 Dispensatio
309 2636 489 2663 matrimonii.
506 2636 587 2670 (Rea.
605 2636 647 2667 46,
664 2644 689 2662 c.
706 2636 768 2670 653,
785 2636 804 2663 f.
823 2635 869 2662 131
888 2635 934 2670 ro.)

397 2573 750 2607 Sainte-Marie-Majeure,
768 2573 782 2600 3
795 2573 908 2607 janvier
925 2572 1003 2599 1292.

122 2761 140 2769 ..
165 2740 264 2777 priori
284 2739 512 2776 predicatorum
534 2739 682 2767 Januensi
708 2737 838 2767 mandat
860 2741 895 2767 ut
916 2746 990 2766 cum
1014 2737 1077 2766 Ro-

75 2790 298 2828 lando,fi·at1·e
315 2791 431 2820 nobilis
452 2791 511 2820 viri
528 2790 696 2820 Albertatii
714 2790 882 2829 Spinolae,
901 2794 931 2820 et
952 2789 1077 2825 Rubea,

75 2849 149 2875 nata
165 2844 280 2875 nobilis
297 2844 357 2873 viri
374 2843 515 2883 Philippi
530 2843 568 2873 de
586 2842 688 2880 Volta,
706 2843 829 2873 civibus
843 2841 1079 2878 Januensibus,

77 2897 237 2937 dispenset
253 2901 296 2933 ut,
309 2905 373 2927 non
389 2897 533 2927 obstante
549 2900 661 2935 quarto
676 2895 964 2934 consanguinitatis
979 2893 1080 2932 gradu

77 2958 139 2988 quo
157 2949 317 2988 conjuncti
333 2953 419 2987 sunt,
429 2949 468 2978 ad
480 2949 635 2978 sedandas
652 2948 826 2978 discordias
838 2949 921 2977 inter
934 2950 1081 2986 parentes

77 3011 149 3033 suos
166 3007 298 3039 exortas,
316 3002 562 3032 matrimonium
578 3002 765 3032 contrahere
782 3001 917 3031 valeant.

220 3068 292 3095 Rso.
312 3067 435 3096 NICOLAS
455 3067 506 3096 IV.

1185 394 1198 409 «
1218 383 1309 411 Lecta
1328 390 1433 411 coram
1453 380 1581 410 nobis...
1605 396 1643 400 —
1660 378 1731 406 Dat.
1753 377 1870 411 Rome,
1891 375 1973 413 apud
1996 375 2143 405 Sanctam

1145 436 1278 465 Mariam
1299 435 1453 473 Majorem
1465 456 1473 470 ,
1494 443 1527 462 111
1545 440 1645 462 nonas
1659 429 1811 470 januarii,
1826 437 1911 458 anno
1928 433 2050 467 quarto.
2071 441 2083 455 n

1215 619 1330 647 6382

1180 680 1364 715 Dispensatio
1380 687 1467 713 super
1482 679 1594 704 defectu
1606 678 1725 704 ordinis.
1739 676 1822 709 (Rau.
1836 676 1879 709 46,
1891 683 1916 702 0.
1929 675 1989 705 654,
2003 675 2021 701 1“.
2035 675 2081 701 131
2096 676 2149 707 vo.)

1431 615 1781 650 Sainte-Marie-Majeure,
1801 614 1814 640 3
1831 613 1981 640 decembre
1998 613 2075 640 1291.

1184 783 1362 820 Raymundo
1388 781 1476 810 Rubei
1502 781 1535 808 de
1557 780 1711 813 Ruthena,
1737 779 1878 814 diacono,
1903 779 2012 807 rectori
2033 778 2149 806 ecclesie

1145 836 1249 865 Sancti
1264 836 1414 864 Johannfs
1429 835 1462 863 cle
1479 834 1606 868 Gissaco,
1624 832 1821 860 Ruthenensls
1834 832 1968 866 diocesis,
1986 831 2150 870 capellano

1146 888 1197 923 G„
1216 887 1401 917 Sabinensis
1415 886 1565 925 episcopi,
1579 884 1725 922 indulget
1737 888 1770 913 ut
1783 883 1949 913 ecclesiam
1960 892 2050 913 suam
2063 883 2150 914 licite

1146 942 1284 971 retinere
1299 941 1412 979 possit,
1432 939 1505 969 licet
1521 939 1606 968 infra
1628 946 1750 967 annum
1775 937 1807 966 in
1831 937 2052 975 presbyterum
2080 946 2150 976 pro-

1147 995 1268 1026 moveri
1288 1003 1352 1024 non
1369 994 1531 1032 potuisset.

1189 1062 1201 1076 ιι
1225 1050 1262 1078 Ε1
1285 1053 1336 1077 tue
1352 1047 1498 1076 merita...
1516 1063 1554 1068 —-
1571 1046 1642 1074 Dat.
1662 1045 1782 1080 Rome,
1805 1043 1887 1082 apud
1909 1043 2056 1073 Sanctam
2082 1044 2150 1073 Ma-

1148 1102 1227 1132 riam
1247 1101 1415 1139 Majorem,
1434 1109 1467 1129 111
1483 1107 1583 1129 nonas
1602 1096 1791 1132 decembris,
1808 1105 1894 1126 anno
1910 1100 2032 1135 quarto.
2055 1109 2066 1123 »

1219 1293 1335 1322 6383

1186 1356 1371 1391 Dispensatio
1388 1353 1569 1381 matrimonii.
1589 1352 1671 1385 (Rsc.
1688 1352 1730 1385 lm,
1748 1360 1774 1378 c.
1791 1352 1851 1384 655,
1870 1351 1886 1377 f.
1909 1351 1953 1377 131
1973 1351 2023 1385 νῦ.)

1469 1288 1830 1322 Sainte-Maric-Majeure,
1849 1289 1863 1314 5
1875 1288 1988 1322 janvier
2005 1288 2082 1315 1292.

1193 1497 1212 1503 ..
1234 1473 1383 1510 preposito
1407 1471 1523 1499 ecclesie
1549 1469 1719 1498 Leoctz’ensis
1742 1467 1873 1496 mandat
1900 1471 1934 1496 111
1958 1475 2030 1496 cnm
2055 1466 2155 1496 nobili

1151 1527 1218 1556 viro
1234 1524 1374 1555 Gerardo
1391 1524 1428 1553 de
1445 1522 1543 1553 Orhel
1560 1526 1589 1551 et
1605 1521 1703 1551 nobili
1720 1520 1856 1550 muliere
1876 1521 2064 1557 Margareta,
2082 1525 2156 1549 nata

1151 1579 1312 1619 quondam
1329 1577 1454 1607 Ottonis
1471 1576 1509 1605 de
1522 1575 1694 1613 Sepperen,
1713 1573 1897 1603 Leodicnsis
1913 1573 2078 1608 dioecesis,
2092 1573 2156 1601 dis-

1152 1636 1263 1672 penset
1294 1635 1329 1660 ut
1358 1631 1392 1659 in
1423 1628 1630 1658 matrimonio
1667 1627 1750 1665 qnod
1786 1626 1879 1660 olim,
1909 1626 2094 1663 ignorantes
2125 1635 2157 1655 se

1152 1690 1264 1725 quarto
1294 1681 1583 1720 consanguinitatis
1609 1680 1708 1718 gradu
1741 1680 1927 1717 conjunctos
1960 1688 2048 1715 esse,
2080 1687 2155 1708 con-

1154 1741 1318 1770 traxerunt
1331 1741 1360 1766 et
1370 1737 1402 1766 in
1413 1744 1475 1774 quo
1489 1734 1608 1774 prolem
1621 1736 1828 1772 procrearunt
1842 1741 2008 1761 remancre
2020 1731 2155 1761 valeant.

1195 1805 1207 1820 α
1228 1791 1341 1821 Ρ611110
1357 1789 1464 1819 dilecti
1481 1788 1576 1817 filii...
1605 1804 1640 1808 -
1665 1787 1734 1816 Dat.
1761 1787 1880 1821 Rome,
1906 1785 1988 1824 apud
2010 1785 2159 1814 Sanctam

1155 1846 1290 1876 Mariam
1307 1844 1472 1882 Maj0rem,
1490 1841 1587 1872 nonis
1599 1840 1754 1879 januarii,
1771 1848 1858 1869 anno
1872 1843 1995 1878 quarto.
2014 1850 2026 1865 »

1199 2043 1450 2076 6384-6392
1490 2038 1842 2072 Sainte-Marie-MaJeure,
1861 2037 1891 2064 13
1903 2037 2016 2071 janvier
2033 2036 2111 2063 1299.

1190 2107 1397 2142 Indulgentiae.
1417 2104 1500 2138 (Rso.
1519 2103 1560 2134 46,
1578 2110 1604 2129 c.
1621 2102 1682 2132 656,
1700 2101 1718 2127 f.
1737 2100 1783 2127 131
1801 2101 1852 2132 vo.)

1199 2210 1353 2242 Universis
1372 2208 1484 2237 Christi
1504 2206 1642 2243 fidelibus
1663 2209 1809 2241 presentes
1832 2203 1948 2232 litteras
1968 2203 2160 2239 inspecturis.

1158 2262 1396 2302 Indulgentiam
1413 2260 1511 2289 unius
1527 2258 1605 2288 anni
1622 2262 1652 2287 et
1669 2267 1706 2286 xi„
1721 2257 1845 2286 dierum
1866 2255 2010 2286 concedit
2025 2255 2162 2285 visitan-

1158 2319 1240 2348 tibus
1263 2315 1431 2346 ecclesiam
1457 2312 1496 2342 de
1511 2312 1651 2350 Haspra,
1671 2310 1912 2340 Cameracensis
1937 2308 2107 2343 dioecesis,
2129 2308 2162 2337 in

1157 2375 1338 2402 sanctorum
1363 2365 1499 2405 Aytardi
1529 2369 1559 2394 et
1584 2362 1732 2402 Hugonis
1759 2362 1995 2398 confessorum,
2025 2369 2163 2399 quorum

1157 2432 1287 2463 corpora
1302 2422 1336 2451 in
1354 2420 1465 2450 eadem
1488 2417 1710 2456 requiescunt,
1729 2414 1954 2445 festivitatibus
1975 2417 2005 2444 et
2020 2423 2076 2452 per
2097 2419 2167 2444 octo

1159 2478 1228 2508 dies
1246 2477 1426 2513 sequentes.

1201 2543 1215 2557 «
1236 2529 1308 2558 Vite
1330 2524 1480 2566 perennis
1503 2522 1644 2561 gloria...
1670 2538 1710 2544 —
1729 2521 1799 2550 Dat.
1826 2521 1944 2557 Rome,
1965 2520 2047 2558 apud
2067 2509 2166 2549 Sanc-

1161 2589 1225 2615 tam
1243 2581 1379 2612 Mariam
1397 2578 1569 2616 Majorem,
1588 2575 1696 2604 idibus
1719 2573 1876 2613 januarii,
1895 2581 1980 2603 anno
2002 2576 2123 2611 quarto.
2151 2584 2165 2598 »

1467 2654 1823 2689 Sainte-Marie-Majeure,
1842 2654 1873 2680 16
1886 2654 1999 2688 janvier
2017 2653 2094 2680 1292.

1202 2728 1239 2758 In
1256 2734 1284 2755 e.
1299 2733 1342 2753 m.
1356 2745 1363 2759 ,
1380 2729 1435 2760 pro
1450 2718 1582 2749 ecclesia
1598 2717 1732 2748 Sanctae
1755 2716 1875 2746 Mariae
1897 2716 1935 2745 de
1957 2714 2167 2745 Collestacza-

1163 2782 1226 2817 rio,
1244 2775 1430 2815 Eugubinae
1446 2771 1617 2806 dioecesis,
1633 2770 1668 2799 in
1685 2774 1821 2808 quatuor
1835 2768 1946 2799 beatae
1963 2768 2083 2797 Mariae
2103 2768 2164 2797 ses-

1164 2831 1358 2865 tivitatibuS‚
1381 2835 1435 2866 per
1456 2829 1524 2855 octo
1546 2824 1613 2854 dies
1641 2826 1808 2861 sequentes
1834 2825 1863 2851 et
1885 2822 1919 2851 in
1940 2820 2164 2850 anniversario

1163 2888 1214 2917 die
1237 2878 1445 2914 dedicationis
1465 2877 1607 2916 ejusdem
1631 2874 1792 2906 ecclesiae.
1819 2875 1889 2904 Dat.
1911 2874 2051 2907 Romae,
2082 2872 2164 2910 apud

1164 2940 1313 2970 Sanctam
1330 2932 1465 2964 Mariam
1480 2930 1645 2969 Majorem,
1659 2937 1722 2958 xvn
1733 2927 1887 2958 kalendas
1900 2925 2062 2962 februarii,
2077 2933 2166 2954 anno

1165 2995 1288 3032 quarto.

1977 3043 2026 3071 108
