<?xml version="1.0" encoding="UTF-8"?>
<!DOCTYPE html PUBLIC "-//W3C//DTD XHTML 1.0 Transitional//EN"
    "http://www.w3.org/TR/xhtml1/DTD/xhtml1-transitional.dtd">
<html xmlns="http://www.w3.org/1999/xhtml" xml:lang="en" lang="en">
 <head>
  <title>
</title>
<meta http-equiv="Content-Type" content="text/html;charset=utf-8" />
  <meta name='ocr-system' content='tesseract 3.04.00' />
  <meta name='ocr-capabilities' content='ocr_page ocr_carea ocr_par ocr_line ocrx_word'/>
</head>
<body>
  <div class='ocr_page' id='page_1' title='image "./lesregistresdeni02romeuoft_0052.png"; bbox 0 0 2393 3496; ppageno 0'>
   <div class='ocr_carea' id='block_1_1' title="bbox 147 276 1485 314">
    <p class='ocr_par' dir='ltr' id='par_1_1' title="bbox 147 276 1485 314">
     <span class='ocr_line' id='line_1_1' title="bbox 147 276 1485 314; baseline -0.006 0"><span class='ocrx_word' id='word_1_1' title='bbox 147 285 204 314; x_wconf 68' lang='lat'><strong>726</strong></span> <span class='ocrx_word' id='word_1_2' title='bbox 889 278 1122 311; x_wconf 64' lang='lat' dir='ltr'><strong>nitutS&#39;rRES</strong></span> <span class='ocrx_word' id='word_1_3' title='bbox 1144 278 1199 308; x_wconf 76' lang='lat' dir='ltr'><strong>DE</strong></span> <span class='ocrx_word' id='word_1_4' title='bbox 1221 276 1406 308; x_wconf 81' lang='lat' dir='ltr'>NICOLAS</span> <span class='ocrx_word' id='word_1_5' title='bbox 1430 278 1485 307; x_wconf 84' lang='lat' dir='ltr'><strong>tv.</strong></span> 
     </span>
    </p>
   </div>
   <div class='ocr_carea' id='block_1_2' title="bbox 146 343 1146 544">
    <p class='ocr_par' dir='ltr' id='par_1_2' title="bbox 146 343 1146 485">
     <span class='ocr_line' id='line_1_2' title="bbox 146 343 1146 388; baseline -0.008 -7"><span class='ocrx_word' id='word_1_6' title='bbox 146 350 395 387; x_wconf 71' lang='lat' dir='ltr'>consanguineis</span> <span class='ocrx_word' id='word_1_7' title='bbox 424 349 611 388; x_wconf 78' lang='lat' dir='ltr'><strong>promissam</strong></span> <span class='ocrx_word' id='word_1_8' title='bbox 641 349 718 386; x_wconf 75' lang='lat' dir='ltr'><strong>patri</strong></span> <span class='ocrx_word' id='word_1_9' title='bbox 745 346 911 384; x_wconf 75' lang='lat' dir='ltr'><strong>cujusdam</strong></span> <span class='ocrx_word' id='word_1_10' title='bbox 936 345 1060 377; x_wconf 71' lang='lat' dir='ltr'><strong>clerici.</strong></span> <span class='ocrx_word' id='word_1_11' title='bbox 1089 343 1146 382; x_wconf 86' lang='lat' dir='ltr'><strong>qui</strong></span> 
     </span>
     <span class='ocr_line' id='line_1_3' title="bbox 146 397 1145 443; baseline -0.007 -10"><span class='ocrx_word' id='word_1_12' title='bbox 146 404 357 443; x_wconf 76' lang='lat' dir='ltr'><strong>praebendam</strong></span> <span class='ocrx_word' id='word_1_13' title='bbox 381 404 448 441; x_wconf 77' lang='lat' dir='ltr'><strong>ejus</strong></span> <span class='ocrx_word' id='word_1_14' title='bbox 473 404 504 431; x_wconf 90' lang='lat' dir='ltr'><strong>in</strong></span> <span class='ocrx_word' id='word_1_15' title='bbox 529 401 660 431; x_wconf 79' lang='lat' dir='ltr'><strong>eeclesia</strong></span> <span class='ocrx_word' id='word_1_16' title='bbox 682 399 827 429; x_wconf 71' lang='lat' dir='ltr'><strong>succensi</strong></span> <span class='ocrx_word' id='word_1_17' title='bbox 854 398 915 427; x_wconf 87' lang='lat' dir='ltr'><strong>sibi</strong></span> <span class='ocrx_word' id='word_1_18' title='bbox 939 397 1145 431; x_wconf 80' lang='lat' dir='ltr'><strong>vendicabat,</strong></span> 
     </span>
     <span class='ocr_line' id='line_1_4' title="bbox 146 454 550 485; baseline -0.007 0"><span class='ocrx_word' id='word_1_19' title='bbox 146 454 297 485; x_wconf 82' lang='lat' dir='ltr'><strong>exhibere</strong></span> <span class='ocrx_word' id='word_1_20' title='bbox 316 462 378 484; x_wconf 90' lang='lat' dir='ltr'><strong>non</strong></span> <span class='ocrx_word' id='word_1_21' title='bbox 398 458 550 484; x_wconf 79' lang='lat' dir='ltr'><strong>teneatur.</strong></span> 
     </span>
    </p>

    <p class='ocr_par' dir='ltr' id='par_1_3' title="bbox 187 503 1143 544">
     <span class='ocr_line' id='line_1_5' title="bbox 187 503 1143 544; baseline -0.004 -9"><span class='ocrx_word' id='word_1_22' title='bbox 187 520 200 535; x_wconf 79' lang='grc' dir='ltr'>ι</span> <span class='ocrx_word' id='word_1_23' title='bbox 224 508 368 544; x_wconf 76' lang='lat' dir='ltr'>Benigno</span> <span class='ocrx_word' id='word_1_24' title='bbox 389 507 441 535; x_wconf 76' lang='lat' dir='ltr'><strong>tihi</strong></span> <span class='ocrx_word' id='word_1_25' title='bbox 468 511 540 535; x_wconf 80' lang='lat' dir='ltr'><strong>sunt</strong></span> <span class='ocrx_word' id='word_1_26' title='bbox 558 528 577 534; x_wconf 92' lang='lat'><strong>..</strong></span> <span class='ocrx_word' id='word_1_27' title='bbox 597 521 635 528; x_wconf 93' lang='lat'>—</span> <span class='ocrx_word' id='word_1_28' title='bbox 661 505 730 533; x_wconf 78' lang='lat' dir='ltr'><strong>Dat.</strong></span> <span class='ocrx_word' id='word_1_29' title='bbox 752 503 835 543; x_wconf 82' lang='lat' dir='ltr'><strong>apud</strong></span> <span class='ocrx_word' id='word_1_30' title='bbox 861 503 1143 537; x_wconf 80' lang='lat' dir='ltr'><strong>Urbeniveterem,</strong></span> 
     </span>
    </p>
   </div>
   <div class='ocr_carea' id='block_1_3' title="bbox 148 560 631 597">
    <p class='ocr_par' dir='ltr' id='par_1_4' title="bbox 148 560 631 597">
     <span class='ocr_line' id='line_1_6' title="bbox 148 560 631 597; baseline -0.008 -7"><span class='ocrx_word' id='word_1_31' title='bbox 148 560 252 590; x_wconf 82' lang='lat' dir='ltr'><strong>idibus</strong></span> <span class='ocrx_word' id='word_1_32' title='bbox 269 560 359 591; x_wconf 85' lang='lat' dir='ltr'><strong>maii.</strong></span> <span class='ocrx_word' id='word_1_33' title='bbox 378 568 462 588; x_wconf 64' lang='lat' dir='ltr'><strong>anno</strong></span> <span class='ocrx_word' id='word_1_34' title='bbox 478 564 598 597; x_wconf 41' lang='lat' dir='ltr'><strong>quarto.</strong></span> <span class='ocrx_word' id='word_1_35' title='bbox 621 570 631 582; x_wconf 87' lang='lat'><strong>·</strong></span> 
     </span>
    </p>
   </div>
   <div class='ocr_carea' id='block_1_4' title="bbox 213 755 1071 789">
    <p class='ocr_par' dir='ltr' id='par_1_5' title="bbox 213 755 1071 789">
     <span class='ocr_line' id='line_1_7' title="bbox 213 755 1071 789; baseline -0.005 -4"><span class='ocrx_word' id='word_1_36' title='bbox 213 755 465 785; x_wconf 57' lang='lat'><strong>52123225</strong></span> <span class='ocrx_word' id='word_1_37' title='bbox 718 756 844 787; x_wconf 57' lang='lat' dir='ltr'><strong>(stricto,</strong></span> <span class='ocrx_word' id='word_1_38' title='bbox 865 756 900 781; x_wconf 73' lang='lat' dir='ltr'><strong>t·‘</strong></span> <span class='ocrx_word' id='word_1_39' title='bbox 912 756 976 789; x_wconf 84' lang='lat' dir='ltr'><strong>juin</strong></span> <span class='ocrx_word' id='word_1_40' title='bbox 994 756 1071 782; x_wconf 69' lang='lat'><strong>¹29¹.</strong></span> 
     </span>
    </p>
   </div>
   <div class='ocr_carea' id='block_1_5' title="bbox 180 817 827 850">
    <p class='ocr_par' dir='ltr' id='par_1_6' title="bbox 180 817 827 850">
     <span class='ocr_line' id='line_1_8' title="bbox 180 817 827 850; baseline 0 -7"><span class='ocrx_word' id='word_1_41' title='bbox 180 817 383 850; x_wconf 71' lang='lat' dir='ltr'><strong>indulgentiae.</strong></span> <span class='ocrx_word' id='word_1_42' title='bbox 399 817 482 849; x_wconf 61' lang='lat' dir='ltr'><strong>utto.</strong></span> <span class='ocrx_word' id='word_1_43' title='bbox 499 818 542 850; x_wconf 66' lang='grc'><strong>46,</strong></span> <span class='ocrx_word' id='word_1_44' title='bbox 558 826 584 844; x_wconf 77' lang='lat' dir='ltr'><strong>c.</strong></span> <span class='ocrx_word' id='word_1_45' title='bbox 601 817 675 847; x_wconf 66' lang='lat'><strong>259⁸.</strong></span> <span class='ocrx_word' id='word_1_46' title='bbox 693 817 711 844; x_wconf 82' lang='grc'><strong>1.</strong></span> <span class='ocrx_word' id='word_1_47' title='bbox 730 818 758 844; x_wconf 77' lang='grc'><strong>51</strong></span> <span class='ocrx_word' id='word_1_48' title='bbox 777 819 827 846; x_wconf 53' lang='lat' dir='ltr'><strong>w)</strong></span> 
     </span>
    </p>
   </div>
   <div class='ocr_carea' id='block_1_6' title="bbox 139 932 1144 1347">
    <p class='ocr_par' dir='ltr' id='par_1_7' title="bbox 139 932 1144 1239">
     <span class='ocr_line' id='line_1_9' title="bbox 186 932 1140 971; baseline 0.001 -10"><span class='ocrx_word' id='word_1_49' title='bbox 186 933 335 961; x_wconf 67' lang='lat' dir='ltr'><strong>t‘m&#39;versis</strong></span> <span class='ocrx_word' id='word_1_50' title='bbox 360 933 475 962; x_wconf 65' lang='lat' dir='ltr'><strong>Christi</strong></span> <span class='ocrx_word' id='word_1_51' title='bbox 495 932 633 969; x_wconf 77' lang='lat' dir='ltr'><strong>fidelibus</strong></span> <span class='ocrx_word' id='word_1_52' title='bbox 646 938 795 971; x_wconf 74' lang='lat' dir='ltr'><em>presentes</em></span> <span class='ocrx_word' id='word_1_53' title='bbox 814 934 931 962; x_wconf 68' lang='lat' dir='ltr'><strong>(turres</strong></span> <span class='ocrx_word' id='word_1_54' title='bbox 950 935 1140 971; x_wconf 73' lang='lat' dir='ltr'><strong>inspecturis.</strong></span> 
     </span>
     <span class='ocr_line' id='line_1_10' title="bbox 143 985 1142 1022; baseline 0 -7"><span class='ocrx_word' id='word_1_55' title='bbox 143 985 379 1022; x_wconf 75' lang='lat' dir='ltr'><strong>indulgentiam</strong></span> <span class='ocrx_word' id='word_1_56' title='bbox 397 986 492 1016; x_wconf 84' lang='lat' dir='ltr'><strong>unius</strong></span> <span class='ocrx_word' id='word_1_57' title='bbox 508 987 584 1016; x_wconf 83' lang='lat' dir='ltr'><strong>anni</strong></span> <span class='ocrx_word' id='word_1_58' title='bbox 602 991 631 1016; x_wconf 86' lang='lat' dir='ltr'><strong>et</strong></span> <span class='ocrx_word' id='word_1_59' title='bbox 648 996 684 1016; x_wconf 76' lang='lat' dir='ltr'><strong>xi.</strong></span> <span class='ocrx_word' id='word_1_60' title='bbox 702 986 826 1016; x_wconf 76' lang='lat' dir='ltr'><strong>dierum</strong></span> <span class='ocrx_word' id='word_1_61' title='bbox 848 986 991 1016; x_wconf 85' lang='lat' dir='ltr'><strong>concedit</strong></span> <span class='ocrx_word' id='word_1_62' title='bbox 1010 986 1142 1016; x_wconf 85' lang='lat' dir='ltr'><strong>visitan-</strong></span> 
     </span>
     <span class='ocr_line' id='line_1_11' title="bbox 142 1038 1142 1079; baseline -0.001 -11"><span class='ocrx_word' id='word_1_63' title='bbox 142 1039 225 1068; x_wconf 81' lang='lat' dir='ltr'><strong>tibus</strong></span> <span class='ocrx_word' id='word_1_64' title='bbox 247 1038 413 1068; x_wconf 80' lang='lat' dir='ltr'><strong>ecclesiam</strong></span> <span class='ocrx_word' id='word_1_65' title='bbox 432 1040 539 1069; x_wconf 80' lang='lat' dir='ltr'><strong>Sancti</strong></span> <span class='ocrx_word' id='word_1_66' title='bbox 558 1040 642 1069; x_wconf 73' lang='lat' dir='ltr'><strong>Petri</strong></span> <span class='ocrx_word' id='word_1_67' title='bbox 665 1040 795 1079; x_wconf 80' lang='lat' dir='ltr'><strong>apostoli</strong></span> <span class='ocrx_word' id='word_1_68' title='bbox 820 1040 894 1069; x_wconf 82' lang='lat' dir='ltr'><strong>foris</strong></span> <span class='ocrx_word' id='word_1_69' title='bbox 916 1040 1041 1069; x_wconf 80' lang='lat' dir='ltr'><strong>Portam</strong></span> <span class='ocrx_word' id='word_1_70' title='bbox 1063 1040 1142 1079; x_wconf 78' lang='lat' dir='ltr'><strong>Spo-</strong></span> 
     </span>
     <span class='ocr_line' id='line_1_12' title="bbox 141 1091 1142 1131; baseline 0 -9"><span class='ocrx_word' id='word_1_71' title='bbox 141 1091 297 1123; x_wconf 85' lang='lat' dir='ltr'><strong>letanani.</strong></span> <span class='ocrx_word' id='word_1_72' title='bbox 317 1093 348 1121; x_wconf 93' lang='lat' dir='ltr'><strong>in</strong></span> <span class='ocrx_word' id='word_1_73' title='bbox 373 1092 515 1131; x_wconf 75' lang='lat' dir='ltr'><strong>ejusdem</strong></span> <span class='ocrx_word' id='word_1_74' title='bbox 538 1093 637 1122; x_wconf 85' lang='lat' dir='ltr'><strong>sancti</strong></span> <span class='ocrx_word' id='word_1_75' title='bbox 665 1097 692 1123; x_wconf 87' lang='lat' dir='ltr'><strong>et</strong></span> <span class='ocrx_word' id='word_1_76' title='bbox 719 1098 900 1123; x_wconf 74' lang='lat' dir='ltr'><strong>sauctorum</strong></span> <span class='ocrx_word' id='word_1_77' title='bbox 922 1093 1061 1127; x_wconf 81' lang='lat' dir='ltr'><strong>Nicolai,</strong></span> <span class='ocrx_word' id='word_1_78' title='bbox 1079 1092 1142 1122; x_wconf 89' lang='lat' dir='ltr'><strong>Sil-</strong></span> 
     </span>
     <span class='ocr_line' id='line_1_13' title="bbox 141 1147 1144 1186; baseline 0.002 -10"><span class='ocrx_word' id='word_1_79' title='bbox 141 1147 266 1180; x_wconf 81' lang='lat' dir='ltr'><strong>vestris.</strong></span> <span class='ocrx_word' id='word_1_80' title='bbox 280 1147 442 1177; x_wconf 81' lang='lat' dir='ltr'><strong>Laurentii</strong></span> <span class='ocrx_word' id='word_1_81' title='bbox 456 1152 486 1178; x_wconf 87' lang='lat' dir='ltr'><strong>et</strong></span> <span class='ocrx_word' id='word_1_82' title='bbox 503 1147 617 1185; x_wconf 66' lang='lat' dir='ltr'><strong>Angeli</strong></span> <span class='ocrx_word' id='word_1_83' title='bbox 638 1148 862 1178; x_wconf 66' lang='lat' dir='ltr'><strong>festivitatibus</strong></span> <span class='ocrx_word' id='word_1_84' title='bbox 879 1153 908 1178; x_wconf 86' lang='lat' dir='ltr'><strong>et</strong></span> <span class='ocrx_word' id='word_1_85' title='bbox 925 1157 978 1186; x_wconf 85' lang='lat' dir='ltr'><strong>per</strong></span> <span class='ocrx_word' id='word_1_86' title='bbox 992 1153 1061 1178; x_wconf 87' lang='lat' dir='ltr'><strong>octo</strong></span> <span class='ocrx_word' id='word_1_87' title='bbox 1076 1148 1144 1178; x_wconf 89' lang='lat' dir='ltr'><strong>dies</strong></span> 
     </span>
     <span class='ocr_line' id='line_1_14' title="bbox 139 1205 318 1239; baseline -0.006 -9"><span class='ocrx_word' id='word_1_88' title='bbox 139 1205 318 1239; x_wconf 72' lang='lat' dir='ltr'><strong>sequentes,</strong></span> 
     </span>
    </p>

    <p class='ocr_par' dir='ltr' id='par_1_8' title="bbox 140 1254 1140 1347">
     <span class='ocr_line' id='line_1_15' title="bbox 182 1254 1140 1294; baseline 0.003 -12"><span class='ocrx_word' id='word_1_89' title='bbox 182 1268 194 1278; x_wconf 77' lang='lat' dir='ltr'><em>u</em></span> <span class='ocrx_word' id='word_1_90' title='bbox 224 1255 306 1283; x_wconf 74' lang='lat' dir='ltr'><strong>Ante</strong></span> <span class='ocrx_word' id='word_1_91' title='bbox 333 1254 482 1284; x_wconf 78' lang='lat' dir='ltr'><strong>thronum</strong></span> <span class='ocrx_word' id='word_1_92' title='bbox 501 1254 647 1285; x_wconf 79' lang='lat' dir='ltr'><strong>divine...</strong></span> <span class='ocrx_word' id='word_1_93' title='bbox 670 1271 709 1276; x_wconf 98' lang='lat'><strong>—</strong></span> <span class='ocrx_word' id='word_1_94' title='bbox 737 1255 805 1284; x_wconf 75' lang='lat' dir='ltr'><strong>nat.</strong></span> <span class='ocrx_word' id='word_1_95' title='bbox 827 1255 910 1294; x_wconf 89' lang='lat' dir='ltr'><strong>apud</strong></span> <span class='ocrx_word' id='word_1_96' title='bbox 935 1255 1140 1285; x_wconf 82' lang='lat' dir='ltr'><strong>Urbemvete-</strong></span> 
     </span>
     <span class='ocr_line' id='line_1_16' title="bbox 140 1307 781 1347; baseline 0.003 -11"><span class='ocrx_word' id='word_1_97' title='bbox 140 1316 225 1339; x_wconf 76' lang='lat' dir='ltr'><strong>rem.</strong></span> <span class='ocrx_word' id='word_1_98' title='bbox 243 1307 388 1337; x_wconf 77' lang='lat' dir='ltr'><strong>kalendis</strong></span> <span class='ocrx_word' id='word_1_99' title='bbox 402 1308 486 1346; x_wconf 85' lang='lat' dir='ltr'><strong>junii</strong></span> <span class='ocrx_word' id='word_1_100' title='bbox 501 1332 506 1342; x_wconf 87' lang='grc'>,</span> <span class='ocrx_word' id='word_1_101' title='bbox 523 1316 609 1338; x_wconf 91' lang='lat' dir='ltr'><strong>anno</strong></span> <span class='ocrx_word' id='word_1_102' title='bbox 625 1313 748 1347; x_wconf 79' lang='lat' dir='ltr'><strong>quartu.</strong></span> <span class='ocrx_word' id='word_1_103' title='bbox 767 1321 781 1333; x_wconf 82' lang='lat'>»</span> 
     </span>
    </p>
   </div>
   <div class='ocr_carea' id='block_1_7' title="bbox 725 1389 1068 1422">
    <p class='ocr_par' dir='ltr' id='par_1_9' title="bbox 725 1389 1068 1422">
     <span class='ocr_line' id='line_1_17' title="bbox 725 1389 1068 1422; baseline 0.003 -7"><span class='ocrx_word' id='word_1_104' title='bbox 725 1390 852 1422; x_wconf 57' lang='lat' dir='ltr'><strong>Ort-iem,</strong></span> <span class='ocrx_word' id='word_1_105' title='bbox 869 1389 902 1416; x_wconf 74' lang='lat'><strong>‘22³</strong></span> <span class='ocrx_word' id='word_1_106' title='bbox 917 1390 973 1416; x_wconf 88' lang='lat' dir='ltr'><strong>mai</strong></span> <span class='ocrx_word' id='word_1_107' title='bbox 993 1389 1068 1416; x_wconf 69' lang='lat'>129¹.</span> 
     </span>
    </p>
   </div>
   <div class='ocr_carea' id='block_1_8' title="bbox 138 1450 1141 1812">
    <p class='ocr_par' dir='ltr' id='par_1_10' title="bbox 138 1450 1141 1704">
     <span class='ocr_line' id='line_1_18' title="bbox 182 1450 1141 1492; baseline 0.004 -13"><span class='ocrx_word' id='word_1_108' title='bbox 182 1450 216 1479; x_wconf 88' lang='lat' dir='ltr'><strong>ln</strong></span> <span class='ocrx_word' id='word_1_109' title='bbox 234 1460 260 1479; x_wconf 89' lang='lat' dir='ltr'><strong>e.</strong></span> <span class='ocrx_word' id='word_1_110' title='bbox 282 1460 324 1480; x_wconf 73' lang='lat' dir='ltr'><strong>ni.</strong></span> <span class='ocrx_word' id='word_1_111' title='bbox 342 1450 475 1489; x_wconf 78' lang='lat' dir='ltr'><strong>plebano</strong></span> <span class='ocrx_word' id='word_1_112' title='bbox 492 1456 520 1481; x_wconf 86' lang='lat' dir='ltr'><strong>et</strong></span> <span class='ocrx_word' id='word_1_113' title='bbox 536 1451 662 1482; x_wconf 84' lang='lat' dir='ltr'><strong>clericis</strong></span> <span class='ocrx_word' id='word_1_114' title='bbox 680 1452 778 1491; x_wconf 89' lang='lat' dir='ltr'><strong>plebis</strong></span> <span class='ocrx_word' id='word_1_115' title='bbox 799 1453 906 1483; x_wconf 80' lang='lat' dir='ltr'><strong>Sancti</strong></span> <span class='ocrx_word' id='word_1_116' title='bbox 927 1452 1081 1492; x_wconf 78' lang='lat' dir='ltr'><strong>Stephani</strong></span> <span class='ocrx_word' id='word_1_117' title='bbox 1101 1453 1141 1483; x_wconf 85' lang='lat' dir='ltr'><strong>de</strong></span> 
     </span>
     <span class='ocr_line' id='line_1_19' title="bbox 141 1504 1141 1544; baseline 0.004 -12"><span class='ocrx_word' id='word_1_118' title='bbox 141 1504 246 1533; x_wconf 64' lang='lat' dir='ltr'><strong>Mona--</strong></span> <span class='ocrx_word' id='word_1_119' title='bbox 278 1505 410 1541; x_wconf 67' lang='lat' dir='ltr'><strong>Sancto,</strong></span> <span class='ocrx_word' id='word_1_120' title='bbox 444 1505 612 1535; x_wconf 83' lang='lat' dir='ltr'><strong>Firniauae</strong></span> <span class='ocrx_word' id='word_1_121' title='bbox 643 1505 817 1542; x_wconf 78' lang='lat' dir='ltr'><strong>dioecesis,</strong></span> <span class='ocrx_word' id='word_1_122' title='bbox 851 1515 904 1544; x_wconf 86' lang='lat' dir='ltr'><strong>pro</strong></span> <span class='ocrx_word' id='word_1_123' title='bbox 938 1507 1141 1537; x_wconf 76' lang='lat' dir='ltr'><strong>visitantibus</strong></span> 
     </span>
     <span class='ocr_line' id='line_1_20' title="bbox 139 1557 1140 1598; baseline 0.004 -12"><span class='ocrx_word' id='word_1_124' title='bbox 139 1565 246 1586; x_wconf 83' lang='lat' dir='ltr'><strong>eoi-uui</strong></span> <span class='ocrx_word' id='word_1_125' title='bbox 261 1557 436 1594; x_wconf 65' lang='lat' dir='ltr'><strong>ecclesiam,</strong></span> <span class='ocrx_word' id='word_1_126' title='bbox 450 1558 646 1589; x_wconf 85' lang='lat' dir='ltr'><strong>inhonorem</strong></span> <span class='ocrx_word' id='word_1_127' title='bbox 659 1558 691 1589; x_wconf 88' lang='lat' dir='ltr'><strong>S.</strong></span> <span class='ocrx_word' id='word_1_128' title='bbox 705 1559 858 1598; x_wconf 76' lang='lat' dir='ltr'><strong>Stephani</strong></span> <span class='ocrx_word' id='word_1_129' title='bbox 870 1564 1095 1597; x_wconf 82' lang='lat' dir='ltr'><strong>constructam,</strong></span> <span class='ocrx_word' id='word_1_130' title='bbox 1105 1560 1140 1590; x_wconf 90' lang='lat' dir='ltr'><strong>in</strong></span> 
     </span>
     <span class='ocr_line' id='line_1_21' title="bbox 138 1611 1141 1649; baseline 0.003 -9"><span class='ocrx_word' id='word_1_131' title='bbox 138 1611 280 1649; x_wconf 81' lang='lat' dir='ltr'><strong>ejusdem</strong></span> <span class='ocrx_word' id='word_1_132' title='bbox 296 1612 396 1641; x_wconf 87' lang='lat' dir='ltr'><strong>sancti</strong></span> <span class='ocrx_word' id='word_1_133' title='bbox 413 1616 442 1641; x_wconf 88' lang='lat' dir='ltr'><strong>et</strong></span> <span class='ocrx_word' id='word_1_134' title='bbox 456 1612 512 1642; x_wconf 85' lang='lat' dir='ltr'><strong>SS.</strong></span> <span class='ocrx_word' id='word_1_135' title='bbox 529 1612 694 1642; x_wconf 86' lang='lat' dir='ltr'><strong>Laurentii</strong></span> <span class='ocrx_word' id='word_1_136' title='bbox 713 1617 743 1642; x_wconf 88' lang='lat' dir='ltr'><strong>et</strong></span> <span class='ocrx_word' id='word_1_137' title='bbox 763 1612 859 1643; x_wconf 80' lang='lat' dir='ltr'><strong>Blasii</strong></span> <span class='ocrx_word' id='word_1_138' title='bbox 875 1613 1098 1644; x_wconf 80' lang='lat' dir='ltr'><strong>festivitatibus</strong></span> <span class='ocrx_word' id='word_1_139' title='bbox 1111 1617 1141 1645; x_wconf 85' lang='lat' dir='ltr'><strong>et</strong></span> 
     </span>
     <span class='ocr_line' id='line_1_22' title="bbox 138 1664 552 1704; baseline 0 -10"><span class='ocrx_word' id='word_1_140' title='bbox 138 1673 192 1703; x_wconf 84' lang='lat' dir='ltr'><strong>per</strong></span> <span class='ocrx_word' id='word_1_141' title='bbox 208 1669 276 1694; x_wconf 76' lang='lat' dir='ltr'><strong>octo</strong></span> <span class='ocrx_word' id='word_1_142' title='bbox 291 1664 356 1694; x_wconf 77' lang='lat' dir='ltr'><strong>dies</strong></span> <span class='ocrx_word' id='word_1_143' title='bbox 373 1670 552 1704; x_wconf 71' lang='lat' dir='ltr'><strong>sequentes.</strong></span> 
     </span>
    </p>

    <p class='ocr_par' dir='ltr' id='par_1_11' title="bbox 139 1718 1140 1812">
     <span class='ocr_line' id='line_1_23' title="bbox 180 1718 1140 1760; baseline 0.006 -14"><span class='ocrx_word' id='word_1_144' title='bbox 180 1731 191 1743; x_wconf 71' lang='grc' dir='ltr'>ι</span> <span class='ocrx_word' id='word_1_145' title='bbox 223 1718 308 1747; x_wconf 80' lang='lat' dir='ltr'><strong>luter</strong></span> <span class='ocrx_word' id='word_1_146' title='bbox 330 1728 416 1748; x_wconf 80' lang='lat' dir='ltr'><strong>sacra</strong></span> <span class='ocrx_word' id='word_1_147' title='bbox 436 1720 649 1751; x_wconf 72' lang='lat' dir='ltr'><strong>certamina...</strong></span> <span class='ocrx_word' id='word_1_148' title='bbox 673 1736 710 1742; x_wconf 91' lang='lat'><strong>-—</strong></span> <span class='ocrx_word' id='word_1_149' title='bbox 732 1720 800 1750; x_wconf 91' lang='lat' dir='ltr'><strong>Dat.</strong></span> <span class='ocrx_word' id='word_1_150' title='bbox 825 1720 908 1760; x_wconf 90' lang='lat' dir='ltr'><strong>apud</strong></span> <span class='ocrx_word' id='word_1_151' title='bbox 931 1721 1140 1752; x_wconf 87' lang='lat' dir='ltr'><strong>Urbemvete-</strong></span> 
     </span>
     <span class='ocr_line' id='line_1_24' title="bbox 139 1770 822 1812; baseline 0 -12"><span class='ocrx_word' id='word_1_152' title='bbox 139 1779 222 1806; x_wconf 89' lang='lat' dir='ltr'><strong>rem,</strong></span> <span class='ocrx_word' id='word_1_153' title='bbox 243 1780 258 1800; x_wconf 82' lang='lat' dir='ltr'>x</span> <span class='ocrx_word' id='word_1_154' title='bbox 278 1770 428 1801; x_wconf 79' lang='lat' dir='ltr'><strong>kalendas</strong></span> <span class='ocrx_word' id='word_1_155' title='bbox 442 1772 546 1810; x_wconf 88' lang='lat' dir='ltr'><strong>junii,</strong></span> <span class='ocrx_word' id='word_1_156' title='bbox 563 1781 649 1803; x_wconf 88' lang='lat' dir='ltr'><strong>anno</strong></span> <span class='ocrx_word' id='word_1_157' title='bbox 666 1778 788 1812; x_wconf 87' lang='lat' dir='ltr'><strong>quarto.</strong></span> <span class='ocrx_word' id='word_1_158' title='bbox 810 1786 822 1800; x_wconf 70' lang='lat' dir='ltr'>n</span> 
     </span>
    </p>
   </div>
   <div class='ocr_carea' id='block_1_9' title="bbox 133 1854 1141 2117">
    <p class='ocr_par' dir='ltr' id='par_1_12' title="bbox 133 1854 1141 2117">
     <span class='ocr_line' id='line_1_25' title="bbox 735 1854 1067 1888; baseline 0.012 -10"><span class='ocrx_word' id='word_1_159' title='bbox 735 1854 862 1885; x_wconf 77' lang='lat' dir='ltr'><strong>Orvieto,</strong></span> <span class='ocrx_word' id='word_1_160' title='bbox 881 1855 971 1888; x_wconf 63' lang='lat' dir='ltr'><strong>ijuin</strong></span> <span class='ocrx_word' id='word_1_161' title='bbox 992 1856 1067 1882; x_wconf 65' lang='lat'><strong>1291.</strong></span> 
     </span>
     <span class='ocr_line' id='line_1_26' title="bbox 176 1911 1141 1954; baseline 0.008 -14"><span class='ocrx_word' id='word_1_162' title='bbox 176 1911 210 1940; x_wconf 88' lang='lat' dir='ltr'><strong>ln</strong></span> <span class='ocrx_word' id='word_1_163' title='bbox 235 1920 261 1941; x_wconf 84' lang='lat' dir='ltr'><strong>e.</strong></span> <span class='ocrx_word' id='word_1_164' title='bbox 284 1921 325 1941; x_wconf 91' lang='lat' dir='ltr'><strong>m.</strong></span> <span class='ocrx_word' id='word_1_165' title='bbox 348 1913 525 1947; x_wconf 78' lang='lat' dir='ltr'><strong>universis,</strong></span> <span class='ocrx_word' id='word_1_166' title='bbox 552 1919 622 1947; x_wconf 80' lang='lat' dir='ltr'><strong>etc..</strong></span> <span class='ocrx_word' id='word_1_167' title='bbox 649 1924 704 1954; x_wconf 87' lang='lat' dir='ltr'><strong>pro</strong></span> <span class='ocrx_word' id='word_1_168' title='bbox 728 1915 860 1946; x_wconf 84' lang='lat' dir='ltr'><strong>ecclesia</strong></span> <span class='ocrx_word' id='word_1_169' title='bbox 881 1940 900 1947; x_wconf 86' lang='lat'><strong>..</strong></span> <span class='ocrx_word' id='word_1_170' title='bbox 917 1917 1087 1954; x_wconf 78' lang='lat' dir='ltr'><strong>guardiaui</strong></span> <span class='ocrx_word' id='word_1_171' title='bbox 1110 1922 1141 1948; x_wconf 84' lang='lat' dir='ltr'><strong>et</strong></span> 
     </span>
     <span class='ocr_line' id='line_1_27' title="bbox 135 1965 1138 2009; baseline 0.009 -17"><span class='ocrx_word' id='word_1_172' title='bbox 135 1965 267 1994; x_wconf 75' lang='lat' dir='ltr'><strong>fratrum</strong></span> <span class='ocrx_word' id='word_1_173' title='bbox 287 1966 448 1996; x_wconf 89' lang='lat' dir='ltr'><strong>minorum</strong></span> <span class='ocrx_word' id='word_1_174' title='bbox 472 1967 510 1996; x_wconf 83' lang='lat' dir='ltr'><strong>de</strong></span> <span class='ocrx_word' id='word_1_175' title='bbox 531 1968 712 2003; x_wconf 74' lang='lat' dir='ltr'><strong>Amiliano,</strong></span> <span class='ocrx_word' id='word_1_176' title='bbox 732 1969 952 2000; x_wconf 86' lang='lat' dir='ltr'><strong>Rutheuensis</strong></span> <span class='ocrx_word' id='word_1_177' title='bbox 970 1971 1138 2009; x_wconf 86' lang='lat' dir='ltr'><strong>dioecesis,</strong></span> 
     </span>
     <span class='ocr_line' id='line_1_28' title="bbox 135 2018 1140 2057; baseline 0.01 -12"><span class='ocrx_word' id='word_1_178' title='bbox 135 2018 166 2046; x_wconf 92' lang='lat' dir='ltr'><strong>in</strong></span> <span class='ocrx_word' id='word_1_179' title='bbox 190 2024 325 2057; x_wconf 81' lang='lat' dir='ltr'><strong>quatuor</strong></span> <span class='ocrx_word' id='word_1_180' title='bbox 346 2019 453 2049; x_wconf 79' lang='lat' dir='ltr'><strong>heatae</strong></span> <span class='ocrx_word' id='word_1_181' title='bbox 476 2021 612 2053; x_wconf 77' lang='lat' dir='ltr'><strong>Mariae.</strong></span> <span class='ocrx_word' id='word_1_182' title='bbox 640 2022 696 2053; x_wconf 80' lang='lat' dir='ltr'><strong>SS.</strong></span> <span class='ocrx_word' id='word_1_183' title='bbox 721 2023 880 2053; x_wconf 88' lang='lat' dir='ltr'><strong>Francisci</strong></span> <span class='ocrx_word' id='word_1_184' title='bbox 901 2029 931 2053; x_wconf 82' lang='lat' dir='ltr'><strong>et</strong></span> <span class='ocrx_word' id='word_1_185' title='bbox 951 2025 1085 2055; x_wconf 80' lang='lat' dir='ltr'><strong>Antonii</strong></span> <span class='ocrx_word' id='word_1_186' title='bbox 1110 2031 1140 2056; x_wconf 82' lang='lat' dir='ltr'><strong>et.</strong></span> 
     </span>
     <span class='ocr_line' id='line_1_29' title="bbox 133 2072 1116 2117; baseline 0.011 -18"><span class='ocrx_word' id='word_1_187' title='bbox 133 2077 258 2100; x_wconf 75' lang='lat' dir='ltr'><strong>sancta-¹</strong></span> <span class='ocrx_word' id='word_1_188' title='bbox 276 2072 387 2102; x_wconf 79' lang='lat' dir='ltr'><strong>Clarae</strong></span> <span class='ocrx_word' id='word_1_189' title='bbox 407 2074 634 2105; x_wconf 75' lang='lat' dir='ltr'><strong>festivitatilms</strong></span> <span class='ocrx_word' id='word_1_190' title='bbox 650 2081 679 2105; x_wconf 76' lang='lat' dir='ltr'><strong>et</strong></span> <span class='ocrx_word' id='word_1_191' title='bbox 701 2085 754 2114; x_wconf 75' lang='lat' dir='ltr'><strong>per</strong></span> <span class='ocrx_word' id='word_1_192' title='bbox 769 2082 838 2107; x_wconf 88' lang='lat' dir='ltr'><strong>octo</strong></span> <span class='ocrx_word' id='word_1_193' title='bbox 854 2077 920 2107; x_wconf 89' lang='lat' dir='ltr'><strong>dies</strong></span> <span class='ocrx_word' id='word_1_194' title='bbox 937 2084 1116 2117; x_wconf 76' lang='lat' dir='ltr'><strong>sequentes.</strong></span> 
     </span>
    </p>
   </div>
   <div class='ocr_carea' id='block_1_10' title="bbox 134 2124 1138 2217">
    <p class='ocr_par' dir='ltr' id='par_1_13' title="bbox 134 2124 1138 2217">
     <span class='ocr_line' id='line_1_30' title="bbox 175 2124 1138 2168; baseline 0.011 -16"><span class='ocrx_word' id='word_1_195' title='bbox 175 2139 186 2147; x_wconf 63' lang='grc' dir='ltr'><strong>ι·</strong></span> <span class='ocrx_word' id='word_1_196' title='bbox 211 2124 295 2154; x_wconf 80' lang='lat' dir='ltr'><strong>Licet</strong></span> <span class='ocrx_word' id='word_1_197' title='bbox 312 2126 336 2154; x_wconf 91' lang='lat' dir='ltr'><strong>is</strong></span> <span class='ocrx_word' id='word_1_198' title='bbox 352 2126 428 2155; x_wconf 86' lang='lat' dir='ltr'><strong>de...</strong></span> <span class='ocrx_word' id='word_1_199' title='bbox 446 2144 483 2149; x_wconf 91' lang='lat'>—</span> <span class='ocrx_word' id='word_1_200' title='bbox 505 2128 574 2159; x_wconf 83' lang='lat' dir='ltr'><strong>Dat.</strong></span> <span class='ocrx_word' id='word_1_201' title='bbox 595 2129 678 2167; x_wconf 80' lang='lat' dir='ltr'><strong>apud</strong></span> <span class='ocrx_word' id='word_1_202' title='bbox 700 2129 976 2168; x_wconf 74' lang='lat' dir='ltr'><strong>Urbemveterem,</strong></span> <span class='ocrx_word' id='word_1_203' title='bbox 998 2141 1017 2161; x_wconf 94' lang='grc' dir='ltr'><strong>ιι</strong></span> <span class='ocrx_word' id='word_1_204' title='bbox 1038 2141 1138 2163; x_wconf 89' lang='lat' dir='ltr'><strong>nonas</strong></span> 
     </span>
     <span class='ocr_line' id='line_1_31' title="bbox 134 2177 503 2217; baseline 0.014 -12"><span class='ocrx_word' id='word_1_205' title='bbox 134 2177 229 2211; x_wconf 74' lang='lat' dir='ltr'><strong>iunii,</strong></span> <span class='ocrx_word' id='word_1_206' title='bbox 246 2187 332 2207; x_wconf 85' lang='lat' dir='ltr'><strong>anno</strong></span> <span class='ocrx_word' id='word_1_207' title='bbox 348 2184 470 2217; x_wconf 75' lang='lat' dir='ltr'><strong>quarto.</strong></span> <span class='ocrx_word' id='word_1_208' title='bbox 492 2193 503 2204; x_wconf 43' lang='lat' dir='ltr'><strong>vr</strong></span> 
     </span>
    </p>
   </div>
   <div class='ocr_carea' id='block_1_11' title="bbox 124 2242 1136 2988">
    <p class='ocr_par' dir='ltr' id='par_1_14' title="bbox 723 2242 1064 2279">
     <span class='ocr_line' id='line_1_32' title="bbox 723 2242 1064 2279; baseline 0.015 -11"><span class='ocrx_word' id='word_1_209' title='bbox 723 2242 856 2274; x_wconf 80' lang='lat' dir='ltr'><strong>Orvieto.</strong></span> <span class='ocrx_word' id='word_1_210' title='bbox 873 2243 889 2271; x_wconf 83' lang='grc' dir='ltr'>Β</span> <span class='ocrx_word' id='word_1_211' title='bbox 903 2245 968 2279; x_wconf 85' lang='lat' dir='ltr'><strong>juin</strong></span> <span class='ocrx_word' id='word_1_212' title='bbox 988 2245 1064 2273; x_wconf 69' lang='lat'>¹291.</span> 
     </span>
    </p>

    <p class='ocr_par' dir='ltr' id='par_1_15' title="bbox 131 2300 1136 2503">
     <span class='ocr_line' id='line_1_33' title="bbox 174 2300 1136 2345; baseline 0.01 -16"><span class='ocrx_word' id='word_1_213' title='bbox 174 2300 208 2329; x_wconf 92' lang='lat' dir='ltr'><strong>ln</strong></span> <span class='ocrx_word' id='word_1_214' title='bbox 231 2309 257 2329; x_wconf 76' lang='lat' dir='ltr'><strong>e.</strong></span> <span class='ocrx_word' id='word_1_215' title='bbox 282 2310 337 2331; x_wconf 86' lang='lat' dir='ltr'><strong>m..</strong></span> <span class='ocrx_word' id='word_1_216' title='bbox 358 2310 412 2340; x_wconf 80' lang='lat' dir='ltr'><strong>pro</strong></span> <span class='ocrx_word' id='word_1_217' title='bbox 434 2304 564 2332; x_wconf 65' lang='lat' dir='ltr'><strong>ecclesia</strong></span> <span class='ocrx_word' id='word_1_218' title='bbox 586 2304 692 2334; x_wconf 82' lang='lat' dir='ltr'><strong>Sancti</strong></span> <span class='ocrx_word' id='word_1_219' title='bbox 716 2306 862 2336; x_wconf 76' lang='lat' dir='ltr'><strong>Severini</strong></span> <span class='ocrx_word' id='word_1_220' title='bbox 888 2308 1080 2345; x_wconf 67' lang='lat' dir='ltr'><strong>parisiensi,</strong></span> <span class='ocrx_word' id='word_1_221' title='bbox 1102 2309 1136 2339; x_wconf 92' lang='lat' dir='ltr'><strong>in</strong></span> 
     </span>
     <span class='ocr_line' id='line_1_34' title="bbox 131 2353 1136 2399; baseline 0.012 -18"><span class='ocrx_word' id='word_1_222' title='bbox 131 2353 273 2390; x_wconf 78' lang='lat' dir='ltr'><strong>ejusdem</strong></span> <span class='ocrx_word' id='word_1_223' title='bbox 300 2355 418 2386; x_wconf 88' lang='lat' dir='ltr'><strong>sancti.</strong></span> <span class='ocrx_word' id='word_1_224' title='bbox 439 2356 471 2386; x_wconf 81' lang='lat' dir='ltr'><strong>S.</strong></span> <span class='ocrx_word' id='word_1_225' title='bbox 493 2357 622 2387; x_wconf 82' lang='lat' dir='ltr'><strong>Martini</strong></span> <span class='ocrx_word' id='word_1_226' title='bbox 643 2363 673 2387; x_wconf 92' lang='lat' dir='ltr'><strong>et</strong></span> <span class='ocrx_word' id='word_1_227' title='bbox 693 2363 820 2389; x_wconf 80' lang='lat' dir='ltr'><strong>sanctae</strong></span> <span class='ocrx_word' id='word_1_228' title='bbox 842 2360 990 2399; x_wconf 81' lang='lat' dir='ltr'><strong>Brigidae</strong></span> <span class='ocrx_word' id='word_1_229' title='bbox 1011 2361 1136 2392; x_wconf 86' lang='lat' dir='ltr'><strong>festivi-</strong></span> 
     </span>
     <span class='ocr_line' id='line_1_35' title="bbox 131 2406 1136 2454; baseline 0.013 -20"><span class='ocrx_word' id='word_1_230' title='bbox 131 2406 246 2435; x_wconf 79' lang='lat' dir='ltr'><strong>tatibus</strong></span> <span class='ocrx_word' id='word_1_231' title='bbox 267 2412 297 2436; x_wconf 91' lang='lat' dir='ltr'><strong>et</strong></span> <span class='ocrx_word' id='word_1_232' title='bbox 317 2417 371 2445; x_wconf 87' lang='lat' dir='ltr'><strong>per</strong></span> <span class='ocrx_word' id='word_1_233' title='bbox 391 2414 460 2439; x_wconf 82' lang='lat' dir='ltr'><strong>octo</strong></span> <span class='ocrx_word' id='word_1_234' title='bbox 477 2409 545 2439; x_wconf 88' lang='lat' dir='ltr'><strong>dies</strong></span> <span class='ocrx_word' id='word_1_235' title='bbox 562 2416 740 2449; x_wconf 80' lang='lat' dir='ltr'><strong>sequentes.</strong></span> <span class='ocrx_word' id='word_1_236' title='bbox 764 2413 834 2443; x_wconf 86' lang='lat' dir='ltr'><strong>Dat.</strong></span> <span class='ocrx_word' id='word_1_237' title='bbox 854 2414 937 2454; x_wconf 83' lang='lat' dir='ltr'><strong>apud</strong></span> <span class='ocrx_word' id='word_1_238' title='bbox 960 2415 1136 2447; x_wconf 85' lang='lat' dir='ltr'><strong>Urbemve-</strong></span> 
     </span>
     <span class='ocr_line' id='line_1_36' title="bbox 131 2460 735 2503; baseline 0.013 -16"><span class='ocrx_word' id='word_1_239' title='bbox 131 2463 228 2488; x_wconf 86' lang='lat' dir='ltr'><strong>terem</strong></span> <span class='ocrx_word' id='word_1_240' title='bbox 240 2482 248 2496; x_wconf 90' lang='lat'>,</span> <span class='ocrx_word' id='word_1_241' title='bbox 267 2469 294 2489; x_wconf 83' lang='lat' dir='ltr'><strong>vi</strong></span> <span class='ocrx_word' id='word_1_242' title='bbox 312 2460 496 2500; x_wconf 84' lang='lat' dir='ltr'><strong>idusjnuii.</strong></span> <span class='ocrx_word' id='word_1_243' title='bbox 513 2472 598 2494; x_wconf 84' lang='lat' dir='ltr'><strong>auno</strong></span> <span class='ocrx_word' id='word_1_244' title='bbox 615 2471 735 2503; x_wconf 86' lang='lat' dir='ltr'><strong>quarto.</strong></span> 
     </span>
    </p>

    <p class='ocr_par' dir='ltr' id='par_1_16' title="bbox 126 2512 1134 2768">
     <span class='ocr_line' id='line_1_37' title="bbox 170 2512 1134 2558; baseline 0.013 -16"><span class='ocrx_word' id='word_1_245' title='bbox 170 2512 205 2542; x_wconf 87' lang='lat' dir='ltr'><strong>ln</strong></span> <span class='ocrx_word' id='word_1_246' title='bbox 223 2522 251 2543; x_wconf 88' lang='lat' dir='ltr'><strong>e.</strong></span> <span class='ocrx_word' id='word_1_247' title='bbox 270 2523 326 2550; x_wconf 87' lang='lat' dir='ltr'><strong>m.,</strong></span> <span class='ocrx_word' id='word_1_248' title='bbox 344 2524 398 2553; x_wconf 85' lang='lat' dir='ltr'><strong>pro</strong></span> <span class='ocrx_word' id='word_1_249' title='bbox 411 2517 543 2546; x_wconf 67' lang='lat' dir='ltr'><strong>ecch-sia</strong></span> <span class='ocrx_word' id='word_1_250' title='bbox 558 2518 596 2547; x_wconf 83' lang='lat' dir='ltr'><strong>de</strong></span> <span class='ocrx_word' id='word_1_251' title='bbox 616 2519 776 2558; x_wconf 87' lang='lat' dir='ltr'><strong>Wiritile,</strong></span> <span class='ocrx_word' id='word_1_252' title='bbox 794 2521 1029 2553; x_wconf 81' lang='lat' dir='ltr'><strong>Londoniensis</strong></span> <span class='ocrx_word' id='word_1_253' title='bbox 1045 2522 1134 2554; x_wconf 89' lang='lat' dir='ltr'><strong>dioe-</strong></span> 
     </span>
     <span class='ocr_line' id='line_1_38' title="bbox 127 2567 1134 2610; baseline 0.015 -18"><span class='ocrx_word' id='word_1_254' title='bbox 127 2567 224 2601; x_wconf 75' lang='lat' dir='ltr'><strong>cesis,</strong></span> <span class='ocrx_word' id='word_1_255' title='bbox 253 2567 291 2596; x_wconf 84' lang='lat' dir='ltr'><strong>ad</strong></span> <span class='ocrx_word' id='word_1_256' title='bbox 319 2567 470 2607; x_wconf 60' lang='lat' dir='ltr'><strong>hospitale</strong></span> <span class='ocrx_word' id='word_1_257' title='bbox 498 2571 604 2601; x_wconf 79' lang='lat' dir='ltr'><strong>Sancti</strong></span> <span class='ocrx_word' id='word_1_258' title='bbox 632 2572 768 2610; x_wconf 75' lang='lat' dir='ltr'><strong>Spiritus</strong></span> <span class='ocrx_word' id='word_1_259' title='bbox 795 2574 827 2604; x_wconf 94' lang='lat' dir='ltr'><strong>in</strong></span> <span class='ocrx_word' id='word_1_260' title='bbox 857 2575 951 2605; x_wconf 81' lang='lat' dir='ltr'><strong>Saxia</strong></span> <span class='ocrx_word' id='word_1_261' title='bbox 979 2576 1017 2606; x_wconf 90' lang='lat' dir='ltr'><strong>de</strong></span> <span class='ocrx_word' id='word_1_262' title='bbox 1048 2577 1134 2607; x_wconf 85' lang='lat' dir='ltr'><strong>Urbe</strong></span> 
     </span>
     <span class='ocr_line' id='line_1_39' title="bbox 128 2622 1133 2662; baseline 0.014 -15"><span class='ocrx_word' id='word_1_263' title='bbox 128 2625 299 2658; x_wconf 70' lang='lat' dir='ltr'><strong>spectante,</strong></span> <span class='ocrx_word' id='word_1_264' title='bbox 315 2622 345 2650; x_wconf 92' lang='lat' dir='ltr'><strong>in</strong></span> <span class='ocrx_word' id='word_1_265' title='bbox 364 2626 499 2660; x_wconf 76' lang='lat' dir='ltr'><strong>quatuor</strong></span> <span class='ocrx_word' id='word_1_266' title='bbox 516 2624 623 2654; x_wconf 80' lang='lat' dir='ltr'><strong>beatae</strong></span> <span class='ocrx_word' id='word_1_267' title='bbox 637 2626 766 2662; x_wconf 72' lang='lat' dir='ltr'><strong>Mai-iae,</strong></span> <span class='ocrx_word' id='word_1_268' title='bbox 778 2627 810 2657; x_wconf 82' lang='lat' dir='ltr'><strong>S.</strong></span> <span class='ocrx_word' id='word_1_269' title='bbox 824 2628 946 2658; x_wconf 73' lang='lat' dir='ltr'><strong>Nicolai</strong></span> <span class='ocrx_word' id='word_1_270' title='bbox 962 2634 992 2659; x_wconf 84' lang='lat' dir='ltr'><strong>et</strong></span> <span class='ocrx_word' id='word_1_271' title='bbox 1007 2635 1133 2661; x_wconf 78' lang='lat' dir='ltr'><strong>sauctae</strong></span> 
     </span>
     <span class='ocr_line' id='line_1_40' title="bbox 126 2673 1132 2719; baseline 0.014 -19"><span class='ocrx_word' id='word_1_272' title='bbox 126 2673 229 2701; x_wconf 75' lang='lat' dir='ltr'><strong>crucis</strong></span> <span class='ocrx_word' id='word_1_273' title='bbox 248 2673 487 2711; x_wconf 77' lang='lat' dir='ltr'><strong>festivitatibus,</strong></span> <span class='ocrx_word' id='word_1_274' title='bbox 507 2686 560 2715; x_wconf 74' lang='lat' dir='ltr'><strong>per</strong></span> <span class='ocrx_word' id='word_1_275' title='bbox 575 2683 643 2707; x_wconf 71' lang='lat' dir='ltr'><strong>octo</strong></span> <span class='ocrx_word' id='word_1_276' title='bbox 661 2678 729 2708; x_wconf 83' lang='lat' dir='ltr'><strong>dies</strong></span> <span class='ocrx_word' id='word_1_277' title='bbox 748 2686 917 2719; x_wconf 81' lang='lat' dir='ltr'><strong>sequentes</strong></span> <span class='ocrx_word' id='word_1_278' title='bbox 937 2686 966 2712; x_wconf 91' lang='lat' dir='ltr'><strong>et</strong></span> <span class='ocrx_word' id='word_1_279' title='bbox 984 2683 1016 2712; x_wconf 92' lang='lat' dir='ltr'><strong>in</strong></span> <span class='ocrx_word' id='word_1_280' title='bbox 1035 2684 1132 2713; x_wconf 89' lang='lat' dir='ltr'><strong>anni-</strong></span> 
     </span>
     <span class='ocr_line' id='line_1_41' title="bbox 128 2726 900 2768; baseline 0.013 -15"><span class='ocrx_word' id='word_1_281' title='bbox 128 2726 267 2755; x_wconf 69' lang='lat' dir='ltr'><strong>versario</strong></span> <span class='ocrx_word' id='word_1_282' title='bbox 284 2727 334 2757; x_wconf 82' lang='lat' dir='ltr'><strong>die</strong></span> <span class='ocrx_word' id='word_1_283' title='bbox 350 2727 558 2759; x_wconf 56' lang='lat' dir='ltr'><strong>dedicationis</strong></span> <span class='ocrx_word' id='word_1_284' title='bbox 577 2731 721 2768; x_wconf 66' lang='lat' dir='ltr'><strong>ejusdem</strong></span> <span class='ocrx_word' id='word_1_285' title='bbox 739 2733 900 2763; x_wconf 75' lang='lat' dir='ltr'><strong>eeclesiae.</strong></span> 
     </span>
    </p>

    <p class='ocr_par' dir='ltr' id='par_1_17' title="bbox 168 2779 949 2826">
     <span class='ocr_line' id='line_1_42' title="bbox 168 2779 949 2826; baseline 0.013 -19"><span class='ocrx_word' id='word_1_286' title='bbox 168 2792 179 2804; x_wconf 78' lang='grc' dir='ltr'>ιι</span> <span class='ocrx_word' id='word_1_287' title='bbox 202 2779 271 2808; x_wconf 74' lang='lat' dir='ltr'><strong>Vite</strong></span> <span class='ocrx_word' id='word_1_288' title='bbox 293 2782 442 2819; x_wconf 81' lang='lat' dir='ltr'><strong>perennis</strong></span> <span class='ocrx_word' id='word_1_289' title='bbox 458 2782 595 2817; x_wconf 60' lang='lat' dir='ltr'><strong>gloria...</strong></span> <span class='ocrx_word' id='word_1_290' title='bbox 618 2801 650 2805; x_wconf 36' lang='lat' dir='ltr'><strong>-w</strong></span> <span class='ocrx_word' id='word_1_291' title='bbox 671 2785 740 2815; x_wconf 82' lang='lat' dir='ltr'><strong>Dat.</strong></span> <span class='ocrx_word' id='word_1_292' title='bbox 761 2791 792 2815; x_wconf 88' lang='lat' dir='ltr'><strong>ut</strong></span> <span class='ocrx_word' id='word_1_293' title='bbox 811 2797 915 2826; x_wconf 84' lang='lat' dir='ltr'><strong>supra.</strong></span> <span class='ocrx_word' id='word_1_294' title='bbox 938 2801 949 2813; x_wconf 76' lang='lat' dir='ltr'>n</span> 
     </span>
    </p>

    <p class='ocr_par' dir='ltr' id='par_1_18' title="bbox 124 2833 1131 2988">
     <span class='ocr_line' id='line_1_43' title="bbox 168 2833 1130 2880; baseline 0.012 -19"><span class='ocrx_word' id='word_1_295' title='bbox 168 2833 201 2861; x_wconf 86' lang='lat' dir='ltr'><strong>in</strong></span> <span class='ocrx_word' id='word_1_296' title='bbox 225 2842 252 2862; x_wconf 85' lang='lat' dir='ltr'><strong>e.</strong></span> <span class='ocrx_word' id='word_1_297' title='bbox 274 2842 333 2867; x_wconf 66' lang='lat' dir='ltr'><strong>m..</strong></span> <span class='ocrx_word' id='word_1_298' title='bbox 362 2843 416 2872; x_wconf 78' lang='lat' dir='ltr'><strong>pro</strong></span> <span class='ocrx_word' id='word_1_299' title='bbox 441 2836 571 2866; x_wconf 72' lang='lat' dir='ltr'><strong>eccl-»sia</strong></span> <span class='ocrx_word' id='word_1_300' title='bbox 597 2838 703 2867; x_wconf 71' lang='lat' dir='ltr'><strong>Sanc-ti</strong></span> <span class='ocrx_word' id='word_1_301' title='bbox 733 2839 855 2869; x_wconf 70' lang='lat' dir='ltr'><strong>Nicolai</strong></span> <span class='ocrx_word' id='word_1_302' title='bbox 883 2850 976 2880; x_wconf 85' lang='lat' dir='ltr'><strong>supra</strong></span> <span class='ocrx_word' id='word_1_303' title='bbox 1002 2842 1130 2873; x_wconf 83' lang='lat' dir='ltr'><strong>Portam</strong></span> 
     </span>
     <span class='ocr_line' id='line_1_44' title="bbox 124 2886 1131 2928; baseline 0.013 -14"><span class='ocrx_word' id='word_1_304' title='bbox 124 2886 344 2920; x_wconf 47' lang='lat' dir='ltr'><strong>&#39;latmi-tinam,</strong></span> <span class='ocrx_word' id='word_1_305' title='bbox 373 2888 405 2918; x_wconf 88' lang='lat' dir='ltr'><strong>in</strong></span> <span class='ocrx_word' id='word_1_306' title='bbox 429 2890 571 2928; x_wconf 63' lang='lat' dir='ltr'><strong>ejusdem</strong></span> <span class='ocrx_word' id='word_1_307' title='bbox 598 2892 698 2922; x_wconf 70' lang='lat' dir='ltr'><strong>sancti</strong></span> <span class='ocrx_word' id='word_1_308' title='bbox 726 2898 755 2922; x_wconf 89' lang='lat' dir='ltr'><strong>et</strong></span> <span class='ocrx_word' id='word_1_309' title='bbox 780 2898 962 2925; x_wconf 85' lang='lat' dir='ltr'><strong>sanctorum</strong></span> <span class='ocrx_word' id='word_1_310' title='bbox 990 2896 1074 2927; x_wconf 81' lang='lat' dir='ltr'><strong>Petri</strong></span> <span class='ocrx_word' id='word_1_311' title='bbox 1101 2902 1131 2927; x_wconf 86' lang='lat' dir='ltr'><strong>et</strong></span> 
     </span>
     <span class='ocr_line' id='line_1_45' title="bbox 128 2940 1039 2988; baseline 0.012 -20"><span class='ocrx_word' id='word_1_312' title='bbox 128 2940 214 2969; x_wconf 70' lang='lat' dir='ltr'><strong>Pauli</strong></span> <span class='ocrx_word' id='word_1_313' title='bbox 232 2946 261 2969; x_wconf 89' lang='lat' dir='ltr'><strong>et</strong></span> <span class='ocrx_word' id='word_1_314' title='bbox 282 2941 513 2973; x_wconf 73' lang='lat' dir='ltr'><strong>Bartholomaei</strong></span> <span class='ocrx_word' id='word_1_315' title='bbox 534 2944 775 2984; x_wconf 76' lang='lat' dir='ltr'><strong>festivitatibus,</strong></span> <span class='ocrx_word' id='word_1_316' title='bbox 792 2951 863 2977; x_wconf 88' lang='lat' dir='ltr'><strong>etc..</strong></span> <span class='ocrx_word' id='word_1_317' title='bbox 883 2952 1039 2988; x_wconf 82' lang='lat' dir='ltr'><strong>utsupra.</strong></span> 
     </span>
    </p>
   </div>
   <div class='ocr_carea' id='block_1_12' title="bbox 1839 342 2164 377">
    <p class='ocr_par' dir='ltr' id='par_1_19' title="bbox 1839 342 2164 377">
     <span class='ocr_line' id='line_1_46' title="bbox 1839 342 2164 377; baseline 0.006 -8"><span class='ocrx_word' id='word_1_318' title='bbox 1839 342 1967 377; x_wconf 79' lang='lat' dir='ltr'><strong>Orvieto,</strong></span> <span class='ocrx_word' id='word_1_319' title='bbox 1983 343 1998 370; x_wconf 90' lang='grc'><strong>7</strong></span> <span class='ocrx_word' id='word_1_320' title='bbox 2014 343 2070 370; x_wconf 80' lang='lat' dir='ltr'><strong>mai</strong></span> <span class='ocrx_word' id='word_1_321' title='bbox 2086 342 2164 371; x_wconf 77' lang='lat'>¹29¹.</span> 
     </span>
    </p>
   </div>
   <div class='ocr_carea' id='block_1_13' title="bbox 1226 403 2236 654">
    <p class='ocr_par' dir='ltr' id='par_1_20' title="bbox 1226 403 2236 654">
     <span class='ocr_line' id='line_1_47' title="bbox 1270 403 2234 445; baseline 0.002 -11"><span class='ocrx_word' id='word_1_322' title='bbox 1270 404 1306 434; x_wconf 89' lang='lat' dir='ltr'><strong>lu</strong></span> <span class='ocrx_word' id='word_1_323' title='bbox 1325 414 1352 434; x_wconf 80' lang='lat' dir='ltr'><strong>e.</strong></span> <span class='ocrx_word' id='word_1_324' title='bbox 1377 413 1434 438; x_wconf 77' lang='lat' dir='ltr'><strong>m..</strong></span> <span class='ocrx_word' id='word_1_325' title='bbox 1456 413 1511 442; x_wconf 92' lang='lat' dir='ltr'><strong>pro</strong></span> <span class='ocrx_word' id='word_1_326' title='bbox 1533 403 1666 435; x_wconf 81' lang='lat' dir='ltr'><strong>ecclesia</strong></span> <span class='ocrx_word' id='word_1_327' title='bbox 1691 404 1808 434; x_wconf 82' lang='lat' dir='ltr'><strong>Beatae</strong></span> <span class='ocrx_word' id='word_1_328' title='bbox 1828 404 1950 435; x_wconf 83' lang='lat' dir='ltr'><strong>Mariae</strong></span> <span class='ocrx_word' id='word_1_329' title='bbox 1970 404 2010 435; x_wconf 85' lang='lat' dir='ltr'><strong>de</strong></span> <span class='ocrx_word' id='word_1_330' title='bbox 2033 405 2234 445; x_wconf 79' lang='lat' dir='ltr'><strong>Escuilleyo,</strong></span> 
     </span>
     <span class='ocr_line' id='line_1_48' title="bbox 1227 457 2236 496; baseline 0.002 -9"><span class='ocrx_word' id='word_1_331' title='bbox 1227 457 1424 487; x_wconf 81' lang='lat' dir='ltr'><strong>Turonensis</strong></span> <span class='ocrx_word' id='word_1_332' title='bbox 1440 457 1605 495; x_wconf 87' lang='lat' dir='ltr'><strong>dioecesis,</strong></span> <span class='ocrx_word' id='word_1_333' title='bbox 1619 458 1652 487; x_wconf 91' lang='lat' dir='ltr'><strong>in</strong></span> <span class='ocrx_word' id='word_1_334' title='bbox 1672 463 1809 496; x_wconf 88' lang='lat' dir='ltr'><strong>quatuor</strong></span> <span class='ocrx_word' id='word_1_335' title='bbox 1823 457 1932 488; x_wconf 78' lang='lat' dir='ltr'><strong>beatae</strong></span> <span class='ocrx_word' id='word_1_336' title='bbox 1949 458 2069 489; x_wconf 80' lang='lat' dir='ltr'><strong>Mariae</strong></span> <span class='ocrx_word' id='word_1_337' title='bbox 2082 458 2236 490; x_wconf 77' lang='lat' dir='ltr'><strong>festivita-</strong></span> 
     </span>
     <span class='ocr_line' id='line_1_49' title="bbox 1228 510 2236 549; baseline 0.004 -10"><span class='ocrx_word' id='word_1_338' title='bbox 1228 510 1328 545; x_wconf 79' lang='lat' dir='ltr'><strong>tibus,</strong></span> <span class='ocrx_word' id='word_1_339' title='bbox 1350 518 1406 548; x_wconf 89' lang='lat' dir='ltr'><strong>per</strong></span> <span class='ocrx_word' id='word_1_340' title='bbox 1429 514 1498 540; x_wconf 86' lang='lat' dir='ltr'><strong>octo</strong></span> <span class='ocrx_word' id='word_1_341' title='bbox 1525 510 1595 540; x_wconf 84' lang='lat' dir='ltr'><strong>dies</strong></span> <span class='ocrx_word' id='word_1_342' title='bbox 1622 515 1794 549; x_wconf 83' lang='lat' dir='ltr'><strong>sequentes</strong></span> <span class='ocrx_word' id='word_1_343' title='bbox 1819 515 1850 540; x_wconf 87' lang='lat' dir='ltr'><strong>et</strong></span> <span class='ocrx_word' id='word_1_344' title='bbox 1877 511 1911 540; x_wconf 89' lang='lat' dir='ltr'><strong>iu</strong></span> <span class='ocrx_word' id='word_1_345' title='bbox 1935 511 2159 542; x_wconf 83' lang='lat' dir='ltr'><strong>anniversario</strong></span> <span class='ocrx_word' id='word_1_346' title='bbox 2183 510 2236 543; x_wconf 84' lang='lat' dir='ltr'><strong>die</strong></span> 
     </span>
     <span class='ocr_line' id='line_1_50' title="bbox 1226 562 2235 603; baseline 0.003 -11"><span class='ocrx_word' id='word_1_347' title='bbox 1226 562 1438 593; x_wconf 81' lang='lat' dir='ltr'><strong>dedicationis</strong></span> <span class='ocrx_word' id='word_1_348' title='bbox 1463 562 1607 602; x_wconf 85' lang='lat' dir='ltr'><strong>ejusdem</strong></span> <span class='ocrx_word' id='word_1_349' title='bbox 1631 562 1794 593; x_wconf 86' lang='lat' dir='ltr'><strong>ecclesiae.</strong></span> <span class='ocrx_word' id='word_1_350' title='bbox 1817 562 1888 594; x_wconf 81' lang='lat' dir='ltr'><strong>Dat.</strong></span> <span class='ocrx_word' id='word_1_351' title='bbox 1912 563 1997 603; x_wconf 84' lang='lat' dir='ltr'><strong>apud</strong></span> <span class='ocrx_word' id='word_1_352' title='bbox 2023 564 2235 596; x_wconf 83' lang='lat' dir='ltr'><strong>Urbemvete-</strong></span> 
     </span>
     <span class='ocr_line' id='line_1_51' title="bbox 1228 616 1778 654; baseline 0.002 -9"><span class='ocrx_word' id='word_1_353' title='bbox 1228 625 1311 652; x_wconf 83' lang='lat' dir='ltr'><strong>rein,</strong></span> <span class='ocrx_word' id='word_1_354' title='bbox 1330 616 1424 646; x_wconf 89' lang='lat' dir='ltr'><strong>nouis</strong></span> <span class='ocrx_word' id='word_1_355' title='bbox 1444 616 1537 653; x_wconf 77' lang='lat' dir='ltr'><strong>maii,</strong></span> <span class='ocrx_word' id='word_1_356' title='bbox 1553 624 1640 647; x_wconf 90' lang='lat' dir='ltr'><strong>anuo</strong></span> <span class='ocrx_word' id='word_1_357' title='bbox 1654 620 1778 654; x_wconf 81' lang='lat' dir='ltr'><strong>quat-to.</strong></span> 
     </span>
    </p>
   </div>
   <div class='ocr_carea' id='block_1_14' title="bbox 1806 709 2163 746">
    <p class='ocr_par' dir='ltr' id='par_1_21' title="bbox 1806 709 2163 746">
     <span class='ocr_line' id='line_1_52' title="bbox 1806 709 2163 746; baseline 0.003 -8"><span class='ocrx_word' id='word_1_358' title='bbox 1806 709 1938 743; x_wconf 80' lang='lat' dir='ltr'><strong>Orvieto‚</strong></span> <span class='ocrx_word' id='word_1_359' title='bbox 1956 711 2067 746; x_wconf 72' lang='lat' dir='ltr'><strong>10‘juiu</strong></span> <span class='ocrx_word' id='word_1_360' title='bbox 2084 711 2163 739; x_wconf 69' lang='lat'>¹29¹.</span> 
     </span>
    </p>
   </div>
   <div class='ocr_carea' id='block_1_15' title="bbox 1224 771 2237 1240">
    <p class='ocr_par' dir='ltr' id='par_1_22' title="bbox 1225 771 2237 1079">
     <span class='ocr_line' id='line_1_53' title="bbox 1269 771 2236 814; baseline 0.004 -13"><span class='ocrx_word' id='word_1_361' title='bbox 1269 773 1303 801; x_wconf 87' lang='lat' dir='ltr'><strong>ln</strong></span> <span class='ocrx_word' id='word_1_362' title='bbox 1323 781 1350 802; x_wconf 89' lang='lat' dir='ltr'><strong>e.</strong></span> <span class='ocrx_word' id='word_1_363' title='bbox 1369 781 1426 809; x_wconf 77' lang='lat' dir='ltr'><strong>m.¹</strong></span> <span class='ocrx_word' id='word_1_364' title='bbox 1445 781 1500 811; x_wconf 84' lang='lat' dir='ltr'><strong>pro</strong></span> <span class='ocrx_word' id='word_1_365' title='bbox 1516 771 1649 803; x_wconf 87' lang='lat' dir='ltr'><strong>ecclesia</strong></span> <span class='ocrx_word' id='word_1_366' title='bbox 1668 797 1687 803; x_wconf 93' lang='lat'><strong>..</strong></span> <span class='ocrx_word' id='word_1_367' title='bbox 1706 774 1917 813; x_wconf 85' lang='lat' dir='ltr'><strong>praeceptoris</strong></span> <span class='ocrx_word' id='word_1_368' title='bbox 1932 777 1964 804; x_wconf 83' lang='lat' dir='ltr'><strong>et</strong></span> <span class='ocrx_word' id='word_1_369' title='bbox 1979 774 2116 804; x_wconf 80' lang='lat' dir='ltr'><strong>fratrum</strong></span> <span class='ocrx_word' id='word_1_370' title='bbox 2131 774 2236 814; x_wconf 84' lang='lat' dir='ltr'><strong>hospi-</strong></span> 
     </span>
     <span class='ocr_line' id='line_1_54' title="bbox 1227 825 2234 865; baseline 0.004 -11"><span class='ocrx_word' id='word_1_371' title='bbox 1227 825 1297 855; x_wconf 81' lang='lat' dir='ltr'><strong>talis</strong></span> <span class='ocrx_word' id='word_1_372' title='bbox 1322 826 1430 855; x_wconf 78' lang='lat' dir='ltr'><strong>Sancti</strong></span> <span class='ocrx_word' id='word_1_373' title='bbox 1450 825 1612 855; x_wconf 72' lang='lat' dir='ltr'><strong>Johannis</strong></span> <span class='ocrx_word' id='word_1_374' title='bbox 1635 826 1755 865; x_wconf 85' lang='lat' dir='ltr'><strong>Appari</strong></span> <span class='ocrx_word' id='word_1_375' title='bbox 1781 826 1814 856; x_wconf 89' lang='lat' dir='ltr'><strong>in</strong></span> <span class='ocrx_word' id='word_1_376' title='bbox 1836 825 1938 857; x_wconf 86' lang='lat' dir='ltr'><strong>Galdo</strong></span> <span class='ocrx_word' id='word_1_377' title='bbox 1959 826 2234 864; x_wconf 75' lang='lat' dir='ltr'><strong>Jerosolimitani.</strong></span> 
     </span>
     <span class='ocr_line' id='line_1_55' title="bbox 1226 878 2237 919; baseline 0.005 -12"><span class='ocrx_word' id='word_1_378' title='bbox 1226 878 1397 917; x_wconf 85' lang='lat' dir='ltr'><strong>Aquinatis</strong></span> <span class='ocrx_word' id='word_1_379' title='bbox 1411 878 1577 915; x_wconf 80' lang='lat' dir='ltr'><strong>dioecesis,</strong></span> <span class='ocrx_word' id='word_1_380' title='bbox 1595 880 1629 909; x_wconf 92' lang='lat' dir='ltr'><strong>in</strong></span> <span class='ocrx_word' id='word_1_381' title='bbox 1645 884 1782 919; x_wconf 85' lang='lat' dir='ltr'><strong>quatuor</strong></span> <span class='ocrx_word' id='word_1_382' title='bbox 1796 880 1906 911; x_wconf 86' lang='lat' dir='ltr'><strong>beatae</strong></span> <span class='ocrx_word' id='word_1_383' title='bbox 1922 880 2051 917; x_wconf 85' lang='lat' dir='ltr'><strong>Mariae,</strong></span> <span class='ocrx_word' id='word_1_384' title='bbox 2068 881 2099 911; x_wconf 88' lang='lat' dir='ltr'><strong>S.</strong></span> <span class='ocrx_word' id='word_1_385' title='bbox 2115 880 2237 912; x_wconf 67' lang='lat' dir='ltr'><strong>‚Iohan-</strong></span> 
     </span>
     <span class='ocr_line' id='line_1_56' title="bbox 1226 931 2236 972; baseline 0.004 -11"><span class='ocrx_word' id='word_1_386' title='bbox 1226 931 1275 961; x_wconf 86' lang='lat' dir='ltr'><strong>nis</strong></span> <span class='ocrx_word' id='word_1_387' title='bbox 1299 931 1458 971; x_wconf 83' lang='lat' dir='ltr'><strong>Baptistae</strong></span> <span class='ocrx_word' id='word_1_388' title='bbox 1481 938 1510 962; x_wconf 91' lang='lat' dir='ltr'><strong>et</strong></span> <span class='ocrx_word' id='word_1_389' title='bbox 1533 932 1565 962; x_wconf 88' lang='lat' dir='ltr'><strong>S.</strong></span> <span class='ocrx_word' id='word_1_390' title='bbox 1583 933 1745 963; x_wconf 83' lang='lat' dir='ltr'><strong>Johaunis</strong></span> <span class='ocrx_word' id='word_1_391' title='bbox 1764 933 1987 972; x_wconf 82' lang='lat' dir='ltr'><strong>Evangelistae</strong></span> <span class='ocrx_word' id='word_1_392' title='bbox 2010 934 2236 965; x_wconf 70' lang='lat' dir='ltr'><strong>festivitatibus</strong></span> 
     </span>
     <span class='ocr_line' id='line_1_57' title="bbox 1225 985 2234 1026; baseline 0.004 -12"><span class='ocrx_word' id='word_1_393' title='bbox 1225 989 1256 1014; x_wconf 86' lang='lat' dir='ltr'><strong>et</strong></span> <span class='ocrx_word' id='word_1_394' title='bbox 1276 994 1330 1024; x_wconf 89' lang='lat' dir='ltr'><strong>per</strong></span> <span class='ocrx_word' id='word_1_395' title='bbox 1353 990 1422 1016; x_wconf 85' lang='lat' dir='ltr'><strong>octo</strong></span> <span class='ocrx_word' id='word_1_396' title='bbox 1447 986 1515 1016; x_wconf 88' lang='lat' dir='ltr'><strong>dies</strong></span> <span class='ocrx_word' id='word_1_397' title='bbox 1538 991 1720 1025; x_wconf 81' lang='lat' dir='ltr'><strong>sequentes.</strong></span> <span class='ocrx_word' id='word_1_398' title='bbox 1747 985 1817 1017; x_wconf 83' lang='lat' dir='ltr'><strong>Dat.</strong></span> <span class='ocrx_word' id='word_1_399' title='bbox 1843 986 1927 1026; x_wconf 87' lang='lat' dir='ltr'><strong>apud</strong></span> <span class='ocrx_word' id='word_1_400' title='bbox 1953 986 2234 1023; x_wconf 82' lang='lat' dir='ltr'><strong>Urbemveterem,</strong></span> 
     </span>
     <span class='ocr_line' id='line_1_58' title="bbox 1226 1037 1730 1079; baseline 0.006 -12"><span class='ocrx_word' id='word_1_401' title='bbox 1226 1037 1373 1068; x_wconf 87' lang='lat' dir='ltr'><strong>kalendis</strong></span> <span class='ocrx_word' id='word_1_402' title='bbox 1383 1039 1471 1078; x_wconf 90' lang='lat' dir='ltr'><strong>junii</strong></span> <span class='ocrx_word' id='word_1_403' title='bbox 1483 1062 1490 1076; x_wconf 92' lang='lat'><em>,</em></span> <span class='ocrx_word' id='word_1_404' title='bbox 1507 1048 1594 1070; x_wconf 90' lang='lat' dir='ltr'><strong>anno</strong></span> <span class='ocrx_word' id='word_1_405' title='bbox 1606 1045 1730 1079; x_wconf 78' lang='lat' dir='ltr'><strong>quarto.</strong></span> 
     </span>
    </p>

    <p class='ocr_par' dir='ltr' id='par_1_23' title="bbox 1224 1091 2237 1240">
     <span class='ocr_line' id='line_1_59' title="bbox 1266 1091 2235 1132; baseline 0.004 -11"><span class='ocrx_word' id='word_1_406' title='bbox 1266 1091 1302 1121; x_wconf 91' lang='lat' dir='ltr'><strong>Iu</strong></span> <span class='ocrx_word' id='word_1_407' title='bbox 1320 1100 1347 1121; x_wconf 87' lang='lat' dir='ltr'><strong>e.</strong></span> <span class='ocrx_word' id='word_1_408' title='bbox 1365 1101 1423 1130; x_wconf 85' lang='lat' dir='ltr'><strong>m.‚</strong></span> <span class='ocrx_word' id='word_1_409' title='bbox 1440 1102 1496 1132; x_wconf 83' lang='lat' dir='ltr'><strong>pro</strong></span> <span class='ocrx_word' id='word_1_410' title='bbox 1512 1093 1644 1124; x_wconf 87' lang='lat' dir='ltr'><strong>ecclesia</strong></span> <span class='ocrx_word' id='word_1_411' title='bbox 1666 1093 1774 1124; x_wconf 87' lang='lat' dir='ltr'><strong>Sancti</strong></span> <span class='ocrx_word' id='word_1_412' title='bbox 1801 1093 1968 1125; x_wconf 85' lang='lat' dir='ltr'><strong>Michaelis</strong></span> <span class='ocrx_word' id='word_1_413' title='bbox 1990 1093 2179 1132; x_wconf 76' lang='lat' dir='ltr'><strong>palentina,</strong></span> <span class='ocrx_word' id='word_1_414' title='bbox 2198 1094 2235 1125; x_wconf 89' lang='lat' dir='ltr'><strong>in</strong></span> 
     </span>
     <span class='ocr_line' id='line_1_60' title="bbox 1224 1145 2237 1187; baseline 0.006 -13"><span class='ocrx_word' id='word_1_415' title='bbox 1224 1145 1368 1184; x_wconf 88' lang='lat' dir='ltr'><strong>ejusdem</strong></span> <span class='ocrx_word' id='word_1_416' title='bbox 1385 1147 1485 1177; x_wconf 83' lang='lat' dir='ltr'><strong>sancti</strong></span> <span class='ocrx_word' id='word_1_417' title='bbox 1502 1153 1531 1176; x_wconf 90' lang='lat' dir='ltr'><strong>et</strong></span> <span class='ocrx_word' id='word_1_418' title='bbox 1545 1150 1681 1187; x_wconf 89' lang='lat' dir='ltr'><strong>quatuor</strong></span> <span class='ocrx_word' id='word_1_419' title='bbox 1699 1147 1808 1178; x_wconf 86' lang='lat' dir='ltr'><strong>beatae</strong></span> <span class='ocrx_word' id='word_1_420' title='bbox 1826 1148 1946 1178; x_wconf 84' lang='lat' dir='ltr'><strong>Mariae</strong></span> <span class='ocrx_word' id='word_1_421' title='bbox 1963 1148 2191 1180; x_wconf 74' lang='lat' dir='ltr'><strong>festivitatibus</strong></span> <span class='ocrx_word' id='word_1_422' title='bbox 2204 1152 2237 1180; x_wconf 74' lang='lat' dir='ltr'><strong>ot</strong></span> 
     </span>
     <span class='ocr_line' id='line_1_61' title="bbox 1224 1199 1913 1240; baseline 0.003 -11"><span class='ocrx_word' id='word_1_423' title='bbox 1224 1207 1280 1238; x_wconf 86' lang='lat' dir='ltr'><strong>per</strong></span> <span class='ocrx_word' id='word_1_424' title='bbox 1294 1203 1364 1230; x_wconf 90' lang='lat' dir='ltr'><strong>octo</strong></span> <span class='ocrx_word' id='word_1_425' title='bbox 1378 1199 1448 1230; x_wconf 87' lang='lat' dir='ltr'><strong>dies</strong></span> <span class='ocrx_word' id='word_1_426' title='bbox 1463 1205 1645 1240; x_wconf 80' lang='lat' dir='ltr'><strong>sequentes.</strong></span> <span class='ocrx_word' id='word_1_427' title='bbox 1665 1201 1737 1232; x_wconf 87' lang='lat' dir='ltr'><strong>Dat.</strong></span> <span class='ocrx_word' id='word_1_428' title='bbox 1755 1205 1791 1231; x_wconf 93' lang='lat' dir='ltr'><strong>ut</strong></span> <span class='ocrx_word' id='word_1_429' title='bbox 1806 1210 1913 1240; x_wconf 88' lang='lat' dir='ltr'><strong>supra.</strong></span> 
     </span>
    </p>
   </div>
   <div class='ocr_carea' id='block_1_16' title="bbox 1827 1293 2163 1330">
    <p class='ocr_par' dir='ltr' id='par_1_24' title="bbox 1827 1293 2163 1330">
     <span class='ocr_line' id='line_1_62' title="bbox 1827 1293 2163 1330; baseline -0.003 -8"><span class='ocrx_word' id='word_1_430' title='bbox 1827 1294 1955 1326; x_wconf 85' lang='lat' dir='ltr'><strong>Orvieto.</strong></span> <span class='ocrx_word' id='word_1_431' title='bbox 1972 1295 1986 1322; x_wconf 74' lang='lat'>⁴</span> <span class='ocrx_word' id='word_1_432' title='bbox 2001 1295 2066 1330; x_wconf 86' lang='lat' dir='ltr'><strong>juin</strong></span> <span class='ocrx_word' id='word_1_433' title='bbox 2082 1293 2163 1323; x_wconf 75' lang='lat'>¹291.</span> 
     </span>
    </p>
   </div>
   <div class='ocr_carea' id='block_1_17' title="bbox 1222 1355 2235 1558">
    <p class='ocr_par' dir='ltr' id='par_1_25' title="bbox 1222 1355 2235 1558">
     <span class='ocr_line' id='line_1_63' title="bbox 1266 1355 2233 1396; baseline 0.004 -11"><span class='ocrx_word' id='word_1_434' title='bbox 1266 1355 1301 1385; x_wconf 86' lang='lat' dir='ltr'><strong>tu</strong></span> <span class='ocrx_word' id='word_1_435' title='bbox 1323 1365 1350 1386; x_wconf 90' lang='lat' dir='ltr'><strong>e.</strong></span> <span class='ocrx_word' id='word_1_436' title='bbox 1378 1365 1436 1395; x_wconf 86' lang='lat' dir='ltr'><strong>m.,</strong></span> <span class='ocrx_word' id='word_1_437' title='bbox 1462 1365 1516 1396; x_wconf 84' lang='lat' dir='ltr'><strong>pro</strong></span> <span class='ocrx_word' id='word_1_438' title='bbox 1539 1356 1675 1388; x_wconf 86' lang='lat' dir='ltr'><strong>ecclesia</strong></span> <span class='ocrx_word' id='word_1_439' title='bbox 1701 1358 1836 1388; x_wconf 83' lang='lat' dir='ltr'><strong>Sanctae</strong></span> <span class='ocrx_word' id='word_1_440' title='bbox 1862 1358 1983 1388; x_wconf 86' lang='lat' dir='ltr'><strong>Mariae</strong></span> <span class='ocrx_word' id='word_1_441' title='bbox 2006 1357 2047 1388; x_wconf 90' lang='lat' dir='ltr'><strong>de</strong></span> <span class='ocrx_word' id='word_1_442' title='bbox 2070 1357 2233 1396; x_wconf 74' lang='lat' dir='ltr'><strong>Pruueto,</strong></span> 
     </span>
     <span class='ocr_line' id='line_1_64' title="bbox 1223 1408 2235 1451; baseline 0.003 -12"><span class='ocrx_word' id='word_1_443' title='bbox 1223 1408 1428 1441; x_wconf 80' lang='lat' dir='ltr'><strong>Flerentinae</strong></span> <span class='ocrx_word' id='word_1_444' title='bbox 1444 1410 1614 1446; x_wconf 82' lang='lat' dir='ltr'><strong>dioecesis,</strong></span> <span class='ocrx_word' id='word_1_445' title='bbox 1634 1411 1668 1441; x_wconf 93' lang='lat' dir='ltr'><strong>iu</strong></span> <span class='ocrx_word' id='word_1_446' title='bbox 1684 1416 1821 1451; x_wconf 86' lang='lat' dir='ltr'><strong>quatuor</strong></span> <span class='ocrx_word' id='word_1_447' title='bbox 1835 1412 1978 1451; x_wconf 86' lang='lat' dir='ltr'><strong>ejusdem</strong></span> <span class='ocrx_word' id='word_1_448' title='bbox 1995 1411 2133 1451; x_wconf 82' lang='lat' dir='ltr'><strong>virginis</strong></span> <span class='ocrx_word' id='word_1_449' title='bbox 2148 1411 2235 1443; x_wconf 83' lang='lat' dir='ltr'><strong>festi—</strong></span> 
     </span>
     <span class='ocr_line' id='line_1_65' title="bbox 1223 1463 2234 1505; baseline 0.005 -13"><span class='ocrx_word' id='word_1_450' title='bbox 1223 1463 1376 1493; x_wconf 86' lang='lat' dir='ltr'><strong>vitatibus</strong></span> <span class='ocrx_word' id='word_1_451' title='bbox 1391 1468 1422 1494; x_wconf 87' lang='lat' dir='ltr'><strong>et</strong></span> <span class='ocrx_word' id='word_1_452' title='bbox 1442 1473 1500 1503; x_wconf 88' lang='lat' dir='ltr'><strong>per</strong></span> <span class='ocrx_word' id='word_1_453' title='bbox 1520 1469 1589 1494; x_wconf 90' lang='lat' dir='ltr'><strong>octo</strong></span> <span class='ocrx_word' id='word_1_454' title='bbox 1607 1464 1677 1494; x_wconf 88' lang='lat' dir='ltr'><strong>dies</strong></span> <span class='ocrx_word' id='word_1_455' title='bbox 1698 1469 1879 1504; x_wconf 84' lang='lat' dir='ltr'><strong>sequentes.</strong></span> <span class='ocrx_word' id='word_1_456' title='bbox 1902 1465 1974 1496; x_wconf 88' lang='lat' dir='ltr'><strong>Dat.</strong></span> <span class='ocrx_word' id='word_1_457' title='bbox 1991 1465 2076 1505; x_wconf 84' lang='lat' dir='ltr'><strong>apud</strong></span> <span class='ocrx_word' id='word_1_458' title='bbox 2094 1465 2234 1497; x_wconf 81' lang='lat' dir='ltr'><strong>Urbem-</strong></span> 
     </span>
     <span class='ocr_line' id='line_1_66' title="bbox 1222 1517 1890 1558; baseline 0.003 -12"><span class='ocrx_word' id='word_1_459' title='bbox 1222 1520 1374 1552; x_wconf 85' lang='lat' dir='ltr'><strong>veterem,</strong></span> <span class='ocrx_word' id='word_1_460' title='bbox 1393 1526 1414 1546; x_wconf 92' lang='lat' dir='ltr'><strong>n</strong></span> <span class='ocrx_word' id='word_1_461' title='bbox 1430 1525 1533 1548; x_wconf 89' lang='lat' dir='ltr'><strong>nonas</strong></span> <span class='ocrx_word' id='word_1_462' title='bbox 1544 1517 1649 1556; x_wconf 81' lang='lat' dir='ltr'><strong>junii,</strong></span> <span class='ocrx_word' id='word_1_463' title='bbox 1667 1526 1754 1548; x_wconf 90' lang='lat' dir='ltr'><strong>anno</strong></span> <span class='ocrx_word' id='word_1_464' title='bbox 1766 1523 1890 1558; x_wconf 86' lang='lat' dir='ltr'><strong>quarto.</strong></span> 
     </span>
    </p>
   </div>
   <div class='ocr_carea' id='block_1_18' title="bbox 1809 1611 2162 1644">
    <p class='ocr_par' dir='ltr' id='par_1_26' title="bbox 1809 1611 2162 1644">
     <span class='ocr_line' id='line_1_67' title="bbox 1809 1611 2162 1644; baseline 0.003 -5"><span class='ocrx_word' id='word_1_465' title='bbox 1809 1612 1940 1644; x_wconf 85' lang='lat' dir='ltr'><strong>Orvieto,</strong></span> <span class='ocrx_word' id='word_1_466' title='bbox 1956 1612 1991 1639; x_wconf 75' lang='lat'><strong>25</strong></span> <span class='ocrx_word' id='word_1_467' title='bbox 2008 1612 2065 1640; x_wconf 73' lang='lat' dir='ltr'><strong>mai</strong></span> <span class='ocrx_word' id='word_1_468' title='bbox 2082 1611 2162 1641; x_wconf 73' lang='lat'><strong>¹2⁹1.</strong></span> 
     </span>
    </p>
   </div>
   <div class='ocr_carea' id='block_1_19' title="bbox 1223 1674 2236 1929">
    <p class='ocr_par' dir='ltr' id='par_1_27' title="bbox 1223 1674 2236 1822">
     <span class='ocr_line' id='line_1_68' title="bbox 1264 1674 2236 1715; baseline 0.002 -11"><span class='ocrx_word' id='word_1_469' title='bbox 1264 1674 1302 1704; x_wconf 92' lang='lat' dir='ltr'><strong>In</strong></span> <span class='ocrx_word' id='word_1_470' title='bbox 1317 1683 1345 1704; x_wconf 86' lang='lat' dir='ltr'><strong>e.</strong></span> <span class='ocrx_word' id='word_1_471' title='bbox 1363 1683 1407 1704; x_wconf 92' lang='lat' dir='ltr'><strong>m.</strong></span> <span class='ocrx_word' id='word_1_472' title='bbox 1425 1674 1571 1705; x_wconf 86' lang='lat' dir='ltr'><strong>eamdem</strong></span> <span class='ocrx_word' id='word_1_473' title='bbox 1587 1674 1823 1714; x_wconf 86' lang='lat' dir='ltr'><strong>indulgentiam</strong></span> <span class='ocrx_word' id='word_1_474' title='bbox 1839 1675 1987 1706; x_wconf 89' lang='lat' dir='ltr'><strong>concedit</strong></span> <span class='ocrx_word' id='word_1_475' title='bbox 2000 1675 2048 1706; x_wconf 88' lang='lat' dir='ltr'><strong>eis</strong></span> <span class='ocrx_word' id='word_1_476' title='bbox 2063 1675 2120 1715; x_wconf 87' lang='lat' dir='ltr'><strong>qui</strong></span> <span class='ocrx_word' id='word_1_477' title='bbox 2133 1697 2154 1706; x_wconf 90' lang='lat'><strong>..</strong></span> <span class='ocrx_word' id='word_1_478' title='bbox 2169 1682 2236 1706; x_wconf 84' lang='lat' dir='ltr'><strong>reo-</strong></span> 
     </span>
     <span class='ocr_line' id='line_1_69' title="bbox 1224 1728 2234 1769; baseline 0.003 -12"><span class='ocrx_word' id='word_1_479' title='bbox 1224 1728 1284 1758; x_wconf 87' lang='lat' dir='ltr'><strong>tori</strong></span> <span class='ocrx_word' id='word_1_480' title='bbox 1294 1733 1325 1758; x_wconf 88' lang='lat' dir='ltr'><strong>et</strong></span> <span class='ocrx_word' id='word_1_481' title='bbox 1334 1728 1486 1758; x_wconf 87' lang='lat' dir='ltr'><strong>fratribus</strong></span> <span class='ocrx_word' id='word_1_482' title='bbox 1496 1728 1611 1759; x_wconf 87' lang='lat' dir='ltr'><strong>domus</strong></span> <span class='ocrx_word' id='word_1_483' title='bbox 1622 1728 1822 1767; x_wconf 80' lang='lat' dir='ltr'><strong>leprosorum</strong></span> <span class='ocrx_word' id='word_1_484' title='bbox 1834 1729 1872 1759; x_wconf 92' lang='lat' dir='ltr'><strong>de</strong></span> <span class='ocrx_word' id='word_1_485' title='bbox 1880 1728 1998 1760; x_wconf 86' lang='lat' dir='ltr'><strong>Sancto</strong></span> <span class='ocrx_word' id='word_1_486' title='bbox 2006 1729 2124 1760; x_wconf 75' lang='lat' dir='ltr'><strong>Lazaro</strong></span> <span class='ocrx_word' id='word_1_487' title='bbox 2137 1736 2234 1769; x_wconf 81' lang='lat' dir='ltr'><strong>propo</strong></span> 
     </span>
     <span class='ocr_line' id='line_1_70' title="bbox 1223 1781 1940 1822; baseline 0.001 -11"><span class='ocrx_word' id='word_1_488' title='bbox 1223 1781 1404 1812; x_wconf 88' lang='lat' dir='ltr'><strong>Bononiam</strong></span> <span class='ocrx_word' id='word_1_489' title='bbox 1421 1790 1554 1812; x_wconf 86' lang='lat' dir='ltr'><strong>manum</strong></span> <span class='ocrx_word' id='word_1_490' title='bbox 1570 1782 1711 1812; x_wconf 89' lang='lat' dir='ltr'><strong>caritatis</strong></span> <span class='ocrx_word' id='word_1_491' title='bbox 1728 1783 1940 1822; x_wconf 84' lang='lat' dir='ltr'><strong>porrexerint.</strong></span> 
     </span>
    </p>

    <p class='ocr_par' dir='ltr' id='par_1_28' title="bbox 1224 1835 2230 1929">
     <span class='ocr_line' id='line_1_71' title="bbox 1267 1835 2230 1875; baseline 0.005 -12"><span class='ocrx_word' id='word_1_492' title='bbox 1267 1847 1280 1862; x_wconf 71' lang='lat' dir='ltr'><strong>a</strong></span> <span class='ocrx_word' id='word_1_493' title='bbox 1309 1835 1468 1871; x_wconf 89' lang='lat' dir='ltr'><strong>Quoniam</strong></span> <span class='ocrx_word' id='word_1_494' title='bbox 1499 1840 1533 1865; x_wconf 85' lang='lat' dir='ltr'><strong>ut</strong></span> <span class='ocrx_word' id='word_1_495' title='bbox 1560 1836 1643 1866; x_wconf 89' lang='lat' dir='ltr'><strong>ait...</strong></span> <span class='ocrx_word' id='word_1_496' title='bbox 1670 1852 1710 1859; x_wconf 96' lang='lat'>—</span> <span class='ocrx_word' id='word_1_497' title='bbox 1735 1836 1806 1866; x_wconf 88' lang='lat' dir='ltr'><strong>Dat.</strong></span> <span class='ocrx_word' id='word_1_498' title='bbox 1831 1836 1914 1875; x_wconf 89' lang='lat' dir='ltr'><strong>apud</strong></span> <span class='ocrx_word' id='word_1_499' title='bbox 1944 1835 2209 1868; x_wconf 84' lang='lat' dir='ltr'><strong>Urbemveterem</strong></span> <span class='ocrx_word' id='word_1_500' title='bbox 2222 1859 2230 1874; x_wconf 82' lang='lat'>.</span> 
     </span>
     <span class='ocr_line' id='line_1_72' title="bbox 1224 1887 2059 1929; baseline 0.002 -12"><span class='ocrx_word' id='word_1_501' title='bbox 1224 1897 1276 1917; x_wconf 82' lang='lat' dir='ltr'><strong>vni</strong></span> <span class='ocrx_word' id='word_1_502' title='bbox 1294 1887 1448 1918; x_wconf 83' lang='lat' dir='ltr'><strong>kalendas</strong></span> <span class='ocrx_word' id='word_1_503' title='bbox 1460 1889 1561 1928; x_wconf 73' lang='lat' dir='ltr'><strong>Junii,</strong></span> <span class='ocrx_word' id='word_1_504' title='bbox 1579 1897 1666 1919; x_wconf 85' lang='lat' dir='ltr'><strong>anno</strong></span> <span class='ocrx_word' id='word_1_505' title='bbox 1681 1893 1803 1928; x_wconf 86' lang='lat' dir='ltr'><strong>quarto.</strong></span> <span class='ocrx_word' id='word_1_506' title='bbox 1824 1901 1837 1916; x_wconf 73' lang='lat' dir='ltr'>n</span> <span class='ocrx_word' id='word_1_507' title='bbox 1853 1888 1914 1928; x_wconf 86' lang='lat' dir='ltr'><strong>(En</strong></span> <span class='ocrx_word' id='word_1_508' title='bbox 1928 1890 2059 1929; x_wconf 73' lang='lat' dir='ltr'><strong>marqe.)</strong></span> 
     </span>
    </p>
   </div>
   <div class='ocr_carea' id='block_1_20' title="bbox 1801 1982 2159 2018">
    <p class='ocr_par' dir='ltr' id='par_1_29' title="bbox 1801 1982 2159 2018">
     <span class='ocr_line' id='line_1_73' title="bbox 1801 1982 2159 2018; baseline 0 -8"><span class='ocrx_word' id='word_1_509' title='bbox 1801 1982 1934 2017; x_wconf 74' lang='lat' dir='ltr'><strong>Orvieto,</strong></span> <span class='ocrx_word' id='word_1_510' title='bbox 1952 1983 1985 2010; x_wconf 76' lang='lat'><strong>¹0</strong></span> <span class='ocrx_word' id='word_1_511' title='bbox 1995 1983 2062 2018; x_wconf 84' lang='lat' dir='ltr'><strong>juin</strong></span> <span class='ocrx_word' id='word_1_512' title='bbox 2080 1982 2159 2012; x_wconf 68' lang='lat'>¹²9¹.</span> 
     </span>
    </p>
   </div>
   <div class='ocr_carea' id='block_1_21' title="bbox 1214 2058 2233 2526">
    <p class='ocr_par' dir='ltr' id='par_1_30' title="bbox 1219 2058 2233 2420">
     <span class='ocr_line' id='line_1_74' title="bbox 1262 2058 2232 2098; baseline 0.002 -10"><span class='ocrx_word' id='word_1_513' title='bbox 1262 2058 1299 2088; x_wconf 91' lang='lat' dir='ltr'><strong>Iu</strong></span> <span class='ocrx_word' id='word_1_514' title='bbox 1321 2067 1350 2089; x_wconf 84' lang='lat' dir='ltr'><strong>e.</strong></span> <span class='ocrx_word' id='word_1_515' title='bbox 1372 2067 1416 2088; x_wconf 92' lang='lat' dir='ltr'><strong>m.</strong></span> <span class='ocrx_word' id='word_1_516' title='bbox 1439 2059 1584 2089; x_wconf 88' lang='lat' dir='ltr'><strong>eamdem</strong></span> <span class='ocrx_word' id='word_1_517' title='bbox 1606 2058 1842 2098; x_wconf 85' lang='lat' dir='ltr'><strong>indulgentiam</strong></span> <span class='ocrx_word' id='word_1_518' title='bbox 1864 2059 2010 2090; x_wconf 88' lang='lat' dir='ltr'><strong>concedit</strong></span> <span class='ocrx_word' id='word_1_519' title='bbox 2029 2058 2232 2091; x_wconf 83' lang='lat' dir='ltr'><strong>visitantibus</strong></span> 
     </span>
     <span class='ocr_line' id='line_1_75' title="bbox 1221 2111 2232 2153; baseline 0.002 -11"><span class='ocrx_word' id='word_1_520' title='bbox 1221 2111 1389 2142; x_wconf 84' lang='lat' dir='ltr'><strong>ecclesiam</strong></span> <span class='ocrx_word' id='word_1_521' title='bbox 1414 2113 1574 2153; x_wconf 80' lang='lat' dir='ltr'><strong>prioratus</strong></span> <span class='ocrx_word' id='word_1_522' title='bbox 1601 2113 1639 2144; x_wconf 87' lang='lat' dir='ltr'><strong>de</strong></span> <span class='ocrx_word' id='word_1_523' title='bbox 1660 2113 1811 2152; x_wconf 82' lang='lat' dir='ltr'><strong>Spanha.</strong></span> <span class='ocrx_word' id='word_1_524' title='bbox 1837 2113 1960 2144; x_wconf 88' lang='lat' dir='ltr'><strong>ordinis</strong></span> <span class='ocrx_word' id='word_1_525' title='bbox 1982 2112 2016 2144; x_wconf 92' lang='lat' dir='ltr'><strong>S.</strong></span> <span class='ocrx_word' id='word_1_526' title='bbox 2045 2112 2232 2150; x_wconf 85' lang='lat' dir='ltr'><strong>Benedicti,</strong></span> 
     </span>
     <span class='ocr_line' id='line_1_76' title="bbox 1222 2166 2233 2206; baseline 0.001 -10"><span class='ocrx_word' id='word_1_527' title='bbox 1222 2166 1460 2197; x_wconf 86' lang='lat' dir='ltr'><strong>Lemovicensis</strong></span> <span class='ocrx_word' id='word_1_528' title='bbox 1487 2167 1658 2205; x_wconf 86' lang='lat' dir='ltr'><strong>dioecesis,</strong></span> <span class='ocrx_word' id='word_1_529' title='bbox 1683 2167 1717 2197; x_wconf 89' lang='lat' dir='ltr'><strong>in</strong></span> <span class='ocrx_word' id='word_1_530' title='bbox 1749 2170 1886 2206; x_wconf 90' lang='lat' dir='ltr'><strong>quatuor</strong></span> <span class='ocrx_word' id='word_1_531' title='bbox 1914 2167 2023 2197; x_wconf 88' lang='lat' dir='ltr'><strong>beatae</strong></span> <span class='ocrx_word' id='word_1_532' title='bbox 2051 2166 2173 2198; x_wconf 84' lang='lat' dir='ltr'><strong>Mariae</strong></span> <span class='ocrx_word' id='word_1_533' title='bbox 2201 2171 2233 2197; x_wconf 88' lang='lat' dir='ltr'><strong>et.</strong></span> 
     </span>
     <span class='ocr_line' id='line_1_77' title="bbox 1220 2219 2231 2259; baseline 0.002 -10"><span class='ocrx_word' id='word_1_534' title='bbox 1220 2219 1358 2258; x_wconf 84' lang='lat' dir='ltr'><strong>singulis</strong></span> <span class='ocrx_word' id='word_1_535' title='bbox 1374 2225 1556 2251; x_wconf 87' lang='lat' dir='ltr'><strong>sanctorum</strong></span> <span class='ocrx_word' id='word_1_536' title='bbox 1574 2219 1722 2251; x_wconf 88' lang='lat' dir='ltr'><strong>Gervasii</strong></span> <span class='ocrx_word' id='word_1_537' title='bbox 1737 2224 1768 2250; x_wconf 84' lang='lat' dir='ltr'><strong>et</strong></span> <span class='ocrx_word' id='word_1_538' title='bbox 1781 2219 1953 2257; x_wconf 80' lang='lat' dir='ltr'><strong>Prothasii,</strong></span> <span class='ocrx_word' id='word_1_539' title='bbox 1969 2220 2003 2250; x_wconf 90' lang='lat' dir='ltr'><strong>in</strong></span> <span class='ocrx_word' id='word_1_540' title='bbox 2022 2219 2116 2259; x_wconf 87' lang='lat' dir='ltr'><strong>cujus</strong></span> <span class='ocrx_word' id='word_1_541' title='bbox 2131 2219 2231 2251; x_wconf 85' lang='lat' dir='ltr'><strong>hono·</strong></span> 
     </span>
     <span class='ocr_line' id='line_1_78' title="bbox 1220 2273 2230 2311; baseline 0.002 -9"><span class='ocrx_word' id='word_1_542' title='bbox 1220 2281 1288 2302; x_wconf 83' lang='lat' dir='ltr'><strong>rein</strong></span> <span class='ocrx_word' id='word_1_543' title='bbox 1311 2273 1422 2303; x_wconf 85' lang='lat' dir='ltr'><strong>eadem</strong></span> <span class='ocrx_word' id='word_1_544' title='bbox 1448 2273 1582 2304; x_wconf 87' lang='lat' dir='ltr'><strong>ecclesia</strong></span> <span class='ocrx_word' id='word_1_545' title='bbox 1602 2278 1650 2304; x_wconf 89' lang='lat' dir='ltr'><strong>est</strong></span> <span class='ocrx_word' id='word_1_546' title='bbox 1663 2279 1844 2304; x_wconf 84' lang='lat' dir='ltr'><strong>constructa</strong></span> <span class='ocrx_word' id='word_1_547' title='bbox 1856 2297 1864 2311; x_wconf 86' lang='lat'>,</span> <span class='ocrx_word' id='word_1_548' title='bbox 1881 2278 1912 2304; x_wconf 87' lang='lat' dir='ltr'><strong>et.</strong></span> <span class='ocrx_word' id='word_1_549' title='bbox 1930 2273 2027 2304; x_wconf 81' lang='lat' dir='ltr'><strong>Blasii</strong></span> <span class='ocrx_word' id='word_1_550' title='bbox 2044 2273 2230 2305; x_wconf 79' lang='lat' dir='ltr'><strong>festivitati-</strong></span> 
     </span>
     <span class='ocr_line' id='line_1_79' title="bbox 1220 2325 2230 2366; baseline 0.001 -10"><span class='ocrx_word' id='word_1_551' title='bbox 1220 2327 1294 2362; x_wconf 79' lang='lat' dir='ltr'><strong>buS,</strong></span> <span class='ocrx_word' id='word_1_552' title='bbox 1313 2336 1366 2365; x_wconf 88' lang='lat' dir='ltr'><strong>per</strong></span> <span class='ocrx_word' id='word_1_553' title='bbox 1379 2331 1448 2358; x_wconf 90' lang='lat' dir='ltr'><strong>octo</strong></span> <span class='ocrx_word' id='word_1_554' title='bbox 1463 2327 1533 2357; x_wconf 86' lang='lat' dir='ltr'><strong>dies</strong></span> <span class='ocrx_word' id='word_1_555' title='bbox 1549 2331 1720 2366; x_wconf 85' lang='lat' dir='ltr'><strong>sequentes</strong></span> <span class='ocrx_word' id='word_1_556' title='bbox 1735 2332 1767 2357; x_wconf 88' lang='lat' dir='ltr'><strong>et.</strong></span> <span class='ocrx_word' id='word_1_557' title='bbox 1783 2327 1817 2357; x_wconf 87' lang='lat' dir='ltr'><strong>iu</strong></span> <span class='ocrx_word' id='word_1_558' title='bbox 1833 2327 2056 2358; x_wconf 85' lang='lat' dir='ltr'><strong>anniversario</strong></span> <span class='ocrx_word' id='word_1_559' title='bbox 2070 2326 2124 2358; x_wconf 83' lang='lat' dir='ltr'><strong>die</strong></span> <span class='ocrx_word' id='word_1_560' title='bbox 2138 2325 2230 2358; x_wconf 85' lang='lat' dir='ltr'><strong>dedi-</strong></span> 
     </span>
     <span class='ocr_line' id='line_1_80' title="bbox 1219 2380 1694 2420; baseline 0.002 -10"><span class='ocrx_word' id='word_1_561' title='bbox 1219 2380 1356 2410; x_wconf 87' lang='lat' dir='ltr'><strong>cationis</strong></span> <span class='ocrx_word' id='word_1_562' title='bbox 1372 2381 1516 2420; x_wconf 80' lang='lat' dir='ltr'><strong>ejusdem</strong></span> <span class='ocrx_word' id='word_1_563' title='bbox 1533 2380 1694 2411; x_wconf 84' lang='lat' dir='ltr'><strong>ecclesiae.</strong></span> 
     </span>
    </p>

    <p class='ocr_par' dir='ltr' id='par_1_31' title="bbox 1214 2432 2229 2526">
     <span class='ocr_line' id='line_1_81' title="bbox 1214 2432 2229 2474; baseline 0.002 -12"><span class='ocrx_word' id='word_1_564' title='bbox 1214 2437 1217 2441; x_wconf 91' lang='grc'><em>·</em></span> <span class='ocrx_word' id='word_1_565' title='bbox 1260 2446 1273 2460; x_wconf 71' lang='grc' dir='ltr'><em>α</em></span> <span class='ocrx_word' id='word_1_566' title='bbox 1294 2433 1380 2464; x_wconf 81' lang='lat' dir='ltr'><strong>Licet</strong></span> <span class='ocrx_word' id='word_1_567' title='bbox 1394 2434 1422 2463; x_wconf 81' lang='lat' dir='ltr'><strong>is</strong></span> <span class='ocrx_word' id='word_1_568' title='bbox 1438 2434 1514 2464; x_wconf 88' lang='lat' dir='ltr'><strong>de...</strong></span> <span class='ocrx_word' id='word_1_569' title='bbox 1533 2450 1571 2457; x_wconf 91' lang='lat'><em>—</em></span> <span class='ocrx_word' id='word_1_570' title='bbox 1588 2434 1659 2464; x_wconf 86' lang='lat' dir='ltr'><strong>Dat.</strong></span> <span class='ocrx_word' id='word_1_571' title='bbox 1680 2434 1764 2474; x_wconf 86' lang='lat' dir='ltr'><strong>apud</strong></span> <span class='ocrx_word' id='word_1_572' title='bbox 1786 2434 2067 2471; x_wconf 85' lang='lat' dir='ltr'><strong>Urbemveterem,</strong></span> <span class='ocrx_word' id='word_1_573' title='bbox 2088 2443 2136 2464; x_wconf 92' lang='grc' dir='ltr'>ιιιι</span> <span class='ocrx_word' id='word_1_574' title='bbox 2156 2432 2229 2465; x_wconf 88' lang='lat' dir='ltr'><strong>idus</strong></span> 
     </span>
     <span class='ocr_line' id='line_1_82' title="bbox 1215 2486 1709 2526; baseline 0.002 -11"><span class='ocrx_word' id='word_1_575' title='bbox 1215 2486 1318 2525; x_wconf 84' lang='lat' dir='ltr'><strong>junii,</strong></span> <span class='ocrx_word' id='word_1_576' title='bbox 1332 2495 1419 2517; x_wconf 89' lang='lat' dir='ltr'><strong>auno</strong></span> <span class='ocrx_word' id='word_1_577' title='bbox 1434 2492 1559 2526; x_wconf 82' lang='lat' dir='ltr'><strong>quarto.</strong></span> <span class='ocrx_word' id='word_1_578' title='bbox 1577 2499 1590 2514; x_wconf 74' lang='lat' dir='ltr'>n</span> <span class='ocrx_word' id='word_1_579' title='bbox 1604 2487 1709 2526; x_wconf 79' lang='grc' dir='ltr'><strong><em>(Ιὺὶά.)</em></strong></span> 
     </span>
    </p>
   </div>
   <div class='ocr_carea' id='block_1_22' title="bbox 1818 2553 2155 2589">
    <p class='ocr_par' dir='ltr' id='par_1_32' title="bbox 1818 2553 2155 2589">
     <span class='ocr_line' id='line_1_83' title="bbox 1818 2553 2155 2589; baseline 0 -7"><span class='ocrx_word' id='word_1_580' title='bbox 1818 2554 1951 2589; x_wconf 79' lang='lat' dir='ltr'><strong>Orvieto,</strong></span> <span class='ocrx_word' id='word_1_581' title='bbox 1967 2553 1984 2582; x_wconf 76' lang='lat'>9</span> <span class='ocrx_word' id='word_1_582' title='bbox 1995 2554 2060 2589; x_wconf 84' lang='lat' dir='ltr'><strong>juin</strong></span> <span class='ocrx_word' id='word_1_583' title='bbox 2077 2553 2155 2582; x_wconf 72' lang='lat'>¹2⁹¹.</span> 
     </span>
    </p>
   </div>
   <div class='ocr_carea' id='block_1_23' title="bbox 1212 2626 2249 2991">
    <p class='ocr_par' dir='ltr' id='par_1_33' title="bbox 1212 2626 2249 2884">
     <span class='ocr_line' id='line_1_84' title="bbox 1259 2626 2249 2670; baseline 0.002 -11"><span class='ocrx_word' id='word_1_584' title='bbox 1259 2630 1294 2659; x_wconf 87' lang='lat' dir='ltr'><strong>[n</strong></span> <span class='ocrx_word' id='word_1_585' title='bbox 1320 2639 1348 2660; x_wconf 91' lang='lat' dir='ltr'><strong>e.</strong></span> <span class='ocrx_word' id='word_1_586' title='bbox 1371 2639 1413 2661; x_wconf 89' lang='lat' dir='ltr'><strong>m.</strong></span> <span class='ocrx_word' id='word_1_587' title='bbox 1438 2630 1598 2661; x_wconf 87' lang='lat' dir='ltr'><strong>universis</strong></span> <span class='ocrx_word' id='word_1_588' title='bbox 1619 2630 1737 2660; x_wconf 90' lang='lat' dir='ltr'><strong>Christi</strong></span> <span class='ocrx_word' id='word_1_589' title='bbox 1761 2626 1991 2670; x_wconf 51' lang='lat' dir='ltr'><strong>fidelibus‘per</strong></span> <span class='ocrx_word' id='word_1_590' title='bbox 2011 2629 2224 2668; x_wconf 71' lang='lat' dir='ltr'><strong>Perusinum,</strong></span> <span class='ocrx_word' id='word_1_591' title='bbox 2247 2635 2249 2638; x_wconf 61' lang='lat'><em>⁴</em></span> 
     </span>
     <span class='ocr_line' id='line_1_85' title="bbox 1216 2682 2225 2716; baseline 0.001 -3"><span class='ocrx_word' id='word_1_592' title='bbox 1216 2682 1435 2714; x_wconf 73' lang='lat' dir='ltr'><strong>Florentinum</strong></span> <span class='ocrx_word' id='word_1_593' title='bbox 1455 2688 1483 2713; x_wconf 91' lang='lat' dir='ltr'><strong>et</strong></span> <span class='ocrx_word' id='word_1_594' title='bbox 1499 2684 1675 2714; x_wconf 81' lang='lat' dir='ltr'><strong>Seueuseu]</strong></span> <span class='ocrx_word' id='word_1_595' title='bbox 1693 2685 1837 2715; x_wconf 85' lang='lat' dir='ltr'><strong>civitates</strong></span> <span class='ocrx_word' id='word_1_596' title='bbox 1852 2689 1883 2715; x_wconf 85' lang='lat' dir='ltr'><strong>et</strong></span> <span class='ocrx_word' id='word_1_597' title='bbox 1896 2683 2057 2716; x_wconf 76' lang='lat' dir='ltr'><strong>dioeceses</strong></span> <span class='ocrx_word' id='word_1_598' title='bbox 2071 2684 2225 2715; x_wconf 79' lang='lat' dir='ltr'><strong>eonstitu-</strong></span> 
     </span>
     <span class='ocr_line' id='line_1_86' title="bbox 1217 2736 2227 2778; baseline 0.003 -12"><span class='ocrx_word' id='word_1_599' title='bbox 1217 2737 1265 2766; x_wconf 89' lang='lat' dir='ltr'><strong>tis.</strong></span> <span class='ocrx_word' id='word_1_600' title='bbox 1288 2737 1439 2767; x_wconf 81' lang='lat' dir='ltr'><strong>Eamdein</strong></span> <span class='ocrx_word' id='word_1_601' title='bbox 1464 2737 1701 2776; x_wconf 79' lang='lat' dir='ltr'><strong>indulgentiam</strong></span> <span class='ocrx_word' id='word_1_602' title='bbox 1725 2737 1872 2768; x_wconf 88' lang='lat' dir='ltr'><strong>concedit</strong></span> <span class='ocrx_word' id='word_1_603' title='bbox 1893 2738 1940 2768; x_wconf 85' lang='lat' dir='ltr'><strong>eis</strong></span> <span class='ocrx_word' id='word_1_604' title='bbox 1959 2736 2017 2778; x_wconf 89' lang='lat' dir='ltr'><strong>qui</strong></span> <span class='ocrx_word' id='word_1_605' title='bbox 2034 2759 2053 2768; x_wconf 89' lang='lat'><strong>..</strong></span> <span class='ocrx_word' id='word_1_606' title='bbox 2071 2737 2173 2778; x_wconf 82' lang='lat' dir='ltr'><strong>priori</strong></span> <span class='ocrx_word' id='word_1_607' title='bbox 2195 2742 2227 2769; x_wconf 81' lang='lat' dir='ltr'><strong>et</strong></span> 
     </span>
     <span class='ocr_line' id='line_1_87' title="bbox 1213 2790 2225 2830; baseline 0.002 -10"><span class='ocrx_word' id='word_1_608' title='bbox 1213 2790 1364 2821; x_wconf 85' lang='lat' dir='ltr'><strong>fratribus</strong></span> <span class='ocrx_word' id='word_1_609' title='bbox 1380 2790 1578 2830; x_wconf 86' lang='lat' dir='ltr'><strong>leprosorum</strong></span> <span class='ocrx_word' id='word_1_610' title='bbox 1596 2792 1730 2822; x_wconf 85' lang='lat' dir='ltr'><strong>Sanctae</strong></span> <span class='ocrx_word' id='word_1_611' title='bbox 1749 2792 1869 2822; x_wconf 87' lang='lat' dir='ltr'><strong>Mariae</strong></span> <span class='ocrx_word' id='word_1_612' title='bbox 1883 2790 1924 2822; x_wconf 86' lang='lat' dir='ltr'><strong>de</strong></span> <span class='ocrx_word' id='word_1_613' title='bbox 1936 2790 2035 2828; x_wconf 85' lang='lat' dir='ltr'><strong>Colle,</strong></span> <span class='ocrx_word' id='word_1_614' title='bbox 2048 2790 2225 2822; x_wconf 81' lang='lat' dir='ltr'><strong>Perusinae</strong></span> 
     </span>
     <span class='ocr_line' id='line_1_88' title="bbox 1212 2843 1912 2884; baseline 0 -10"><span class='ocrx_word' id='word_1_615' title='bbox 1212 2843 1379 2880; x_wconf 82' lang='lat' dir='ltr'><strong>dioecesis,</strong></span> <span class='ocrx_word' id='word_1_616' title='bbox 1398 2853 1530 2874; x_wconf 87' lang='lat' dir='ltr'><strong>manum</strong></span> <span class='ocrx_word' id='word_1_617' title='bbox 1547 2845 1687 2875; x_wconf 88' lang='lat' dir='ltr'><strong>caritatis</strong></span> <span class='ocrx_word' id='word_1_618' title='bbox 1703 2845 1912 2884; x_wconf 79' lang='lat' dir='ltr'><strong>porrexerint.</strong></span> 
     </span>
    </p>

    <p class='ocr_par' dir='ltr' id='par_1_34' title="bbox 1212 2897 2221 2991">
     <span class='ocr_line' id='line_1_89' title="bbox 1255 2897 2221 2937; baseline 0.003 -11"><span class='ocrx_word' id='word_1_619' title='bbox 1255 2909 1267 2923; x_wconf 74' lang='lat' dir='ltr'>n</span> <span class='ocrx_word' id='word_1_620' title='bbox 1300 2897 1459 2934; x_wconf 86' lang='lat' dir='ltr'><strong>Quoniam</strong></span> <span class='ocrx_word' id='word_1_621' title='bbox 1492 2902 1526 2928; x_wconf 89' lang='lat' dir='ltr'><strong>ut</strong></span> <span class='ocrx_word' id='word_1_622' title='bbox 1551 2899 1633 2929; x_wconf 90' lang='lat' dir='ltr'><strong>ait...</strong></span> <span class='ocrx_word' id='word_1_623' title='bbox 1660 2915 1698 2920; x_wconf 93' lang='lat'><em>-</em></span> <span class='ocrx_word' id='word_1_624' title='bbox 1724 2898 1796 2928; x_wconf 91' lang='lat' dir='ltr'><strong>Dat.</strong></span> <span class='ocrx_word' id='word_1_625' title='bbox 1822 2897 1905 2937; x_wconf 85' lang='lat' dir='ltr'><strong>apud</strong></span> <span class='ocrx_word' id='word_1_626' title='bbox 1936 2897 2221 2936; x_wconf 77' lang='lat' dir='ltr'><strong>Urbemveterem,</strong></span> 
     </span>
     <span class='ocr_line' id='line_1_90' title="bbox 1212 2950 1844 2991; baseline 0.005 -11"><span class='ocrx_word' id='word_1_627' title='bbox 1212 2960 1230 2980; x_wconf 87' lang='lat' dir='ltr'><strong>v</strong></span> <span class='ocrx_word' id='word_1_628' title='bbox 1250 2950 1322 2981; x_wconf 87' lang='lat' dir='ltr'><strong>idus</strong></span> <span class='ocrx_word' id='word_1_629' title='bbox 1336 2950 1441 2990; x_wconf 89' lang='lat' dir='ltr'><strong>junii,</strong></span> <span class='ocrx_word' id='word_1_630' title='bbox 1457 2960 1544 2982; x_wconf 85' lang='lat' dir='ltr'><strong>auno</strong></span> <span class='ocrx_word' id='word_1_631' title='bbox 1561 2957 1685 2991; x_wconf 88' lang='lat' dir='ltr'><strong>quarto.</strong></span> <span class='ocrx_word' id='word_1_632' title='bbox 1708 2964 1721 2979; x_wconf 70' lang='lat' dir='ltr'>n</span> <span class='ocrx_word' id='word_1_633' title='bbox 1737 2951 1844 2991; x_wconf 74' lang='lat' dir='ltr'><strong>(thid.)</strong></span> 
     </span>
    </p>
   </div>
  </div>
 </body>
</html>
