2393 3496
235 303 291 334 932

237 382 251 396 Ι)

237 435 250 449 Ι)

237 488 249 502 1)

235 542 249 556 >y

236 594 248 608 >³

235 646 248 661 ))

233 750 247 766 2

233 803 246 818 D

231 856 246 871 ))

230 963 244 978 ‘7

224 2832 238 2848 l>

223 2886 237 2901 >i

224 2940 237 2955 »

223 2993 237 3008 5>

274 370 308 399 in
324 368 590 399 determinatione
606 375 716 396 eorum
732 375 793 404 que
811 373 866 404 pro
888 370 1027 404 tempore
1042 365 1243 395 occurrerint

275 422 367 452 fidele
383 421 553 451 consilium
571 420 710 455 dabunt,
729 419 810 448 sicut
829 418 950 448 dictum
971 422 1018 448 est
1037 418 1075 447 de
1097 417 1164 447 illis
1186 418 1241 456 qui

274 485 329 514 per
345 474 520 513 capitulum
537 476 751 502 assumentur.
768 471 871 501 Judcx
890 480 964 501 vero
981 471 1141 509 predictus
1162 479 1241 509 quo-

274 529 350 558 libet
364 536 450 557 anno
463 531 613 562 mutetur,
629 526 690 554 nisi
704 529 867 554 remaneat
881 524 919 554 de
929 525 1059 554 comuni
1073 524 1242 554 concordia

274 586 304 611 et
319 588 449 610 assensu
466 577 695 616 archiepiscopi
711 581 741 606 et
756 576 886 615 capituli
904 576 1128 615 predictorum.
1147 575 1240 606 Cete-

273 642 345 663 rum
364 632 448 662 idem
465 630 641 669 capitulum
660 630 708 659 vel
724 629 823 668 aliqui
835 630 874 659 de
890 630 957 668 ipso
970 629 1120 668 capitulo,
1138 629 1243 659 archi-

272 686 445 719 diaconus,
469 683 683 719 camerarius,
712 682 761 712 vel
781 682 864 712 alius
886 683 1092 722 quicunque,
1118 683 1241 713 ratione

272 737 383 777 prelati
397 736 478 775 juris
495 736 533 765 ab
559 735 669 766 eodem
691 735 774 765 dicto
797 735 913 765 comite
930 736 1051 765 Foresii
1069 736 1218 774 acquisiti
1233 760 1240 773 ,

271 796 301 821 et
320 790 441 819 ratione
457 789 632 819 camerarie
658 792 687 818 et
705 788 896 818 senescalcie
920 789 1100 828 quondam,
1123 799 1178 820 seu
1204 799 1240 819 ex

269 852 471 883 quacumque
487 842 551 872 alia
567 850 672 878 causa,
687 842 719 871 in
739 842 886 881 predictis
897 842 1123 881 jurisdictione
1140 846 1169 872 et
1184 843 1240 872 ob-

270 896 476 927 ventionibus
503 900 532 925 et
555 895 708 926 omuibus
732 895 804 925 aliis
828 896 866 925 de
887 896 1004 934 quibus
1029 897 1112 926 inter
1138 899 1240 934 partes

269 950 483 981 controversia
495 954 562 979 erat
578 949 627 978 vel
645 958 712 979 esse
726 953 857 987 poterat,
870 949 1131 988 nicliilamplius,
1144 950 1240 979 etiam

269 1004 394 1035 ratione
410 1003 578 1042 pensionis
589 1007 704 1033 statute
721 1003 755 1032 in
771 1003 973 1033 ordinatione
984 1003 1106 1033 domini
1123 1003 1238 1041 Grego-

270 1058 311 1087 rii
328 1067 418 1097 pape,
436 1065 491 1095 pro
507 1062 647 1095 tempore
664 1056 814 1095 preterito
828 1055 876 1085 vel
891 1056 997 1086 futuro
1011 1056 1136 1086 valeant
1153 1064 1240 1086 nunc

269 1111 319 1142 vel
335 1111 546 1150 imposterum
566 1109 734 1140 vendicare
750 1119 804 1139 seu
817 1110 913 1139 etiam
933 1114 1050 1148 petere,
1069 1119 1127 1140 nec
1144 1111 1239 1140 etiam

268 1164 390 1194 ratione
411 1163 644 1203 jurisdictionis
669 1163 752 1192 infra
777 1163 887 1193 domos
913 1163 962 1193 vel
989 1167 1076 1193 extra
1098 1163 1158 1193 vici
1183 1164 1238 1202 qui

267 1221 398 1247 vocatur
415 1216 591 1253 Palatium,
611 1224 669 1245 nec
684 1216 942 1255 archiepiscopus
962 1216 996 1246 in
1018 1217 1169 1248 exercitio
1182 1218 1237 1256 ju-

267 1270 463 1301 risdictionis
484 1269 632 1308 predicte.
657 1269 802 1298 Dicimus
823 1269 917 1299 etiam
940 1274 970 1298 et
988 1270 1137 1300 volumus
1153 1271 1239 1310 quod

267 1323 454 1354 senescallia
487 1332 548 1362 que
582 1322 659 1353 olim
691 1322 753 1352 fuit
788 1323 822 1352 in
856 1322 990 1353 ecclesia
1026 1324 1238 1362 Lugdunensi

265 1379 399 1409 omnino
430 1381 530 1407 cesset
560 1380 589 1406 et
622 1376 831 1415 imposterum
859 1377 986 1415 penitus
1017 1378 1056 1407 sit
1084 1379 1237 1409 extincta.

266 1432 387 1462 Omnes
413 1439 539 1470 quoque
566 1430 711 1460 redditus
740 1433 769 1460 et
794 1430 1002 1461 obventiones
1030 1431 1141 1471 criday
1168 1433 1237 1462 vini

267 1490 297 1515 et
326 1484 463 1515 aliorum
493 1493 554 1523 que
582 1483 783 1514 senescalcus
812 1484 975 1522 quondam
1007 1485 1237 1523 Lugdunensis

266 1539 388 1568 ratione
413 1537 605 1568 senescalcie
628 1542 701 1567 ante
724 1537 988 1567 constitutionem
1011 1538 1087 1568 dicti
1111 1539 1236 1570 domini

265 1591 410 1629 Gregorii
437 1600 515 1629 pape
541 1591 667 1620 tenebat
691 1591 729 1620 ad
757 1591 1033 1630 archiepiscopum
1054 1593 1238 1631 pertineant

265 1654 321 1684 pro
343 1645 468 1674 duabus
484 1644 626 1683 partibus
650 1649 680 1674 et
703 1643 743 1673 ad
762 1644 937 1684 capitulum
955 1654 1009 1683 pro
1028 1647 1117 1675 tertia
1134 1652 1234 1686 parte,

266 1708 326 1729 nec
348 1708 403 1737 per
422 1698 481 1728 hoc
506 1697 666 1727 ullatenus
688 1698 742 1727 fiat
764 1698 978 1737 prejudicium
996 1699 1060 1729 hiis
1077 1709 1138 1739 que
1154 1702 1237 1731 circa

263 1753 525 1792 jurisdictionem
548 1756 577 1781 et
596 1752 784 1782 exercitium
807 1757 837 1781 et
854 1752 1064 1784 obventiones
1083 1756 1170 1784 curie
1187 1765 1236 1785 se-

265 1807 382 1837 cularis
400 1816 495 1845 supra
511 1806 671 1843 diximus,
689 1806 863 1844 quominus
887 1808 967 1845 sint,
992 1808 1184 1839 ordinentur
1207 1814 1237 1840 et

264 1860 480 1900 percipiantur
507 1864 598 1898 prout
620 1859 767 1897 superius
795 1864 840 1888 est
865 1868 1062 1899 expressum.
1090 1862 1235 1893 Dicimus

264 1914 359 1944 etiam
377 1918 407 1943 et
420 1913 603 1949 statuimus,
620 1916 652 1942 ut
669 1922 776 1951 supra,
791 1913 876 1952 quod
892 1914 1065 1945 cridatores
1078 1916 1134 1954 qui
1148 1925 1235 1947 nunc

265 1971 340 1997 sunt
357 1966 494 1996 debeant
510 1974 676 1995 remanere
694 1966 723 1994 in
742 1974 851 1996 eorum
868 1967 982 1997 officiis
1000 1968 1081 1998 sicut
1096 1974 1172 1999 suut
1186 1971 1235 2000 in-

264 2020 378 2056 stituti,
393 2020 419 2049 si
431 2020 490 2049 hoc
502 2019 627 2057 justitia
643 2019 789 2049 suaserit.
810 2020 983 2058 Postquam
1000 2026 1106 2052 autem
1124 2032 1235 2054 eorum

264 2075 367 2104 officia
389 2077 484 2103 eruut
507 2073 616 2108 finita,
635 2073 847 2103 instituantur
862 2074 1014 2105 officiales
1029 2075 1098 2113 illi,
1116 2077 1236 2108 scilicet

263 2128 437 2159 cridatores
451 2126 519 2156 vini
535 2131 565 2156 et
580 2127 729 2165 prepositi
747 2136 802 2165 per
817 2129 1030 2166 correarium,
1046 2130 1189 2169 judicem
1205 2136 1236 2161 et

264 2180 473 2219 sigilliferum
498 2180 585 2209 curie
604 2179 758 2210 secularis
780 2180 835 2219 qui
853 2190 908 2219 pro
926 2186 1066 2221 tempore
1085 2189 1180 2214 erunt
1199 2194 1235 2215 eo

263 2234 357 2264 modo
379 2242 442 2272 quo
468 2233 614 2272 superius
635 2233 775 2262 diximus
791 2234 932 2265 badellos
951 2245 1006 2274 per
1025 2245 1077 2266 eos
1099 2237 1165 2268 fore
1182 2238 1233 2267 in-

264 2287 461 2323 stituendos3
479 2290 508 2316 et
524 2285 779 2316 emolumentum
796 2287 879 2326 quod
904 2288 980 2318 inde
1003 2289 1174 2320 habebitur
1195 2292 1235 2321 sit

264 2350 319 2380 pro
336 2341 458 2371 duabus
475 2341 616 2379 partibus
632 2340 863 2380 archiepiscopi
877 2347 906 2371 et
918 2351 973 2381 pro
985 2344 1077 2373 tertia
1090 2344 1232 2383 capituli.

265 2385 403 2425 Predicti
418 2404 490 2425 vero
508 2394 658 2433 prepositi
674 2399 704 2424 et
719 2395 902 2431 cridatores‚
916 2405 989 2426 cum
1006 2397 1127 2428 fuerint
1141 2399 1233 2429 insti-

264 2447 343 2483 tuti,
366 2448 476 2485 jurent
499 2451 529 2476 et
552 2447 659 2485 jurare
687 2451 855 2477 teneantur
878 2449 983 2478 officia
1007 2459 1063 2480 sua
1088 2460 1234 2482 exercere

263 2500 401 2530 fideliter
418 2500 548 2530 nomine
563 2500 794 2539 archiepiscopi
811 2506 840 2531 et
856 2501 987 2540 capituli
1003 2503 1234 2542 predictorum,

265 2553 441 2584 secundum
454 2553 537 2591 quod
548 2553 807 2591 jurisdictionem
821 2559 850 2584 et
863 2555 1051 2586 exercitium
1065 2556 1104 2586 ad
1118 2566 1182 2594 eOS‚
1200 2562 1235 2587 ut

265 2616 372 2646 supra,
390 2606 531 2636 diximus
548 2607 721 2645 pertinere,
742 2612 772 2637 et
790 2608 967 2638 secundum
987 2610 1123 2640 sormam
1143 2611 1233 2649 jura-

264 2660 366 2690 menti
383 2659 520 2690 aliorum
534 2660 718 2690 officialium
736 2662 948 2700 predictorum
964 2664 1052 2693 curie
1069 2664 1231 2694 secularis.

263 2714 344 2743 Item
357 2713 505 2749 dicimus
525 2713 705 2750 statuimus,
720 2714 868 2744 volumus
880 2716 1118 2754 etordinamus,
1134 2721 1169 2747 ut
1183 2727 1232 2748 su-

263 2775 331 2806 pra,
345 2766 403 2796 sub
415 2766 516 2804 penis,
530 2767 721 2804 juramentis
734 2768 1168 2806 etobligationibusinferius
1179 2780 1233 2801 an-

262 2820 390 2855 notatis,
402 2819 486 2859 quod
496 2820 670 2858 capitulum
683 2822 947 2861 teneaturjuvarc
956 2823 1230 2864 archiepiscopum

261 2873 491 2909 effectualiter,
512 2873 607 2902 etiam
627 2882 725 2903 manu
743 2879 884 2911 armata,
905 2885 979 2906 cum
998 2877 1184 2907 hominibus
1203 2883 1234 2909 et

261 2936 371 2967 posse,
392 2926 431 2956 de
449 2931 531 2956 terra
546 2926 696 2965 capituli,
714 2928 851 2966 propriis
867 2930 1033 2968 expensis,
1051 2931 1134 2961 bona
1149 2931 1212 2962 fide
1223 2955 1231 2969 ,

261 2979 518 3020 quandocunque
537 2984 567 3009 et
589 2980 867 3020 quotienscunque
882 2992 936 3021 per
955 2983 1230 3024 archiepiscopum

1329 377 1340 390 DJ

1328 428 1340 443 ))

1327 482 1341 496 i)

1327 535 1340 548 Η

1327 641 1340 655 D

1328 694 1340 709 ))

1327 748 1340 761 )7

984 297 1221 329 REGISTRES
1243 298 1298 328 DE
1320 298 1505 328 NICOLAS
1526 299 1583 329 IV.

1368 363 1418 394 vel
1443 365 1512 403 ejus
1535 365 1723 395 mandatum
1741 366 1862 395 suerint
1887 365 2051 405 requisiti,
2068 374 2123 404 pro
2145 366 2330 401 defensione

1367 421 1448 447 terre
1469 427 1505 448 ac
1530 418 1653 457 jurium
1677 419 1752 448 dicti
1773 418 2019 457 archiepiscopi,
2038 418 2175 456 civium,
2192 420 2328 459 burgen-

1365 471 1463 507 sium,
1477 471 1699 507 vassallorum,
1713 471 1885 502 hominum
1897 476 1927 501 et
1939 471 2090 501 abbatum
2102 472 2201 510 ipsius
2211 473 2330 505 archie-

1366 523 1496 562 piscopi.
1512 523 1560 553 vel
1572 532 1628 562 pro
1642 524 1835 554 vindicanda
1851 524 1972 563 injuria
1987 523 2069 554 dicto
2086 524 2329 566 archiepiscopo,

1366 576 1487 606 familie
1503 586 1570 613 suc,
1583 577 1719 614 civibus,
1734 577 1960 615 burgensibus,
1973 577 2129 614 vassallis,
2145 577 2330 612 homiuibus

1366 633 1396 659 et
1422 629 1589 659 abbatibus
1613 629 1691 660 dicti
1717 630 1947 670 archiepiscopi
1978 630 2059 660 sacta
2090 640 2145 660 seu
2171 630 2268 662 illata.
2295 633 2332 665 Et

1366 691 1457 712 versa
1479 682 1548 713 vice
1569 683 1828 723 archiepiscopus
1854 683 1933 713 illud
1956 683 2043 715 idem
2064 684 2166 715 facere
2191 688 2331 718 teneatur

1365 735 1505 774 capitulo
1519 741 1548 765 et
1559 736 1698 774 singulis
1713 737 1876 767 canonicis
1892 737 1930 767 de
1944 737 2081 776 capitulo
2097 737 2136 767 ad
2153 738 2330 776 requisitio-

1328 803 1340 815 n
1366 798 1440 818 nem
1461 789 1591 828 capituli
1613 789 1662 819 vel
1685 790 1816 829 majoris
1838 790 1935 829 partis
1951 790 2061 829 ipsius.
2083 790 2120 820 Et
2136 790 2194 821 hec
2211 791 2331 824 intelli-

1328 855 1340 869 ))

1326 908 1340 922 ))

1326 962 1340 975 ν

1327 1015 1339 1028 ))

1326 1068 1338 1081 )ι

1323 1122 1335 1135 Ι)

1326 1174 1338 1189 Ἰ)

1325 1228 1338 1242 >v

1326 1281 1338 1296 ))

1324 1335 1337 1349 3)

1324 1389 1337 1403 1)

1324 1443 1337 1457 >i

1323 1496 1335 1509 l)

1317 2997 1331 3011 ))

1364 851 1425 881 gan
1433 847 1482 872 tur
1499 843 1627 882 quando
1648 852 1720 882 pars
1737 844 1903 883 requirens
1921 843 2060 882 predicta
2072 844 2243 883 juvamina
2258 844 2334 878 velit

1366 895 1517 935 prosequi
1534 897 1710 933 negotium,
1728 901 1758 925 et
1774 900 1985 935 prosequatur
2001 896 2070 926 sine
2086 896 2197 926 fraude
2214 900 2244 928 et
2260 906 2332 930 cum

1365 949 1490 979 effectu.
1505 949 1604 979 Porro
1616 958 1711 988 super
1722 949 1948 988 jurisdictione
1959 949 2148 980 clericorum
2160 950 2193 980 iu
2208 950 2332 982 civitate

1366 1002 1578 1040 Lugdunensi
1615 1003 1885 1033 commorantium
1926 1002 1975 1033 vel
2005 1003 2038 1032 iu
2069 1003 2181 1033 eadem
2208 1004 2332 1036 civitate

1364 1055 1576 1092 Lugdunensi
1593 1055 1866 1094 delinquentium,
1883 1056 2034 1093 dicimus,
2053 1057 2223 1086 statuimus
2238 1060 2269 1087 et
2281 1065 2332 1088 or-

1364 1109 1527 1146 dinamus,
1546 1113 1580 1139 ut
1596 1118 1708 1148 supra,
1727 1109 1811 1148 quod
1828 1110 1933 1140 omnis
1948 1110 2127 1149 jurisdictio
2146 1109 2331 1142 clericorum

1364 1163 1557 1202 personalis·‚
1580 1163 1768 1202 pecuniaria
1789 1168 1820 1193 et
1842 1164 1936 1194 etiam
1957 1164 2134 1203 spiritualis
2153 1164 2194 1194 sit
2214 1168 2244 1194 et
2265 1173 2332 1196 esse

1363 1215 1475 1246 debeat
1497 1216 1729 1255 archiepiscopi
1752 1217 1937 1254 memorati,
1959 1217 2008 1247 vel
2028 1217 2124 1247 etiam
2144 1217 2238 1248 realis
2251 1241 2258 1255 ,
2275 1227 2330 1248 ex-

1363 1269 1463 1308 ceptis
1481 1269 1577 1299 rebus
1596 1269 1803 1300 censualibus
1823 1270 1954 1309 capituli
1971 1275 2001 1300 et
2017 1271 2219 1308 singulorum
2237 1279 2330 1302 cano-

1362 1323 1511 1353 nicorum
1526 1323 1564 1353 de
1578 1323 1660 1353 dicto
1676 1323 1825 1362 capitulo,
1842 1332 1977 1363 quarum
1995 1333 2102 1354 rerum
2116 1323 2328 1364 censualium,
2345 1363 2351 1367 ¹

1362 1377 1389 1406 si
1406 1377 1529 1415 questio
1545 1377 1666 1406 oriatur
1684 1386 1778 1415 super
1796 1377 1985 1416 proprietate
2000 1378 2188 1415 earundem,
2207 1378 2247 1408 sit
2261 1386 2330 1417 cog-

1362 1431 1441 1460 nitio
1462 1430 1550 1460 illius
1570 1431 1662 1469 cujus
1678 1439 1727 1460 res
1744 1430 1884 1469 predicte
1899 1431 2020 1461 fuerint
2033 1431 2218 1469 censuales,
2235 1432 2261 1462 si
2277 1440 2330 1472 per

1361 1483 1540 1522 simplicem
1566 1483 1805 1522 querimoniam
1832 1484 1938 1523 ipsum
1961 1493 1980 1514 a
2005 1493 2068 1524 quo
2092 1494 2142 1514 res
2166 1484 2330 1516 censuales

1362 1542 1512 1567 tenentur
1526 1537 1668 1567 adierint
1689 1537 1736 1567 vel
1762 1538 1801 1567 ad
1823 1547 1895 1568 eum
1914 1539 2064 1577 petierint
2081 1547 2114 1569 se
2133 1539 2255 1568 remitti
2274 1537 2330 1578 qui

1361 1591 1606 1623 convenientur.
1625 1592 1663 1621 Iu
1680 1592 1904 1622 criminalibus
1920 1597 2026 1622 autem
2044 1593 2279 1632 questionibus,
2295 1593 2329 1624 in

1361 1645 1481 1684 quibus
1496 1650 1609 1683 agetur
1624 1645 1837 1675 criminaliter
1853 1645 1901 1675 vel
1921 1646 2059 1676 civiliter
2073 1647 2113 1677 de
2127 1647 2275 1684 crimine,
2291 1646 2331 1678 sit
2356 1648 2357 1673 ἶ

1361 1704 1391 1729 et
1406 1708 1475 1729 esse
1493 1699 1605 1729 debeat
1620 1699 1766 1729 comunis
1779 1699 1964 1738 jurisdictio
1979 1700 2212 1739 archiepiscopi
2228 1704 2258 1730 et
2274 1699 2330 1731 de-

1359 1754 1449 1789 cani,
1474 1754 1610 1791 exceptis
1631 1753 1748 1783 curatis
1769 1757 1799 1783 et
1820 1752 1979 1791 religiosis
2001 1754 2159 1790 civitatis,
2183 1757 2214 1784 et
2234 1753 2330 1784 salvis
2351 1768 2353 1772 ·

1359 1807 1598 1846 archiepiscopo
1623 1807 1689 1836 suis
1714 1807 1967 1844 visitationibus,
1990 1807 2259 1845 correctionibus,
2278 1816 2328 1838 re·

1359 1861 1606 1891 formationibus
1618 1865 1647 1890 et
1660 1860 1940 1899 inquisitionibuS,
1951 1870 2025 1891 cum
2036 1861 2074 1891 ad
2089 1861 2156 1892 loca
2167 1861 2330 1900 collegiata
2346 1851 2365 1878 ¹:

1360 1914 1562 1945 descenderit
1576 1922 1631 1952 pro
1645 1913 1806 1952 predictis,
1820 1914 1870 1944 vel
1884 1914 1992 1953 aliquo
2007 1914 2235 1954 predictorum,
2251 1923 2328 1954 quo-

1360 1977 1432 1998 rum
1446 1967 1631 2006 jurisdictio
1655 1966 1790 1996 totaliter
1810 1967 1967 2005 pertineat
1992 1967 2031 1997 ad
2054 1967 2330 2007 archiepiscopum
2359 1956 2370 1973 ⁸¹

1359 2024 1585 2051 memoratum.
1606 2020 1738 2058 Verum,
1755 2020 1783 2049 si
1798 2020 1922 2050 ratione
1938 2021 2083 2051 exercitii
2095 2021 2330 2060 jurisdictionis

1360 2074 1562 2109 clericorum,
1573 2073 1709 2103 aliorum
1719 2070 1848 2112 quoque
1857 2077 2040 2104 curatorum
2051 2078 2082 2104 et
2093 2073 2327 2112 religiosorum,

1358 2131 1395 2158 ut
1415 2136 1522 2166 supra,
1546 2127 1580 2156 in
1601 2127 1730 2156 civitate
1748 2126 1960 2164 Lugduneusi
1978 2127 2260 2166 commorantium,
2281 2125 2327 2158 vel

1358 2181 1402 2211 ibi
1420 2180 1698 2219 delinquentium,
1717 2184 1750 2209 ut
1767 2189 1879 2218 supra,
1899 2189 1973 2210 cum
1991 2184 2103 2219 agetur
2116 2181 2328 2212 criminaliter

1359 2233 1408 2264 vel
1419 2233 1569 2271 civiliter,
1581 2237 1615 2263 ut
1626 2242 1731 2272 supra,
1747 2233 1785 2263 de
1795 2233 1943 2271 crimine,
1954 2234 2053 2273 judex
2068 2234 2165 2265 fuerit
2177 2234 2329 2265 ordinan-

1358 2288 1437 2325 dus,
1461 2288 1527 2326 ipse
1553 2287 1812 2326 archiepiscopus
1829 2291 1859 2317 et
1881 2287 2037 2324 decanus,
2054 2288 2329 2328 quotienscunque

1358 2351 1454 2381 super
1468 2341 1619 2380 predictis
1633 2341 1730 2371 fuerit
1744 2340 1945 2371 ordinandus
1964 2341 2012 2372 vel
2030 2342 2260 2380 instituendus,
2274 2343 2328 2382 ju-

1358 2395 1462 2425 dicem
1480 2395 1661 2425 comuniter
1675 2394 1844 2431 ordinent,
1864 2394 1918 2434 qui
1932 2395 2019 2432 juret
2035 2395 2069 2425 in
2085 2395 2233 2434 predictis
2249 2395 2328 2427 fide-

1357 2448 1430 2479 liter
1441 2448 1699 2488 jurisdictionem
1716 2447 1890 2487 predictam
1908 2448 2039 2479 nomine
2054 2448 2287 2488 archiepiscopi
2299 2451 2330 2480 et

1358 2503 1472 2533 decani
1488 2506 1519 2532 et
1535 2510 1589 2540 pro
1605 2502 1690 2532 hono
1708 2501 1874 2540 utriusque
1892 2510 2053 2540 exercere,
2075 2506 2105 2532 et
2120 2502 2328 2533 obventiones

2359 2254 2374 2318 ἰι-.-
2360 2186 2374 2235 :-
2359 2104 2371 2146 »ι
2358 2075 2366 2085 ·

1357 2560 1385 2586 et
1407 2555 1626 2586 emolumenta
1646 2564 1707 2593 que
1728 2555 1894 2585 occasione
1909 2554 2049 2593 predicta
2064 2555 2236 2586 obvenient
2252 2555 2328 2586 dili·

1356 2613 1470 2648 genter
1494 2612 1524 2639 et
1546 2608 1684 2638 fideliter
1709 2608 1881 2645 custodire,
1901 2609 1945 2638 ita
1961 2608 2045 2648 quod
2067 2608 2152 2639 inter
2173 2609 2328 2649 predictos
2360 2608 2369 2626 ’·

2358 2636 2367 2650 0

1356 2663 1631 2701 archiepiscopum
1654 2666 1684 2691 et
1701 2661 1860 2691 decanum
1880 2661 2061 2692 comuniter
2076 2661 2279 2700 dividantur;
2298 2664 2328 2693 et
2364 2674 2370 2683 ⁴

1356 2716 1382 2746 si
1397 2724 1526 2746 necesse
1539 2715 1579 2745 sit
1592 2715 1677 2754 quod
1690 2713 1809 2753 aliquis
1824 2714 1989 2744 occasione
2001 2714 2083 2745 dicte
2094 2715 2328 2754 jurisdictionis

1356 2779 1411 2809 per
1427 2778 1596 2800 censuram
1611 2767 1859 2798 ecclesiasticam
1876 2767 2097 2807 compellatur,
2114 2769 2266 2800 officiales
2280 2777 2327 2800 ar-

1355 2823 1547 2862 chiepiscopi
1565 2822 1654 2852 curie
1676 2821 1902 2859 Lugdunensis
1922 2821 1962 2850 ad
1983 2821 2224 2860 requisitionem
2239 2821 2326 2862 Judi-

1355 2878 1400 2908 cis
1420 2876 1565 2907 comunis
1587 2875 1680 2905 illum
1703 2885 1759 2914 per
1778 2883 1948 2905 censuram
1970 2874 2216 2906 ecclesiasticam
2239 2884 2324 2906 com-

1356 2930 1453 2971 pellat
1468 2933 1498 2960 et
1513 2928 1705 2968 compellere
1721 2932 1876 2958 teneatur.
1891 2928 1928 2957 In
1940 2928 2058 2967 juratis
2075 2937 2149 2959 vero
2164 2929 2326 2960 curiarum
2354 2933 2358 2941 ⁴

1355 2983 1431 3014 dieti
1450 2982 1700 3021 archiepiscopi,
1723 2981 1907 3020 ubicunque
1926 2980 2153 3020 delinquerent
2170 2981 2204 3012 in
2223 2982 2325 3013 officio
