2393 3496
872 343 1082 376 REGISTRE
1105 332 1322 374 CAMIiRAL.
2086 341 2143 371 989

52 418 202 453 nandum,
219 419 254 446 ut
269 423 323 444 vos
340 423 377 444 ex
395 418 482 453 parte
500 418 607 444 nostra
624 417 769 444 moneret
783 412 868 452 quod
884 412 923 441 ab
940 411 1055 450 hujus-

53 471 136 504 modi
151 468 335 500 eornmdem
359 467 612 497 Viterbiensium
629 466 872 506 depopulatione
889 474 924 495 ac
942 473 1055 503 grava-

55 524 192 556 minibus
218 521 398 556 cessaretis,
427 521 562 560 populus
585 521 672 559 ipse,
705 520 799 550 velud
826 520 861 548 in
884 518 1055 557 reprobum

55 585 180 609 sensum
196 574 275 610 dati,
293 574 417 604 monita
432 577 462 603 et
477 574 628 603 mandata
645 576 752 603 nostra
774 573 820 602 eis
842 581 897 611 per
917 571 1054 601 eundem

55 630 232 672 episcopum
251 626 442 657 fiducialiter
461 626 619 656 destinata
641 626 761 655 nedum
784 626 922 664 recipere
944 633 1056 654 verum

56 683 165 718 etiam,
181 689 222 710 ne
240 689 276 710 ea
293 689 355 719 que
374 688 430 719 pro
449 684 536 718 parte
562 683 669 709 nostra
688 679 847 708 deferebat
870 679 911 708 ad
933 687 986 708 eos
1011 677 1057 707 eis

56 738 231 776 exponeret,
251 742 325 763 eum
341 733 509 762 admittere
525 737 798 771 contempserunt,
816 736 856 769 et,
881 731 965 769 quod
983 739 1056 760 exe-

56 788 203 821 crabilius
222 791 283 824 est,
299 786 432 825 quidam
446 795 482 815 ex
500 786 655 815 Romanis
673 785 795 814 eisdem
814 785 953 815 eundem
974 784 1057 822 epis-

57 851 167 882 copum
185 841 320 880 ejusque
335 839 493 869 familiam
515 843 640 878 propter
663 839 723 869 hoc
743 839 922 868 interficere
941 838 1058 867 clama-

57 898 179 928 verunt,
192 893 276 932 quod
292 893 421 932 quidem
439 893 465 922 si
480 893 562 922 bene
578 893 771 927 consideras,
786 892 818 921 id
834 897 939 922 actum
957 892 1061 922 extitit

58 953 158 990 preter
179 956 299 977 morem
319 947 449 977 solitum
474 952 504 976 et
525 946 720 976 laudabilem
742 947 980 983 Romanorum,
1003 945 1059 984 qui

58 1010 118 1033 non
135 1000 237 1031 solum
252 1001 431 1029 amicorum
449 1009 560 1029 verum
578 1001 673 1028 etiam
690 999 831 1029 hostium
851 999 983 1038 nun[„.]
1002 999 1060 1029 ho-

58 1063 167 1086 norare
188 1057 217 1084 et
240 1054 275 1082 in
301 1058 424 1083 tantum
448 1053 546 1082 iidem
567 1053 706 1083 Romani
724 1052 954 1091 Viterbien[...]
976 1052 1060 1091 quod

57 1107 163 1140 nullus
177 1107 261 1137 inter
278 1115 329 1136 eos
346 1107 483 1136 audebat
498 1115 609 1145 pacem
623 1106 671 1136 vel
687 1106 889 1136 concordiam
907 1106 1059 1145 nomi[...]

57 1161 140 1202 pacis
158 1160 266 1190 nuntii
284 1161 324 1190 ad
341 1160 463 1190 dictum
481 1160 656 1190 exercitum
676 1160 882 1195 accedebant,
900 1159 1060 1189 clamaba-

58 1219 107 1246 tur
119 1214 159 1244 ab
173 1213 376 1252 omnibus[...
394 1213 591 1252 tu]rpissime
608 1213 818 1248 traderentur,
833 1212 919 1251 quod
936 1213 969 1241 in
982 1213 1061 1242 duos

57 1267 166 1298 [ratres
184 1267 404 1306 predicatores,
419 1267 475 1305 qui
492 1267 568 1296 illuc
583 1266 623 1295 ad
641 1266 926 1306 providen[dum...
942 1266 1060 1305 ]acces-

58 1325 173 1357 serant,
191 1320 416 1350 inhumaniter
432 1324 462 1350 et
477 1319 649 1350 crudeliter
665 1325 942 1358 presumpserunt,
962 1324 996 1349 ut
1010 1328 1061 1349 as-

58 1374 186 1410 seritur,
201 1382 365 1408 exercere,
384 1382 522 1412 quorum
548 1382 612 1403 uno
634 1382 722 1403 more
749 1373 939 1412 tirampnico
955 1373 988 1402 iu
1009 1381 1062 1403 ore

58 1427 155 1466 gladii
170 1427 271 1466 posito
287 1427 370 1456 etad
391 1427 477 1456 asini
497 1426 630 1456 caudam
653 1431 769 1463 tracto,
797 1426 899 1456 alium
923 1426 1062 1465 relique-

19 1471 22 1474 *
59 1485 133 1512 runt
145 1480 179 1510 iu
195 1489 308 1519 campo
321 1480 479 1519 impositis
493 1480 555 1510 sibi
571 1480 753 1510 crudelibus
767 1480 954 1510 vulneribus
970 1481 1064 1509 semi-

61 1533 178 1565 vivum.
196 1534 257 1564 Hic
276 1533 439 1572 siquidem
461 1534 600 1572 profecto
621 1533 710 1564 dolor
729 1534 763 1563 in
781 1543 838 1564 nos
859 1542 954 1572 snpra
972 1543 1063 1563 men-

63 1596 167 1618 suram
181 1587 301 1617 doloris
317 1587 500 1617 extenditur
520 1587 604 1626 quod
627 1588 672 1617 sic
692 1587 824 1617 ecclesie
851 1586 926 1622 filii,
950 1587 1064 1625 spretis

64 1641 130 1680 ejus
146 1640 276 1671 monitis
287 1645 318 1671 et
334 1641 505 1677 mandatis,
521 1640 746 1670 inhumaniter
756 1640 1014 1670 debachaverunt
1030 1641 1064 1670 in

64 1695 479 1733 sanguineminnocentem,
498 1695 533 1724 in
551 1695 695 1734 ejusdem
711 1694 842 1725 ecclesie
857 1695 1074 1734 obprobrium,

65 1751 95 1778 et
107 1751 341 1787 contemptum,
360 1748 393 1778 in
413 1748 505 1787 cujus
519 1747 621 1778 oculis
640 1748 698 1778 hoc
717 1748 875 1785 fecerunt,
889 1748 973 1787 quod
991 1749 1066 1788 qui-

65 1801 136 1831 dem
149 1800 209 1831 fuit
226 1801 292 1831 solo
307 1801 445 1840 cogitatu
464 1801 617 1834 terribile,
635 1801 768 1831 orribile
783 1801 906 1838 auditu,
926 1806 996 1832 actu
1015 1811 1067 1832 ne-

65 1854 245 1895 phandum,
270 1854 338 1885 Deo
370 1855 526 1884 nimirum
556 1854 796 1885 abhominabile
824 1860 854 1885 et
881 1855 1068 1886 hominibus

64 1907 218 1938 odiosum.
237 1908 291 1938 Est
305 1912 337 1938 et
354 1908 447 1938 nobis
467 1908 658 1938 turbationis
679 1908 774 1947 plena
795 1908 912 1938 doloris
934 1909 1069 1939 materia

63 1961 233 2000 quoniam,
258 1970 333 1991 cum
361 1969 552 1992 conaremur
577 1961 682 1991 eidem
710 1961 825 2000 populo
849 1962 1008 2000 grasciam
1031 1972 1067 1992 ex

65 2012 249 2054 longinquis
269 2015 412 2054 partibus
433 2023 614 2054 procurare,
633 2014 774 2045 diversos
797 2015 926 2045 nuntios
943 2020 1068 2055 propter

65 2065 124 2109 hoc
146 2067 326 2107 specialiter
351 2068 618 2104 transmittendo,
643 2068 687 2098 sic
710 2077 746 2098 ex
770 2068 986 2099 devastatione
1013 2078 1068 2099 seu

66 2119 308 2161 depopulatione
323 2121 459 2152 civitatis
477 2122 617 2161 predicte
639 2126 670 2151 et
692 2131 728 2151 ex
751 2130 837 2152 mora
859 2126 1018 2152 contracta
1034 2122 1069 2151 in

65 2173 228 2205 obsidione
254 2175 354 2213 ipsius
376 2184 432 2214 per
459 2176 631 2205 exercitum
663 2174 855 2214 prelibatum
885 2179 948 2205 tota
968 2175 1070 2214 patria

66 2227 255 2258 victualibus
265 2233 310 2258 est
327 2232 456 2258 exausta
471 2227 555 2267 quod
573 2227 692 2258 nedum
708 2228 811 2258 eidem
825 2228 939 2267 populo
957 2237 1070 2258 verum

67 2280 160 2311 etiam
178 2281 270 2311 nobis
286 2285 316 2311 et
333 2282 422 2311 curie
445 2286 551 2312 nostre
575 2290 664 2320 posse
686 2281 739 2311 vix
759 2281 919 2311 credimus
944 2281 978 2311 iu
1005 2281 1069 2311 hu-

65 2333 204 2373 jusmodi
220 2334 411 2364 victualibus
426 2335 600 2373 providere.
620 2335 687 2364 Hec
700 2334 832 2373 quidem
850 2335 1008 2365 nobilitati
1021 2340 1071 2365 tue

69 2395 105 2417 ex
118 2396 155 2418 eo
170 2388 319 2418 duximus
335 2387 519 2418 intimanda
534 2392 569 2418 ut
584 2396 754 2426 cognoscas
770 2393 799 2418 et
814 2389 921 2419 videas
933 2388 1017 2427 quod
1034 2398 1070 2418 ex

70 2440 132 2471 tuis
149 2445 179 2472 et
198 2441 332 2480 predicti
356 2441 466 2481 populi
492 2441 618 2472 noviter
637 2442 734 2480 gestis
754 2451 866 2472 sumus
892 2451 927 2472 ex
957 2442 1072 2473 intimo

70 2501 133 2524 non
148 2494 309 2525 immerito
323 2492 524 2532 conturbati,
545 2503 657 2533 graves
677 2495 711 2524 in
733 2495 827 2525 corde
847 2499 955 2525 nostro
970 2495 1071 2525 senti-

69 2554 140 2577 mus
156 2552 327 2587 puncturas
343 2552 383 2585 et,
402 2557 474 2578 cum
489 2552 616 2587 propter
631 2557 777 2578 excessus
793 2548 979 2587 hujusmodi
998 2557 1072 2588 pre-

22 2644 25 2646 ·
69 2599 151 2631 dicte
167 2601 268 2640 patrie
284 2610 402 2639 magna
416 2601 586 2631 immineat
601 2602 728 2632 caristia
739 2627 746 2640 ‚
763 2610 828 2632 non
855 2602 1020 2632 miremini
1047 2603 1074 2632 si

70 2651 147 2684 forte
163 2654 203 2685 de
217 2654 302 2684 dicta
316 2655 441 2693 grascia
456 2655 539 2685 sicut
555 2655 760 2694 concepimus
780 2655 884 2686 eidem
903 2655 1018 2695 populo
1036 2655 1074 2686 de

70 2705 153 2737 facili
169 2707 330 2746 provideri
346 2716 411 2738 non
428 2707 536 2746 possit.
556 2720 569 2735 ι

142 2859 258 2890 *228⁰

107 2921 212 2950 Contra
228 2922 341 2949 Ncllum
356 2923 391 2949 de
410 2922 502 2949 Petra.
521 2921 592 2955 (Fon.
611 2923 642 2949 45
660 2925 707 2956 ro.)

780 2859 906 2895 Orvieto,
927 2861 1004 2888 1290.

114 3018 232 3047 Dilectis
243 3019 317 3056 liliis
331 3041 349 3048 ..
364 3019 515 3056 potestati,
527 3019 653 3048 consitio
666 3024 691 3047 et
707 3021 864 3048 communi
880 3020 1074 3049 Florentinis.

1138 422 1151 437 ιι
1171 409 1373 448 Divulgantis
1393 410 1477 440 fame
1501 410 1648 448 preconio
1664 409 1702 439 ad
1723 412 1860 439 vestram
1881 408 2042 438 credimus
2061 408 2144 438 noti-

1138 463 1215 492 tiam
1229 463 1411 501 pervenisse
1428 464 1511 502 quod
1526 463 1639 493 Nellus
1655 463 1693 492 de
1711 463 1803 492 Petra
1875 470 1939 491 non
1957 466 2004 492 est
2025 462 2145 492 veritus

1138 526 1307 547 romanam
1334 521 1469 546 matrem
1494 516 1661 546 ecclesiam
1685 525 1721 546 ac
1746 525 1856 554 pacem
1874 515 2022 545 fidelium
2044 515 2146 553 ipsius

1139 570 1370 608 presumtuosis
1394 570 1559 600 conatibus
1588 570 1792 608 perturbare,
1821 574 1921 599 terras
1944 574 1973 598 et
1997 568 2146 598 homines

1139 624 1224 653 infra
1252 623 1489 653 Patrimonium
1518 623 1601 653 beati
1632 623 1720 653 Petri
1749 624 1782 652 in
1817 623 1931 652 Tuscia
1961 622 2148 652 constitutos

1139 677 1298 707 hostiliter
1317 677 1508 715 insequens,
1526 680 1591 706 tam
1616 685 1667 706 eos
1693 685 1790 715 quani
1815 675 1972 705 animalia
1993 679 2024 705 et
2045 680 2148 705 cetera

1140 731 1283 768 ipsorum
1313 730 1396 759 bona
1425 739 1486 768 que
1517 738 1590 759 cum
1618 729 1809 768 quibusdam
1845 729 1913 758 suis
1939 728 2149 767 complicibus

1140 793 1227 814 more
1259 782 1429 822 predonico
1453 792 1564 821 capere
1590 786 1709 821 poterat
1735 782 1774 811 ad
1800 787 1939 811 castrum
1965 782 2088 816 Perete,
2113 781 2148 810 in

1141 846 1204 876 quo
1238 837 1324 866 idem
1355 835 1467 866 Nellus
1495 835 1622 864 nullum
1660 844 1789 874 prorsus
1818 835 2001 865 dominium
2031 835 2149 864 habere

1141 890 1352 928 dignoscitur,
1366 888 1541 918 deducebat
1556 889 1588 917 in
1603 888 1743 926 predam,
1762 888 1830 926 ipse
1842 888 1971 926 quidem
1984 888 2149 917 venientes

1141 943 1179 972 ad
1196 942 1403 981 apostolicam
1420 941 1527 971 sedem
1543 945 1573 970 et
1588 941 1771 970 recedentes
1787 941 1826 970 ab
1844 950 1879 970 ea
1894 949 1929 970 ac
1945 945 2065 970 ceteros
2081 940 2149 970 via-

1143 1000 1224 1024 tores
1241 993 1433 1023 fiducialiter
1450 1002 1504 1031 per
1522 997 1620 1022 terras
1638 991 1771 1022 ecclesie
1787 992 1991 1027 incedentes,
2013 996 2046 1020 ut
2065 996 2150 1020 satu-

1143 1051 1266 1077 raretur
1283 1056 1317 1076 ex
1337 1055 1447 1077 eorum
1464 1045 1589 1085 spoliis,
1610 1045 1680 1083 capi
1696 1045 1829 1075 faciebat
1844 1054 1879 1075 ac
1895 1046 1991 1078 etiam
2007 1044 2151 1083 spoliari,

1142 1110 1280 1140 quorum
1309 1100 1440 1139 qnidam
1466 1099 1603 1129 diversis
1627 1099 1850 1128 afficiebantur
1876 1098 2025 1136 injuriis,
2051 1097 2153 1136 aliqui

1143 1154 1410 1193 pretrahebantur
1425 1154 1464 1183 ad
1480 1161 1658 1188 carcerem,
1676 1156 1710 1181 ut
1732 1152 1771 1181 ab
1793 1152 1838 1181 eis
1859 1151 2029 1190 pecuniam
2050 1155 2153 1181 extor-

1143 1212 1273 1247 queret,
1300 1206 1454 1238 nonnulli
1488 1206 1610 1236 crudeli
1642 1206 1739 1235 exitio
1766 1205 2010 1234 tradebantur..,
2036 1204 2153 1234 Contra

1144 1262 1301 1301 prefatum
1320 1265 1460 1291 castrum
1477 1260 1605 1295 Perete,
1624 1259 1710 1298 quod
1731 1264 1798 1289 erat
1822 1258 2015 1297 predonium
2033 1257 2151 1287 latibu-

1145 1316 1213 1345 lum
1229 1320 1259 1345 et
1277 1313 1511 1353 receptaculum
1530 1322 1640 1344 eorum
1660 1314 1715 1352 qui
1737 1313 1770 1342 in
1797 1312 1890 1342 rebus
1914 1312 2061 1351 pessimis
2085 1310 2154 1349 glo·

1146 1370 1282 1406 riantur,
1301 1378 1339 1398 ex
1360 1377 1422 1407 quo
1448 1367 1587 1406 prefatus
1612 1366 1744 1403 Nellos,
1762 1366 1948 1404 perditionis
1968 1365 2154 1403 alumpnus,

1146 1431 1270 1452 venena
1288 1430 1344 1451 sue
1362 1421 1505 1460 nequitie
1528 1421 1568 1450 ad
1589 1419 1657 1450 loca
1681 1419 1905 1458 circumposita
1928 1418 2153 1458 perfundebat,

1146 1475 1186 1506 ad
1210 1475 1349 1504 dandam
1373 1483 1481 1513 pacem
1500 1473 1649 1504 fidelibus
1673 1473 1818 1511 ejusdem
1844 1472 1995 1508 ecclesie,
2022 1471 2156 1501 fecimus

1148 1528 1324 1559 exercitum
1342 1528 1548 1566 congregari;
1568 1531 1692 1566 propter
1707 1526 1792 1566 quod
1811 1526 1850 1556 de
1873 1526 1963 1556 vobis
1984 1534 2048 1555 non
2067 1524 2155 1553 indi-

1147 1591 1211 1621 gne
1237 1583 1396 1612 miramur
1421 1581 1505 1620 quod
1538 1581 1676 1620 prefatus
1706 1579 1821 1610 Nellus
1847 1579 1930 1618 apud
1955 1587 2010 1609 vos
2039 1577 2156 1608 favoris

1148 1636 1274 1666 videtur
1291 1636 1454 1665 invenisse
1481 1634 1670 1673 presidium,
1691 1634 1768 1663 dum
1791 1633 1830 1662 ad
1856 1633 2045 1671 petitionem
2065 1639 2156 1660 suam

1148 1689 1394 1719 ambasciatores
1413 1693 1443 1718 et
1465 1688 1597 1718 nuutios
1616 1696 1671 1726 pro
1688 1687 1789 1726 ipsius
1813 1686 1950 1716 utilitate
1972 1689 2002 1714 et
2025 1683 2158 1714 comodo

1150 1742 1360 1782 procurandis
1377 1742 1513 1772 faciliter
1528 1741 1567 1771 ad
1587 1745 1728 1770 nostram
1749 1740 1943 1779 presentiam
1959 1737 2155 1773 destinastis,

1150 1805 1224 1826 cum
1240 1796 1345 1835 potius
1360 1804 1426 1831 vos,
1439 1795 1522 1825 sicut
1537 1794 1643 1824 dilecti
1658 1793 1801 1833 ejusdem
1814 1792 1945 1822 ecclesie
1961 1791 2032 1827 filii,
2050 1789 2157 1820 soletis

1151 1855 1366 1890 persecutores
1383 1849 1484 1888 ipsius
1498 1847 1628 1878 ecclesie
1645 1846 1805 1886 prosequi,
1820 1845 2017 1884 sepedictum
2027 1842 2157 1873 Nellum

1151 1904 1187 1934 in
1204 1912 1260 1933 sua
1276 1903 1444 1942 pertinatia
1461 1902 1685 1941 persistentem
1703 1899 1860 1930 deberetis
1879 1907 1934 1938 pro
1958 1897 2080 1926 viribus
2097 1896 2157 1926 im-

1152 1966 1312 1996 pugnare,
1334 1969 1347 1983 »
1366 1964 1420 1986 vos
1439 1964 1589 1993 rogamus
1606 1959 1636 1984 et
1654 1954 1820 1983 hortamur
1836 1956 1870 1982 ut
1887 1951 1938 1987 ei,
1962 1949 2106 1989 quandiu
2124 1949 2157 1978 in

1153 2010 1327 2041 rebellione
1352 2010 1502 2040 ecclesiae
1523 2007 1753 2047 permanserit,
1779 2006 1905 2036 nullum
1927 2003 2084 2034 auxilium
2110 2001 2157 2032 vel

1153 2066 1294 2095 favorem
1312 2063 1516 2103 impendatis.

1226 2217 1338 2246 '2231

1190 2281 1232 2307 De
1247 2281 1349 2307 eodem
1367 2280 1490 2314 negotio.
1507 2277 1579 2312 (Fol.
1597 2277 1629 2304 45
1646 2278 1698 2308 vo.)

1734 2212 1860 2242 Orvieto,
1878 2211 1910 2238 *23
1927 2212 1994 2237 aout
2012 2209 2088 2236 1290.

1195 2378 1303 2406 Dilecto
1317 2376 1381 2412 filio
1393 2376 1538 2412 mayistro
1553 2373 1730 2410 Raynucino
1747 2372 1780 2400 de
1799 2372 1913 2406 Murro,
1934 2369 2044 2398 rectori
2059 2368 2163 2397 Patri-

1155 2431 1253 2459 monii
1278 2430 1354 2458 beati
1373 2429 1456 2457 Petri
1478 2428 1512 2457 in
1535 2427 1651 2457 Tuscia.
1678 2437 1692 2452 «
1717 2423 1925 2461 Divulgantis
1945 2422 2030 2452 fame
2054 2429 2162 2460 preco-

1156 2484 1256 2514 nio
1269 2481 1351 2512 Cum
1368 2485 1474 2511 autem
1490 2480 1646 2519 prefatum
1659 2478 1789 2508 Nellum
1806 2477 1840 2506 in
1858 2475 2024 2515 premissis
2042 2474 2164 2505 actibus

1156 2536 1222 2566 suis
1243 2535 1384 2565 nolimus
1406 2533 1499 2564 sicuti
1526 2541 1583 2562 nec
1609 2532 1762 2561 debemus
1782 2529 1922 2569 amplius
1946 2528 2099 2564 tolerare,
2117 2536 2165 2567 ac,

1156 2591 1237 2620 sicut
1250 2589 1442 2628 accepimus,
1460 2586 1581 2618 nobilis
1597 2586 1716 2616 mulier
1735 2584 1924 2623 Margarita,
1945 2582 2108 2613 comitissa
2126 2580 2165 2611 de

1158 2643 1330 2679 Pitiliano,
1359 2642 1449 2680 cujus
1476 2639 1598 2671 occulta
1626 2639 1791 2670 dolositate
1819 2637 1998 2676 predictum
2024 2640 2165 2665 castrum

1158 2698 1271 2727 Perete
1295 2696 1329 2725 in
1353 2694 1496 2734 ejusdem
1521 2693 1654 2724 ecclesie
1680 2691 1854 2722 rebellione
1876 2694 2011 2726 tenetur,
2028 2698 2064 2719 ac
2084 2697 2165 2719 non-

1159 2749 1247 2780 nulle
1272 2748 1333 2778 alie
1362 2747 1543 2786 singulares
1575 2754 1708 2785 persone
1737 2744 1868 2774 illarum
1894 2743 2036 2783 partium
2063 2741 2166 2771 eidem

1159 2802 1252 2834 Nello
1275 2802 1309 2831 in
1331 2800 1517 2840 hujusmodi
1544 2798 1718 2829 rebellione
1741 2798 1846 2828 favere
1869 2796 2027 2831 dicantur,
2045 2794 2166 2824 discre-

1161 2856 1240 2887 tioni
1272 2860 1322 2885 tue
1358 2863 1413 2893 per
1439 2852 1609 2892 apostolica
1638 2852 1754 2890 scripta
1787 2850 1981 2880 mandamus
2015 2847 2166 2887 quatinus

1159 2910 1355 2940 comitissam
1385 2911 1415 2937 et
1441 2906 1570 2936 Nellum
1598 2906 1754 2944 predictos
1780 2903 1948 2934 efficaciter
1979 2909 2108 2930 moneas
2137 2903 2168 2929 et

1160 2963 1295 2993 inducas
1324 2965 1357 2991 ut
1381 2960 1466 2989 infra
1492 2964 1614 2989 certum
1644 2958 1836 2993 terminum,
1858 2964 1953 2994 quem
1980 2954 2019 2984 ad
2044 2953 2103 2983 hoc
2121 2952 2168 2982 eis

1161 3016 1291 3046 duxeris
1310 3013 1541 3054 prefigendum,
1559 3013 1678 3042 dictum
1694 3016 1833 3040 castrum
1852 3010 1962 3038 Perete
1985 3008 2038 3036 libi
2060 3010 2168 3036 nostro
