2393 3496
913 299 1165 345 QUATRIEME
1186 297 1342 337 ANNEE.
2113 310 2169 341 773

88 382 162 414 tem,
179 380 331 414 temptare
345 375 487 406 volentes
507 378 615 405 utrum
634 380 736 406 tecum
753 385 825 406 cum
844 377 1091 407 mansuetudine

87 431 237 470 proficere
258 428 440 465 valeamus,
457 437 529 459 ecce
547 430 702 467 prefatum
719 431 916 468 episcopum,
931 430 1023 468 juxta
1039 434 1091 459 tue

87 482 248 523 petitionis
264 485 419 518 tenorem,
432 481 471 511 ad
489 486 517 511 te
529 481 682 512 duximus
697 482 934 517 destinandum,
952 483 1042 521 cujus
1058 485 1092 512 ut

88 536 173 575 pacis
192 534 299 564 nuntii
319 535 366 564 uti
388 535 531 565 consiliis
546 536 664 574 poteris
682 540 712 565 et
730 535 824 565 saluti
844 541 896 566 tue
916 545 971 574 per
990 536 1092 574 ipsius

89 588 238 619 salutaria
253 587 375 617 monita
392 588 571 625 providere.
592 588 782 617 Terminum
801 597 875 618 vero
892 597 946 627 per
962 596 1020 617 uos
1035 588 1093 618 tibi

88 643 121 672 in
138 640 289 680 proximis
305 640 454 669 kalendis
471 641 598 678 augusti
613 641 653 670 ad
667 641 916 680 comparendum
932 646 962 671 et
979 650 1090 680 pareu-

88 695 165 725 dum
180 694 338 723 mandatis
353 693 438 723 sedis
452 693 620 732 apostolice
640 695 837 732 assignatum
859 695 917 724 tibi
939 703 1038 733 usque
1054 694 1092 724 ad

89 747 241 778 kalendas
259 747 443 777 novembris
459 747 603 785 proximo
623 748 744 777 futuras
771 753 877 778 tenore
897 748 1093 787 presentium

90 808 306 840 prorogamus,
326 800 524 838 processibus
542 804 572 829 et
586 801 753 830 sententiis
767 801 919 830 hactenus
938 805 1046 830 contra
1064 805 1094 830 te

91 862 146 893 per
173 853 307 882 eandem
340 853 448 882 sedem
474 853 565 882 factis
592 857 623 882 et
649 853 765 883 habitis
797 854 980 884 nullatenus
1008 854 1094 884 dero-

89 906 211 945 gando,
237 913 316 944 quos
344 907 377 935 in
405 913 462 935 suo
488 906 600 935 robore
625 906 772 935 volumus
795 916 991 944 permanere.
1020 907 1092 936 Dat.

90 960 173 999 apud
183 959 459 995 Urbemveterem‚
471 968 503 989 VI
517 959 669 989 kalendas
685 961 822 997 augusti,
838 969 922 990 anno
938 964 1061 998 quarto.
1079 971 1092 986 n

129 1013 169 1043 In
184 1022 212 1043 e.
229 1022 273 1044 m.
291 1013 346 1048 Η.,
367 1013 511 1051 episcopo
525 1012 726 1050 Brixinensi‚
743 1013 874 1042 mandat
892 1017 926 1042 ut
949 1013 987 1042 ad
1005 1021 1094 1051 prae-

89 1066 211 1097 dictum
226 1066 340 1096 ducem
356 1075 389 1096 se
404 1066 611 1105 personaliter
625 1066 776 1096 conferat.

159 1245 276 1274 5239

125 1307 273 1335 Decimam
288 1307 422 1338 Guidoni‚
437 1306 533 1333 comiti
549 1306 710 1337 lvi-andriae,
725 1315 812 1333 causa
827 1307 923 1333 crucis
938 1305 1093 1332 sumendae

91 1357 232 1392 assignari
246 1355 323 1383 facit.
343 1355 424 1386 (Res.
442 1355 486 1388 46,
503 1364 528 1382 c.
545 1355 607 1389 380,
623 1355 641 1381 f.
660 1356 693 1382 75
709 1359 745 1387 ro)
762 1356 809 1388 (¹1).

663 1244 788 1275 Orvieto,
808 1245 845 1270 1⁰r
860 1245 927 1270 aunt
945 1243 1022 1270 1291.

137 1459 305 1488 Venerabili
324 1459 421 1494 fratrs
438 1481 458 1489 ..
475 1460 608 1496 episcopo
624 1464 650 1487 et
666 1459 781 1488 dilectis
798 1459 874 1495 filiis
892 1481 910 1487 ..
932 1459 1042 1488 decano
1062 1467 1096 1487 ac

93 1510 238 1549 magistro
255 1511 366 1549 Anqelo
384 1511 418 1540 de
438 1510 520 1547 Urbe,
537 1512 681 1540 canonico
703 1511 949 1545 Tornmensztus,
967 1510 1098 1540 mandat

94 1567 130 1594 ut
139 1563 296 1594 decimam
307 1563 484 1594 aJohanue
495 1572 573 1602 papa
584 1563 737 1600 Guidoni,
748 1564 856 1593 comiti
868 1563 1048 1600 Flandriae,
1058 1563 1098 1592 ad

95 1625 223 1647 crucem
245 1616 437 1646 sumendam
461 1625 645 1647 concessam
667 1618 846 1654 assignent,
866 1617 953 1655 prius
976 1621 1099 1655 recepta

95 1669 290 1708 obligatione
300 1671 448 1700 omnium
460 1670 617 1700 bonorum
628 1670 773 1708 eJ'usdem
787 1670 914 1700 comitis
925 1671 1022 1709 quod,
1036 1670 1099 1700 nisi

96 1723 198 1763 primo
213 1723 358 1762 generali
373 1724 518 1763 passagio
533 1724 610 1762 ipse,
628 1723 690 1760 vel,
708 1732 744 1753 eo
760 1727 894 1761 mortuo,
907 1724 976 1763 ejus
991 1724 1100 1753 haere-

97 1776 152 1807 des
169 1777 384 1814 transfretent,
395 1777 474 1807 haec
487 1776 611 1807 decima
625 1777 774 1807 ecclesiae
791 1785 942 1813 romanae
958 1778 1102 1807 restitua-

97 1834 158 1861 tur.
181 1830 287 1869 Hujus
310 1833 416 1860 autem
434 1830 577 1860 decimae
599 1830 802 1860 medietatem
825 1830 968 1869 proximo
987 1830 1019 1860 S.
1039 1830 1101 1860 Mi-

95 1882 215 1914 chaelis
232 1882 418 1922 archangeli
441 1883 519 1913 festo
543 1884 721 1921 assignent,
742 1883 875 1913 alteram
900 1883 1102 1913 medietatem

95 1936 175 1967 festo
189 1936 222 1967 S.
241 1936 410 1967 Michaelis
426 1938 583 1976 sequenti.

137 2002 151 2018 α
170 1991 301 2021 Dudum
317 1991 418 2021 felicis
434 1991 699 2021 recordationis...
716 2009 754 2013 —
770 1991 843 2033 Dat.
864 1991 947 2030 apud
966 1991 1103 2021 Urbem-

91 2048 253 2086 ,veterem‚
270 2043 417 2074 kalendis
431 2045 571 2083 augusti,
591 2053 676 2074 anno
689 2049 811 2084 quarto.
832 2057 844 2071 »

169 2224 288 2255 5¹⁷4«)
696 2222 822 2255 Orvieto,
840 2223 856 2249 2
872 2224 939 2249 aout
956 2222 1032 2248 1291.

136 2285 178 2312 De
192 2286 292 2313 eodem
308 2286 433 2321 negotio.
452 2286 535 2319 (Rae.
552 2286 596 2319 46,
614 2294 639 2312 c.
657 2285 728 2317 380²,
745 2286 764 2311 f.
783 2286 816 2311 75
831 2286 883 2316 vo.)

142 2411 162 2418 ..
186 2389 285 2417 abbati
307 2390 487 2418 monasterii
508 2390 541 2418 de
569 2389 724 2424 Vale-eltis,
745 2388 950 2418 cisterciensis
965 2388 1104 2423 ordinis,

103 2441 325 2471 Cameracensis
339 2442 473 2478 diocesis,
490 2442 620 2471 Gerardo
643 2443 678 2471 de
701 2442 800 2477 Ducct,
817 2442 1030 2471 archidiacono
1045 2442 1105 2470 Ha-

101 2495 192 2524 nom'e
211 2495 247 2524 in
267 2495 388 2524 ecclesia
405 2495 627 2530 Cama-acensi,
645 2501 670 2524 ει
685 2496 819 2524 Johanm'
835 2495 869 2524 de
885 2495 1034 2530 Bruert'is‚
1053 2494 1107 2524 Ca-

101 2549 298 2583 meracensis,
337 2546 469 2577 Gerardo
500 2548 534 2577 de
568 2548 781 2585 Grymberyhes
795 2572 802 2583 ,
835 2548 1046 2582 Tornaeensis,
1083 2552 1109 2576 et

104 2599 274 2637 willelmo,
303 2600 526 2637 Curtracensis,
547 2601 741 2630 Tornacensis
757 2601 893 2636 diocesis,
914 2601 1109 2630 ecclesiarum

105 2652 237 2692 decanis,
254 2653 385 2682 mandat
405 2657 448 2689 ut,
468 2653 508 2682 ad
524 2653 771 2692 requisitionem
789 2653 936 2692 episcopi,
957 2675 976 2683 ..
997 2652 1110 2682 decani

105 2707 136 2735 et
158 2705 279 2744 Angeli
300 2706 339 2735 de
359 2706 465 2743 Urbe,
489 2706 636 2736 canonici
655 2706 925 2742 Tornacensium,
949 2705 1110 2735 decimam

106 2759 300 2798 praedictam
313 2758 471 2796 Guidoni,
491 2759 598 2789 comiti
615 2759 798 2796 Flandriae,
814 2761 988 2797 assignent.

146 2823 162 2839 «
177 2812 308 2842 Dudum
324 2812 426 2842 felicis
442 2811 708 2842 recordationis...
725 2828 763 2833 -
781 2812 854 2842 Dat.
871 2811 955 2850 apud
974 2811 1111 2842 Urbem-

107 2867 217 2901 terem,
234 2874 279 2894 1111
298 2873 398 2895 nonas
414 2864 554 2902 augusti,
570 2872 656 2894 anno
669 2869 791 2902 quarto.
812 2876 824 2890 n

138 2982 172 3013 (1)
189 2983 399 3008 Probablement
414 2984 440 3008 le
455 2988 483 3007 n⁰
498 2982 575 3007 23763
591 2983 624 3006 de
640 2983 772 3007 Potthast.

1242 374 1496 403 &acu-5248
1764 373 1890 407 Orvieto,
1908 375 1922 400 5
1938 376 2004 402 aout
2022 376 2096 403 1291.

1208 435 1413 470 Indulgentiae.
1431 436 1513 469 (Rae.
1535 437 1577 468 46,
1594 445 1620 462 e.
1637 437 1697 470 381,
1716 437 1733 462 f.
1753 437 1786 463 75
1802 439 1853 469 νο.)

1215 560 1234 566 ..
1258 538 1368 567 decano
1389 544 1416 567 et
1440 539 1572 576 capitulo
1588 539 1703 568 ecclesie
1720 538 1825 568 Sancti
1845 539 2004 576 Gauyerici
2029 540 2170 570 Camera-

1172 592 1276 620 censis.
1295 590 1535 628 Indulgentiam
1556 591 1653 620 unius
1675 592 1753 621 anni
1771 595 1802 620 et
1818 591 2029 630 quadraginta
2046 592 2171 622 dierum

1173 643 1317 672 concedit
1340 643 1541 672 visitantibus
1569 643 1715 674 eamdem
1741 643 1908 673 ecclesiam
1931 645 1965 673 in
1991 649 2172 674 sauctorum

1173 696 1260 726 Petri
1273 701 1303 726 et
1317 695 1418 732 Pauli,
1433 695 1467 724 in
1484 705 1619 734 quorum
1632 697 1786 727 honorem
1802 697 1836 726 iu
1852 707 1909 727 sua
1924 698 2111 728 fundatione
2127 702 2173 729 est

1173 753 1363 784 constructa,
1386 749 1610 779 festivitatibus
1635 754 1666 779 et
1689 759 1744 788 per
1765 755 1833 781 octo
1848 751 1914 781 dies
1933 756 2111 790 sequentes.
2134 768 2174 774 -

1173 802 1245 831 Jam
1264 801 1408 831 eamdem
1425 801 1660 839 indulgentiam
1683 804 1837 833 concessit
1861 813 1916 842 pro
1942 805 2019 834 festo
2036 804 2068 834 S.
2085 804 2172 834 Gau-

1173 854 1285 892 gerici.

1216 920 1229 934 α
1249 908 1320 937 Vite
1334 909 1485 946 perennis
1502 908 1640 946 gloria...
1658 925 1696 930 —
1713 910 1784 939 Dat.
1801 910 1884 948 apud
1900 911 2172 948 Urbemveterem,

1174 961 1270 991 nonis
1286 962 1426 999 augusti,
1444 970 1529 991 anno
1546 965 1669 1000 quarto.
1687 974 1700 988 »

1772 1042 1898 1074 Orvieto,
1917 1042 1932 1068 8
1946 1043 2013 1068 aout
2029 1042 2105 1069 4291.

1215 1103 1252 1132 In
1272 1111 1299 1132 e.
1318 1111 1360 1131 m.
1380 1102 1539 1132 universis
1554 1102 1674 1132 Christi
1690 1102 1849 1140 fidelibus,
1873 1112 1928 1142 pro
1950 1103 2081 1133 ecclesia
2100 1104 2176 1134 Bea-

1175 1159 1224 1185 tae
1240 1155 1361 1185 Mariae
1376 1155 1414 1185 de
1427 1155 1614 1192 Barbezillo‚
1630 1156 1865 1185 Xanctonensis
1878 1156 2040 1192 dioecesis,
2056 1157 2090 1185 in
2103 1165 2176 1194 qua-

1175 1212 1245 1238 tuor
1258 1208 1401 1247 ejusdem
1416 1209 1552 1246 virginis
1567 1212 1596 1238 et
1612 1209 1644 1239 S.
1666 1209 1819 1239 Matthiae
1840 1209 2062 1239 festivitatibus
2079 1214 2109 1238 et
2124 1219 2178 1248 per

1174 1266 1242 1292 octo
1257 1262 1324 1291 dies
1340 1266 1519 1300 sequentes.
1541 1263 1611 1292 Dat.
1639 1262 1722 1301 apud
1747 1263 2026 1299 Urbemveterem,
2051 1272 2081 1292 VI
2108 1263 2178 1293 idus

1175 1315 1301 1353 augusti
1314 1339 1319 1349 ,
1334 1324 1419 1345 anno
1434 1319 1556 1354 quarto.

1730 1368 1857 1402 Orvieto,
1874 1369 1908 1396 ‘28
1920 1369 2014 1403 juillet
2030 1369 2107 1396 1291.

1218 1430 1254 1460 In
1275 1439 1301 1460 e.
1320 1439 1383 1465 m.,
1411 1439 1465 1468 pro
1487 1430 1661 1460 cathedrali
1682 1430 1814 1460 ecclesia
1840 1432 2040 1467 Patracensi,
2063 1431 2097 1460 iu
2119 1432 2178 1461 As-

1178 1484 1370 1522 sumptionis
1388 1484 1497 1514 beatae
1514 1484 1696 1521 Mariae,S.
1714 1484 1879 1520 Andreae,
1903 1485 1991 1524 cujus
2018 1493 2131 1523 corpus
2146 1485 2180 1514 in

1179 1537 1289 1567 eadem
1304 1537 1437 1567 ecclesia
1452 1537 1610 1576 sepultum
1625 1541 1682 1574 est,
1696 1537 1727 1567 S.
1744 1537 1867 1568 Nicolai
1881 1542 1910 1567 et
1925 1542 2051 1568 sanetae
2065 1538 2179 1574 crucis,

1180 1599 1316 1629 quorum
1342 1590 1420 1620 festa
1446 1591 1481 1619 in
1507 1590 1617 1620 eadem
1644 1590 1862 1629 sollempniter
1888 1591 2098 1627 celebrantur,
2130 1599 2182 1629 per

1179 1648 1246 1674 octo
1266 1643 1335 1673 dies
1358 1648 1524 1682 sequentes
1550 1648 1579 1673 et
1601 1643 1634 1672 in
1661 1643 1881 1673 anniversario
1901 1643 1950 1672 di·²
1974 1643 2182 1673 dedicationis

1181 1697 1324 1736 eJ'usdem
1339 1696 1500 1727 ecclesiae.
1522 1697 1591 1726 Dat.
1608 1696 1691 1735 apud
1708 1697 1979 1732 Urbemveterem,
1997 1706 2016 1726 v
2031 1696 2183 1727 kalendas

1181 1751 1324 1788 augusti,
1342 1759 1428 1780 anuo
1444 1753 1566 1788 quarto.

1892 1802 2018 1834 Orvieto,
2037 1803 2113 1830 1‘291.

1224 1866 1262 1895 In
1279 1875 1306 1896 e.
1325 1875 1365 1895 m.
1383 1890 1389 1901 ,
1408 1874 1463 1904 pro
1479 1865 1611 1895 ecclesia
1637 1889 1656 1894 ..
1677 1865 1852 1895 abbatissae
1872 1870 1902 1895 et
1924 1870 2098 1895 conventus
2118 1873 2185 1894 mo-

1184 1919 1316 1949 nasterii
1334 1919 1372 1949 de
1391 1919 1480 1948 Bello
1500 1919 1607 1948 Monte
1619 1919 1712 1958 juxta
1726 1919 1874 1955 Turonis,
1891 1918 2013 1948 ordinis
2033 1918 2064 1948 S.
2087 1919 2187 1948 Bene-

1185 1972 1278 2008 dicti,
1295 1972 1330 2001 in
1353 1976 1487 2010 quatuor
1506 1972 1614 2001 beatae
1637 1971 1756 2001 Mariae
1776 1971 2013 2007 festivitatibus,
2038 1980 2092 2009 per
2119 1975 2187 2000 octo

1185 2026 1252 2056 dies
1268 2029 1438 2064 sequentes
1455 2030 1485 2055 et
1504 2026 1537 2054 in
1561 2024 1781 2054 anniversario
1802 2024 1853 2053 die
1875 2024 2084 2054 dedicationis
2104 2024 2187 2062 ejus-

1186 2079 1258 2109 dem
1275 2078 1437 2109 ecclesiae.

1228 2144 1242 2159 α
1263 2132 1419 2170 Splendor
1435 2136 1563 2170 paterne
1581 2130 1720 2169 glorie...
1737 2148 1774 2152 —
1791 2131 1862 2160 Dat.
1877 2131 1960 2169 apud
1980 2130 2188 2160 Urbemvete-

1186 2195 1266 2223 rem,
1283 2185 1389 2215 idibus
1404 2184 1482 2223 (sic),
1497 2193 1582 2214 auno
1598 2189 1720 2223 quarto.
1740 2197 1752 2211 n
1767 2184 1827 2223 (En
1847 2184 1975 2222 mat-qe.)

1766 2263 1892 2297 Orvieto,
1910 2264 1939 2290 13
1955 2264 2021 2289 aout
2041 2263 2116 2290 1291.

1227 2328 1265 2356 In
1283 2336 1309 2356 e.
1328 2336 1384 2363 m.,
1402 2335 1457 2364 pro
1473 2326 1604 2355 ecclesia
1627 2350 1644 2355 ..
1668 2326 1844 2356 abbatissae
1868 2331 1897 2355 et
1919 2330 2092 2355 conventus
2120 2334 2189 2355 mo-

1188 2380 1318 2410 nasterii
1334 2379 1521 2410 Sanctarum
1537 2379 1647 2409 Clarae
1664 2383 1693 2409 et
1706 2379 1919 2415 Katharinae,
1938 2378 2059 2408 ordinis
2077 2378 2107 2408 S.
2131 2378 2191 2407 Be-

1189 2433 1318 2468 nedicti,
1336 2441 1431 2471 prope
1447 2433 1639 2470 Eugubium,
1658 2433 1692 2461 iu
1710 2432 1894 2462 earumdem
1911 2436 2091 2461 sanctarum
2107 2432 2193 2460 festi-

1189 2486 1357 2521 vitatibus,
1376 2494 1430 2523 per
1446 2489 1514 2515 octo
1531 2485 1598 2514 dies
1613 2490 1780 2524 sequentes
1797 2489 1827 2514 et
1846 2485 1881 2513 in
1905 2484 2124 2514 anniversario
2141 2484 2191 2513 die

1191 2538 1398 2568 dedicationis
1414 2537 1556 2575 ejusdem
1573 2537 1733 2566 ecclesiae.
1768 2562 1771 2563 γ

1233 2604 1246 2618 α
1272 2591 1360 2620 Licet
1379 2591 1404 2619 is
1428 2590 1503 2619 de...
1522 2605 1561 2612 -·
1578 2590 1649 2619 Dat.
1677 2589 1761 2627 apud
1785 2589 2064 2623 Urbemvetereni,
2087 2588 2192 2618 idibus

1191 2644 1331 2682 augusti,
1349 2651 1434 2672 anno
1451 2647 1572 2680 quarto.
1595 2655 1608 2669 »
1626 2644 1725 2680 (Ibid.)

1231 2699 1270 2728 In
1287 2708 1313 2727 e.
1332 2706 1388 2733 m.,
1404 2705 1458 2735 pro
1474 2696 1606 2726 ecclesia
1622 2696 1737 2726 Beatae
1753 2695 1873 2725 Mariae
1890 2695 1997 2724 Novae
2014 2694 2190 2731 Eugubina,

1192 2751 1226 2780 in
1246 2755 1380 2789 quatuor
1401 2749 1543 2787 ejusdem
1570 2749 1704 2787 virginis
1732 2748 1971 2783 festivitatibus,
1995 2751 2051 2776 etc.
2080 2750 2111 2776 ut
2139 2755 2192 2774 su-

1194 2812 1258 2842 pra.
1275 2802 1380 2841 (Ibid.)

1757 2853 1883 2885 Orvieto,
1905 2854 1933 2879 ts
1949 2854 2015 2879 aout
2032 2851 2108 2878 12291.

1236 2918 1274 2947 In
1290 2926 1316 2947 e.
1334 2926 1391 2952 m.,
1412 2925 1466 2955 pro
1481 2917 1612 2947 ecclesia
1628 2916 1761 2946 Sanctae
1778 2915 1895 2945 Mariae
1918 2914 1955 2944 de
1977 2913 2172 2951 Mandajorfx
2184 2935 2191 2949 ,

1196 2970 1426 3000 Nemausensis
1452 2969 1622 3006 dioecesis,
1652 2969 1685 2998 in
1711 2972 1846 3006 quatuor
1874 2967 2015 3006 ejusdem
2042 2966 2191 3003 virginis,
