2393 3496
228 327 286 358 984

228 394 262 423 in
287 394 400 423 ultima
424 394 584 423 voluntate
608 393 723 422 Terrae
746 392 880 422 Sanctae
904 391 1034 429 legatis,
1060 398 1140 428 quas
1165 389 1233 427 ipse

228 446 398 485 Philippus
415 455 469 485 per
488 454 619 475 manum
641 445 740 474 Gheri
768 443 943 473 Bonacnrsi
959 468 965 481 ,
990 441 1176 472 mercatoris
1194 441 1233 471 de

227 500 376 529 societate
399 501 689 528 Ammannatorum
715 497 753 526 de
778 497 934 533 pistorio,
960 496 1139 526 Lanfranco
1162 496 1231 524 An-

227 552 336 588 selmi,
355 556 384 582 et
401 552 529 581 Fortino
545 555 575 581 et
599 550 698 580 Baldo
716 549 908 589 [Raynerii],
926 549 964 579 de
987 550 1135 579 societate
1159 547 1232 578 Cla-

226 610 354 635 rentum
371 605 409 634 de
428 605 575 641 pistorio,
593 603 753 642 persolvit.

267 670 280 684 a
303 658 383 687 Cum
403 662 530 687 centum
554 657 689 688 libras...
710 674 748 679 —-—
770 657 840 686 Dat.
868 657 986 695 Reate,
1005 666 1059 686 νίιι
1076 656 1231 686 kalendas

220 709 307 748 julii.
324 710 527 749 pontificatus
544 711 642 740 nostri
659 718 744 740 anno
761 710 912 740 secundo.
934 722 947 737 n

294 874 409 903 '7238

256 936 404 972 Raynaldo
424 937 458 963 de
475 936 622 965 Brunforti
643 938 827 973 potestariam
845 938 1057 965 Viterbiensem
1082 946 1131 973 pro
1155 947 1230 965 anno

220 987 381 1020 praesentis
398 988 506 1013 mensis
522 987 651 1014 kalendis
667 987 827 1014 inchoando
844 988 1006 1014 committit.
1024 987 1096 1020 (Fol.
1113 987 1145 1014 39
1160 988 1211 1020 vo.)

533 875 881 911 Satnte-Marie-Majeure,
901 876 937 903 1⁶¹·
949 876 1063 911 janvier
1080 876 1156 903 1‘290.

259 1088 369 1117 Dilecto
390 1089 455 1125 filio
477 1090 572 1118 nobili
593 1090 660 1118 viro
680 1089 838 1127 Raynamo
862 1089 895 1118 de
917 1090 1090 1126 Brztnforti,
1116 1090 1228 1127 militi,

217 1142 356 1177 potestati
373 1143 510 1170 civitatis
533 1142 732 1171 l'iterbiensis.

258 1203 273 1222 ‹
294 1194 481 1224 Devotionis
499 1199 528 1224 et
547 1195 660 1224 fidei...
679 1213 718 1216 —
739 1195 808 1225 Dat.
834 1196 950 1232 Rome,
973 1195 1057 1234 apud
1077 1195 1226 1226 Sanctam

217 1247 353 1277 Mariam
371 1248 537 1287 MaJ'orem‚
556 1247 702 1278 kalendis
718 1249 878 1288 J‘anuarii,
897 1257 982 1279 anno
999 1249 1149 1279 secundo.
1172 1262 1185 1276 7>

287 1412 400 1440 ⁸223?

251 1473 293 1500 De
307 1474 408 1500 eodem
425 1475 551 1509 negotio.
568 1474 640 1507 (Ful.
656 1476 688 1503 39
705 1477 756 1509 v0.)

508 1412 873 1448 Sainte-Marie-Majeure,
894 1415 930 1440 1er
946 1414 1058 1448 janvier
1075 1414 1153 1442 1290.

252 1577 374 1606 Dileccis
388 1578 464 1613 filiis
479 1577 604 1607 consilio
620 1583 646 1607 et
663 1580 818 1608 commum·
838 1579 1080 1609 Viterbiensibus.

254 1642 268 1656 «
285 1630 366 1660 Cum
383 1631 520 1660 civitatis
541 1635 680 1662 vestre...
697 1649 735 1653 —
752 1632 822 1662 Dat.
843 1637 997 1671 utsupra.
1017 1645 1030 1660 n

288 1796 403 1825 '2238

299 1866 395 1884 coram
411 1858 479 1884 sede
495 1859 651 1893 apostolica
668 1860 781 1886 citatur.
799 1859 869 1894 (1³01.
890 1861 923 1887 40
938 1861 985 1893 rv.)

536 1797 896 1832 Satnte-Marie-MaJem-e,
914 1799 929 1825 9
944 1799 1056 1833 janvier
1074 1799 1150 1826 1290.

253 1960 314 2000 [...]
333 1962 520 1998 ΟανεαεεοηἼ
545 1963 690 1992 canonico
704 1964 916 2001 Narbonensi,
934 1965 1090 2001 capellano
1106 1970 1220 1995 nostro.

252 2025 267 2040 (ι
342 2032 380 2037 —-
397 2015 468 2045 Dat.
488 2015 605 2052 Rome,
624 2017 707 2054 apud
725 2016 873 2046 Sanctam
893 2018 1029 2048 Mariam
1047 2019 1220 2058 Majorem,

210 2077 229 2096 v
245 2067 317 2097 idus
330 2068 490 2106 januarii,
509 2069 713 2107 pontificatus
729 2070 830 2100 nostri
852 2079 938 2102 anno
955 2072 1106 2102 secundo.
1126 2085 1140 2100 n

281 2235 399 2263 ’2239

243 2295 331 2322 Paulo
348 2296 480 2323 Palmerii
499 2299 686 2332 potestat-iam
712 2299 837 2325 civitatis
857 2299 1050 2327 Ferentinatis
1070 2309 1120 2335 pro
1145 2309 1219 2327 anno

206 2345 335 2385 kalendis
352 2347 492 2380 proximis
512 2347 648 2373 februarii
669 2348 830 2374 inchoando
852 2349 1016 2376 committit.
1033 2349 1104 2384 (Fol.
1123 2350 1155 2376 40
1172 2351 1220 2383 ro.)

528 2235 894 2271 sainte-Marie-Majeure‚
912 2237 927 2264 6
940 2237 1054 2272 Janvier
1070 2238 1147 2266 1290.

246 2448 352 2477 Dilecto
368 2450 432 2485 lilio
450 2449 544 2478 Paulo
566 2450 712 2479 Palmerz'i
727 2451 844 2487 Judici,
863 2452 923 2481 civi
939 2452 1101 2482 Esculano.

245 2512 259 2528 α
279 2501 467 2531 Devotionis
489 2508 518 2532 et
535 2503 649 2532 fidei...
665 2519 705 2526 —
722 2504 793 2535 Dat.
818 2504 937 2541 Rome,
960 2505 1043 2543 apud
1066 2505 1217 2535 Sanctam

203 2554 339 2584 Mariam
358 2555 524 2593 Majorem,
542 2565 599 2585 νιιι
623 2556 867 2595 idusjanuarii,
891 2558 1092 2596 pontificatus
1116 2559 1215 2588 nostri

201 2615 288 2637 anno
304 2608 455 2638 secundo.
476 2620 489 2635 »

272 2773 392 2802 ’2240

234 2834 276 2861 De
293 2834 393 2861 eodem
411 2836 535 2870 negotio.
554 2835 624 2869 (Fol.
643 2837 676 2863 40
693 2839 739 2870 r0.)

523 2773 886 2810 Sainte-Marie-MaJeure,
903 2777 918 2804 6
930 2778 1044 2811 janvier
1061 2777 1139 2805 1290.

236 2939 356 2968 Dilectz's
371 2940 447 2976 filiis
463 2940 587 2968 consilio
602 2945 627 2969 et
644 2942 800 2970 communi
819 2942 1076 2972 Ferentinatibus.

238 3004 251 3019 α
268 2992 349 3022 Cum
366 2992 503 3022 civitatis
519 2997 658 3023 vestre...
676 3009 711 3014 —
732 2994 801 3024 Dat.
821 2998 854 3024 nt
871 3004 976 3034 supra.
997 3008 1010 3022 »

975 322 1212 354 REGISTRES
1235 322 1289 351 DE
1312 321 1496 352 NICOLAS
1516 323 1573 352 IV.

1388 388 1501 416 '224¹
1623 387 1983 421 Sainte-Marie-Majeure,
2001 387 2032 414 13
2044 387 2157 422 janvier
2172 387 2248 416 1290.

1352 449 1394 475 De
1411 450 1501 484 pretio
1517 449 1620 476 domus
1635 450 1754 476 fratrum
1773 448 1968 475 Poenitentiae
1987 447 2060 475 Jesu
2080 447 2186 475 Christi
2206 449 2234 476 in
2256 450 2318 478 villa
2370 462 2372 487 g

1316 498 1556 534 Montispesulani
1572 498 1645 531 (Fol.
1663 498 1696 524 40
1712 499 1759 531 r0.)

1361 601 1528 630 Venerabili
1549 600 1643 637 fratri
1668 599 1712 635 3.,
1737 600 1870 636 episcopo
1893 599 2118 636 Maqalonensi‚
2139 599 2268 630 mandat
2284 605 2318 632 ut

1314 658 1477 684 sexcentas
1506 652 1637 690 triginta
1662 657 1723 682 tres
1748 651 1846 681 libras
1869 650 2148 689 melguriensium,
2175 660 2254 690 quas
2279 661 2316 684 ex

1313 707 1501 736 venditione
1516 705 1630 735 domus
1646 708 1675 735 et
1690 704 1929 744 possessionum
1949 704 2082 733 fratrum
2100 704 2316 738 Poenitentiae

1311 761 1388 790 Jesu
1410 759 1530 789 Christi
1554 759 1588 788 in
1610 758 1688 788 villa
1709 757 1977 796 Montispesulaui
2003 756 2132 796 recepit,
2156 757 2316 796 Mei-griano

1370 813 1467 843 Pucio
1490 812 1661 851 Raynerii,
1683 811 1722 841 de
1742 811 1892 841 societate
1911 810 2097 840 Clareutum
2113 810 2151 840 de
2170 810 2315 850 Pistorio‚

1312 866 1544 897 mercatoribus
1567 865 1650 904 apud
1676 865 1877 895 Neumasum
1901 863 2114 900 morantibus,
2137 868 2316 902 praesentes

1312 921 1435 950 litteras
1451 919 1679 953 deserentibus,
1697 919 1851 956 assignet.

1354 987 1368 1002 «
1387 974 1592 1004 Transmisse
1609 973 1700 1003 nobis
1725 977 1814 1002 tue...
1831 989 1870 994 —
1887 971 1959 1001 Dat.
1977 975 2139 1010 utsupra,
2160 970 2232 1002 idus
2252 971 2317 1012 (sic)

1309 1028 1464 1068 januarii.
1485 1040 1498 1054 n

1383 1228 1500 1257 '2242
1616 1225 1978 1260 Sainte—Marie-Majeure,
1996 1225 2027 1252 13
2040 1224 2154 1260 janvier
2169 1223 2247 1252 ¹290.

1345 1292 1469 1318 Litterae
1486 1290 1519 1316 ad
1542 1291 1743 1325 imperatorem
1768 1287 2117 1322 Constantinopolitanum
2132 1286 2202 1322 (Fol.
2219 1285 2252 1314 40
2264 1287 2315 1320 νο.)

1349 1395 1512 1424 Carissimo
1531 1395 1564 1423 in
1583 1394 1701 1422 Christo
1717 1393 1781 1428 filio
1799 1392 1971 1421 Andronico
1988 1391 2146 1428 Palealoyo
2160 1413 2167 1426 ‚
2184 1390 2315 1427 impera-

1309 1450 1368 1478 tori
1385 1448 1544 1477 Grecorum
1565 1445 1692 1476 illustri.
1712 1458 1725 1472 ι(
1744 1445 1876 1475 Accedit
1891 1444 1983 1474 nobis
2003 1444 2043 1473 ad
2058 1442 2224 1473 cumulum
2239 1451 2314 1481 gau-

1307 1502 1434 1531 diorum
1446 1500 1529 1539 quod
1543 1500 1628 1529 Deus
1644 1499 1860 1538 omnipotens,
1878 1498 1933 1536 qui
1949 1506 2007 1527 sua
2020 1496 2179 1526 mundum
2191 1494 2313 1526 illumi-

1307 1559 1361 1584 nat
1375 1553 1533 1584 ineffabili
1547 1553 1700 1588 claritate,
1717 1557 1860 1581 mentem
1878 1555 1964 1580 tuam
1979 1551 2013 1580 in
2030 1551 2098 1589 ejus
2112 1548 2314 1588 beneplacitis

1306 1608 1495 1643 illustravit,
1513 1607 1638 1645 aperuit
1657 1606 1712 1636 tibi
1731 1605 1892 1643 unigeniti
1908 1605 1963 1634 Dei
1985 1604 2052 1633 vias
2068 1607 2098 1633 et
2114 1603 2148 1632 in
2168 1603 2314 1634 firmitate

1306 1660 1479 1690 orthodoxe
1509 1660 1583 1689 fidei
1609 1658 1774 1688 stabilivit.
1801 1658 1852 1687 Ad
1877 1658 1983 1696 ipsum
2009 1656 2127 1696 quippe
2151 1664 2205 1686 cor
2226 1659 2314 1686 tuum

1306 1713 1428 1752 liquido
1444 1712 1625 1742 ascendisse
1641 1712 1848 1750 percipimus,
1861 1719 1934 1740 cum
1947 1710 2053 1749 ipsum
2065 1710 2121 1748 qui
2138 1712 2166 1739 te
2182 1708 2221 1739 ad
2237 1697 2314 1739 veri-

1308 1767 1378 1796 tatis
1404 1767 1489 1795 viam
1519 1765 1582 1795 dux
1610 1765 1772 1795 salutifere
1801 1764 1883 1794 lucis
1908 1763 2039 1794 adduxit
2066 1763 2314 1801 omnipotentem

1306 1824 1480 1850 creatorem
1499 1819 1634 1849 extimes
1650 1823 1679 1848 et
1698 1818 1810 1847 mundi
1830 1817 1949 1856 pariter
1973 1817 2217 1855 redemptorem.
2237 1805 2314 1846 Pro*-

1306 1874 1386 1903 fecto
1406 1874 1433 1902 is
1450 1877 1497 1902 est
1515 1873 1569 1911 qui
1587 1877 1614 1902 te
1631 1872 1706 1902 fecit
1721 1871 1908 1901 hereditatis
1925 1879 1981 1901 sne
1996 1870 2101 1900 filium
2117 1877 2182 1899 non
2204 1877 2314 1907 exper-

1308 1931 1380 1956 tem.
1400 1927 1462 1956 Hic
1479 1931 1524 1955 est
1539 1926 1593 1965 qni
1612 1930 1639 1955 te
1656 1926 1690 1955 in
1710 1926 1831 1963 gremio
1849 1924 1933 1954 sedis
1949 1923 2120 1962 apostolice
2134 1921 2312 1960 collocavit,
2348 1963 2349 1966 Ἴ

1306 1982 1397 2018 cnjus
1424 1984 1565 2018 apertam
1590 1979 1736 2008 iuvenies
1761 1979 1795 2007 in
1821 1979 1890 2017 ejus
1919 1977 2162 2016 oportunatibus
2182 1977 2314 2015 januam

1304 2034 1493 2071 gratiarnm.
1522 2033 1582 2062 Hic
1613 2036 1660 2062 est
1689 2032 1747 2061 sub
1777 2032 1868 2069 cujus
1896 2031 2024 2060 dextera
2050 2039 2141 2068 reges
2167 2032 2311 2068 regnant.

1308 2087 1367 2116 Hic
1385 2090 1431 2115 est
1447 2085 1502 2124 qni
1521 2094 1575 2124 pro
1591 2074 1692 2115 salute
1711 2089 1762 2114 tna
1779 2089 1809 2114 et
1824 2084 1932 2123 populi
1949 2093 2045 2123 quem
2061 2083 2199 2113 redemit
2213 2082 2314 2113 crucis

1306 2139 1484 2179 patibulum
1503 2139 1566 2177 pati
1587 2138 1687 2169 voluit
1707 2144 1736 2168 et
1752 2139 1861 2168 mortis
1879 2138 1988 2168 subire
2005 2141 2210 2168 tormentum.
2228 2136 2313 2173 Qua-

1305 2197 1443 2231 propter,
1468 2192 1514 2220 tili
1541 2192 1719 2227 carissime,
1742 2195 1862 2221 attente
1886 2190 2095 2221 considerans
2121 2189 2205 2228 quod
2230 2189 2314 2220 inter

1302 2246 1381 2276 alios
1404 2246 1491 2275 orbis
1519 2246 1677 2284 principes
1699 2245 1800 2275 multa
1823 2250 1851 2274 te
1872 2245 2071 2283 prerogativa
2092 2243 2203 2273 dilexit
2223 2247 2313 2282 teque

1303 2300 1412 2330 multis
1432 2300 1602 2330 honoravit
1618 2299 1811 2333 honoribus,
1830 2298 1991 2328 decoravit
2008 2297 2196 2333 virtutibus,
2212 2296 2312 2327 bene-

1302 2354 1384 2383 ficiis
1401 2353 1523 2390 attulit,
1541 2353 1732 2383 discretione
1751 2352 1871 2382 dotavit
1891 2356 1921 2382 et
1939 2351 2158 2390 magnificavit
2181 2349 2216 2379 in
2233 2357 2312 2388 gen·
2341 2373 2346 2379 .

1301 2408 1385 2437 tibus
1405 2415 1522 2437 nomen
1544 2410 1651 2443 tuum,
1673 2415 1708 2436 ex
1728 2414 1792 2444 quo
1811 2413 1875 2436 non
1901 2409 1948 2435 est
1965 2404 2099 2434 dubium
2120 2407 2149 2434 te
2168 2403 2229 2433 sibi
2245 2409 2312 2433 esse

1300 2460 1490 2499 multipliter
1519 2460 1713 2498 obligatum,
1745 2459 1951 2489 serenitatem
1983 2462 2069 2488 tuani
2099 2464 2249 2495 rogamus
2280 2458 2310 2486 et

1299 2514 1467 2544 hortamur
1489 2517 1608 2543 attente
1627 2513 1789 2552 quatinuS‚
1814 2513 1908 2542 corde
1924 2515 1954 2541 et
1970 2511 2082 2541 animo
2106 2511 2140 2540 in
2160 2509 2234 2540 fidei
2255 2508 2311 2538 fir-

1298 2568 1408 2597 mitate
1425 2576 1521 2606 qnam
1541 2567 1707 2596 salvatoris
1724 2566 1824 2604 ipsius
1852 2569 2003 2604 operante
2018 2564 2120 2602 gratia
2136 2567 2165 2594 te
2184 2563 2307 2593 firmam

1297 2621 1460 2651 credimus
1480 2621 1656 2659 suscepisse
1672 2621 1857 2659 persistens,
1868 2619 1916 2648 illi
1930 2618 1989 2649 soli
2000 2618 2165 2648 serviasssin
2181 2617 2306 2653 timore,

1295 2679 1326 2705 et
1348 2674 1519 2704 exultando
1542 2674 1603 2703 sibi
1626 2674 1720 2703 etiam
1742 2682 1815 2703 cuni
1839 2677 1974 2702 tremore
1999 2671 2034 2701 in
2054 2671 2120 2701 suis
2141 2668 2308 2700 delecteris

1294 2728 1459 2767 obsequiis
1476 2731 1505 2757 et
1522 2728 1561 2757 ab
1585 2728 1648 2757 hiis
1669 2736 1730 2766 que
1752 2726 1814 2756 sibi
1837 2729 1913 2755 sunt
1935 2725 2051 2764 placita
2074 2732 2139 2755 uon
2163 2722 2305 2773 recedas,

1293 2781 1449 2820 quoniam
1467 2782 1534 2819 ipse
1552 2781 1607 2820 qui
1632 2781 1664 2810 in
1685 2781 1755 2810 'suis
1778 2779 1933 2818 preceptis
1948 2787 2002 2809 cor
2019 2782 2126 2815 tuum,
2147 2780 2239 2817 prout
2252 2775 2307 2806 fir-

1295 2834 1391 2863 miter
1413 2833 1590 2870 credimus,
1609 2833 1763 2863 radicavit
1781 2834 1815 2862 in
1835 2836 1918 2862 terra
1936 2833 1969 2862 in
1988 2830 2176 2870 centuplum
2201 2833 2232 2860 et
2252 2829 2305 2859 in-

1293 2887 1552 2926 comparabiliter
1585 2887 1618 2916 in
1649 2886 1716 2917 celo
1752 2885 1937 2916 delitiarum
1971 2889 2002 2915 et
2036 2884 2139 2923 gratie
2174 2889 2304 2914 suarum

1291 2941 1455 2970 fructuum
1477 2940 1626 2978 largiflue
1653 2941 1709 2970 tibi
1733 2940 1843 2970 tribuit
1866 2939 2057 2978 portionem.
2083 2938 2134 2968 Ad
2157 2937 2216 2967 hec
2240 2943 2304 2966 non

1292 2994 1421 3024 mireris
1452 2995 1478 3024 si
1512 2999 1678 3034 postquam
1712 2994 1751 3024 de
1786 2994 1888 3033 ipsius
1925 2992 2075 3023 creatoris
2110 2989 2305 3030 beneplacito
