2393 3496
887 301 1141 348 QUATRInMn
1164 301 1320 340 ANNnn.
2093 312 2148 341 871

111 379 361 410 6513-6514
397 378 754 413 Sainte-Marie-MaJem-e,
766 379 918 413 18janvier
930 378 1007 405 1292.

93 442 219 469 Licentia
241 440 364 475 eligendi
388 440 535 475 proprium
555 441 762 467 confessorem.
780 440 863 473 (Rae.
880 440 928 471 46,
945 448 971 466 c.
995 440 1061 473 705,

59 493 79 519 f.
96 491 142 518 141
162 490 209 522 r0.)

100 592 197 621 Nobili
220 592 286 620 viro
308 591 426 627 Carolo,
446 595 518 619 nato
539 591 618 620 clare
642 592 786 620 memorie
807 591 962 628 Phylippi,
983 591 1064 627 reyis

59 646 195 680 Fra-note,
211 645 315 673 comiti
330 643 551 681 Andeyavensi.

0 679 13 758 k:
101 710 114 725 α
137 697 303 727 Nobilitati
327 701 378 726 tue
397 696 571 726 libenter...
587 714 626 719 —
643 697 713 728 Dat.
733 697 849 733 Rome,
866 697 951 735 apud
967 697 1064 727 Sanc-

0 761 13 799 i,
61 754 124 782 tam
151 750 285 780 Mariani
320 750 495 787 hlaJ'orem,
527 759 567 778 xv
596 749 749 779 kalendas
780 750 947 784 februarii,
979 757 1064 779 anno

60 809 180 844 quarto.
201 815 214 829 n

9 853 13 908 [
100 858 137 887 In
154 865 182 886 e.
201 865 245 885 m.
263 856 467 894 Margaritae,
483 855 577 886 uxori
592 856 672 894 ejus.

9 972 11 983 ι

127 1056 244 1084 6515

93 1119 219 1146 Licentia
234 1119 397 1146 celebrandi
413 1120 532 1146 missam
549 1123 614 1146 ante
628 1120 721 1146 lucem
732 1128 783 1155 pro
795 1120 939 1154 capellano
951 1120 1066 1146 comitis

59 1168 288 1203 Andegavensis.
308 1168 391 1202 (Rau.
409 1168 453 1198 46,
470 1176 494 1194 c.
514 1168 575 1201 706,
593 1169 612 1196 f.
631 1169 677 1195 141
697 1169 745 1201 ro.)

359 1054 720 1089 Sainte-Marie-Majeure,
741 1055 772 1082 18
784 1056 897 1090 janvier
914 1055 992 1082 1292.

7 1252 9 1287 1

97 1272 200 1301 Eidem
215 1273 332 1301 comiti.

99 1336 112 1351 α
132 1323 321 1354 Devotionis
340 1329 390 1354 lue
407 1324 591 1363 precibus...
610 1341 648 1346 —
665 1325 735 1354 Dat.
754 1329 788 1354 ut
804 1333 910 1364 supra.
930 1336 944 1351 »

102 1523 351 1553 6516-851'2
391 1523 750 1558 Sainte-Marie-Majeure,
770 1523 800 1550 18
813 1525 927 1558 janvier
944 1524 1021 1552 1292.

96 1585 221 1612 Licentia
229 1586 364 1612 audiendi
371 1586 466 1613 divina
475 1587 503 1612 in
511 1587 582 1613 locis
591 1586 742 1613 interdicto
750 1587 921 1622 suppositis.
932 1586 1014 1619 (Rso.
1023 1586 1066 1618 46,

61 1642 87 1662 c.
103 1634 176 1665 706²,
192 1635 212 1662 f.
230 1635 277 1661 141
297 1636 346 1668 νο.)

100 1737 204 1766 Eidem
220 1739 334 1767 comiti.

104 1801 117 1817 ιι
135 1790 179 1820 Ut
194 1799 269 1829 erga
285 1791 432 1821 sedem...
449 1808 490 1814 —
504 1791 577 1821 Dat.
598 1795 632 1821 ut
649 1800 755 1831 supra.
775 1804 788 1819 1>

101 1844 138 1874 In
156 1853 184 1874 e.
201 1854 245 1874 m.
264 1845 466 1883 Margaritae,
483 1845 675 1875 comitissae.

102 2045 351 2074 8518-8519
395 2044 757 2079 Sainte-Marie-Majeure,
776 2045 807 2071 18
819 2045 933 2079 janvier
949 2044 1027 2072 1292.

93 2090 225 2133 'Licentia
241 2107 364 2133 habendi
379 2107 466 2133 altare
481 2107 624 2142 portatile.
641 2106 724 2141 (Res.
738 2107 782 2139 46,
797 2115 822 2135 c.
838 2107 898 2138 707,
915 2107 934 2134 f.
953 2106 1000 2134 141
1018 2110 1067 2140 v0.)

102 2223 206 2252 Eidem
222 2224 336 2252 comiti.

105 2287 120 2303 «
138 2275 182 2306 Ut
197 2284 233 2306 eo
248 2275 440 2305 libentius...
455 2292 494 2297 —
510 2275 582 2305 Dat.
601 2279 635 2305 ut
650 2284 757 2314 supra.
776 2287 790 2303 »

104 2329 142 2359 In
159 2338 186 2359 e.
202 2338 247 2359 m.
265 2330 466 2369 Margaritae,
483 2329 674 2359 comitissae.

135 2529 257 2558 (352⁰

100 2591 234 2626 Indulget
250 2596 281 2618 ut
295 2592 460 2627 capellanus
476 2593 592 2619 comitis
608 2596 636 2619 et
658 2592 824 2619 comitissae
840 2591 989 2619 Flandriae
1004 2600 1074 2619 con-

66 2640 208 2668 fessiones
224 2641 404 2668 familiarium
420 2650 520 2668 eorum
544 2641 643 2668 audire
666 2642 769 2676 possit.
791 2641 874 2674 (Rea.
891 2641 938 2672 46,
957 2649 982 2668 c.
1000 2640 1074 2676 707²,

66 2689 87 2716 f.
104 2689 151 2716 141
173 2697 216 2721 v⁰;
234 2689 352 2721 ΡοττΗ.,
368 2690 464 2721 23895)
486 2691 532 2723 (1).

373 2528 731 2564 Sainte-Marie-Majeure,
750 2529 781 2556 18
793 2529 906 2564 janvier
922 2528 1000 2556 1292.

0 2800 12 2838 Β
107 2805 225 2834 Eisdem
241 2806 342 2834 comiti
357 2810 383 2834 et
396 2806 554 2834 comitisse.

111 2870 124 2883 α
141 2857 265 2888 Eximie
281 2858 458 2888 devotionis
476 2858 645 2888 affectus...
660 2874 699 2880 —
715 2858 787 2888 Dat.
804 2862 839 2888 ut
855 2866 961 2897 supra.
980 2870 995 2885 n

101 2988 134 3020 (1)
150 2989 236 3013 Datee
251 2989 319 3014 dans
333 2989 458 3016 Potthast
473 2991 511 3015 du
528 2992 556 3016 13
569 2990 686 3020 janvier.

1215 377 1326 405 8521

1180 438 1284 464 Contra
1304 442 1491 473 usurpatores
1514 439 1653 465 bonorum
1677 439 1844 465 monasterii
1865 438 1962 465 Sancti
1986 438 2094 470 Quirici
2117 439 2151 466 de

1146 486 1226 512 Valle
1241 486 1399 514 Introduci.
1416 487 1499 521 (Res.
1518 488 1561 519 46,
1578 496 1603 515 c.
1623 488 1684 521 708,
1700 488 1720 514 f.
1740 488 1786 514 141
1804 488 1856 520 v0.)

1449 377 1809 411 Sainte-Marie-Majeure,
1829 376 1859 402 13
1875 377 1985 410 janvier
2001 377 2079 404 1292.

1192 588 1359 617 Venerabili
1376 590 1472 625 fratri
1489 590 1642 626 Johanm',
1662 591 1793 627 episcopo
1818 590 1998 626 Tusculano,
2022 588 2154 618 mandat

1146 645 1181 669 ut
1199 649 1349 678 personas
1372 642 1545 678 Reatinae,
1569 642 1757 680 Aquilensis
1781 646 1811 672 et
1830 641 2006 672 Esculanae
2026 642 2153 671 dioece-

1146 693 1232 722 sium
1257 703 1338 731 quae
1365 695 1579 732 possessiones
1609 695 1796 724 monasterii
1828 695 1935 724 Sancti
1966 694 2088 730 Quirici
2115 694 2154 724 de

1147 746 1238 775 Valle
1265 747 1447 782 Introduci,
1474 747 1798 777 Praemonstratensis
1826 748 1969 783 ordinis,
2001 748 2155 776 Reatinae

1147 799 1319 835 dioecesis,
1344 800 1488 829 indebite
1508 806 1663 839 occupant
1686 801 1725 830 ad
1747 811 1799 831 eas
1821 801 2035 831 restituendas
2052 806 2152 839 cogat.

1189 864 1202 878 a
1223 853 1365 889 Dignum
1382 857 1428 881 est
1447 857 1515 883 ut...
1536 870 1575 874 —
1591 854 1661 882 Dat.
1684 854 1802 890 Rome,
1820 855 1903 892 apud
1920 855 2069 884 Sanctam
2084 855 2154 883 Ma-

1148 905 1228 934 riam
1244 906 1410 944 Majorem,
1424 905 1531 935 idibus
1545 906 1700 945 januarii,
1714 916 1800 937 anno
1815 913 1937 946 quarto.
1958 920 1972 935 »

1219 1104 1338 1133 6522

1182 1165 1331 1200 Hospitale
1357 1165 1457 1192 Sancti
1483 1166 1584 1193 Jacobi
1610 1167 1644 1193 de
1668 1166 1760 1194 Ponte
1785 1168 1883 1202 populi
1903 1169 2036 1203 hospitali
2062 1169 2158 1196 Sancti

1148 1213 1297 1249 Peregrini
1311 1215 1339 1241 in
1357 1215 1481 1250 Alpibus
1499 1216 1689 1243 submittitur.
1705 1216 1788 1249 (HEG.
1807 1217 1853 1248 46,
1871 1225 1896 1243 c.
1916 1218 1983 1248 709,
2000 1218 2018 1244 f.
2041 1218 2086 1244 141
2104 1222 2155 1250 νο.)

1458 1104 1817 1139 Sainte-Marie-Majeure‚
1835 1105 1864 1131 ‘21
1879 1106 1992 1140 janvier
2009 1106 2087 1133 1292.

1189 1332 1308 1360 Dileccis
1329 1332 1405 1368 filiis
1431 1354 1449 1361 ..
1475 1332 1580 1361 Sancti
1600 1333 1744 1361 Fridiant'
1766 1332 1882 1363 Lucani
1903 1340 1929 1362 et
1954 1357 1973 1362 ..
1993 1335 2028 1363 de
2050 1334 2158 1364 Sancto

1150 1384 1272 1418 Quirico
1295 1385 1489 1421 prioratuum
1509 1386 1665 1421 prioribus
1686 1394 1720 1414 ac
1737 1409 1756 1414 ..
1777 1387 1902 1424 plebano
1915 1388 2010 1424 plebis
2033 1388 2066 1416 de
2086 1388 2159 1425 Lop-

1147 1439 1216 1475 pz'a,
1238 1438 1354 1466 Lucane
1381 1439 1520 1474 diocesis,
1542 1438 1673 1467 mandat
1699 1443 1732 1468 ut
1756 1439 1947 1469 confirment
1968 1440 2158 1470 submissio-

1150 1500 1225 1520 nem
1245 1515 1263 1520 ..
1282 1492 1395 1521 rectori
1411 1496 1439 1520 et
1459 1492 1610 1521 fratribus
1628 1492 1795 1530 hospitalis
1816 1493 1924 1523 Sancti
1944 1494 2110 1532 Peregrini
2123 1494 2158 1524 in

1151 1544 1306 1582 Alpibus,
1328 1544 1367 1573 ad
1386 1553 1552 1574 romanam
1574 1545 1740 1575 ecelesiam
1761 1545 1851 1576 nullo
1872 1547 1976 1576 medio
1995 1548 2158 1585 pertinen-

1152 1602 1202 1634 tis,
1222 1599 1367 1627 Lucanae
1385 1598 1550 1635 dioecesis,
1568 1599 1735 1637 hospitalis
1751 1599 1859 1629 Sancti
1874 1600 1985 1629 Jacobi
2004 1600 2041 1629 de
2057 1601 2160 1630 Ponte

1151 1651 1271 1690 populi,
1292 1651 1435 1690 ejusdem
1452 1651 1624 1688 dioecesis,
1643 1652 1740 1690 quod,
1761 1657 1882 1682 rectore
1898 1661 2012 1682 vacans
2025 1677 2032 1689 ,
2051 1654 2086 1682 in
2103 1662 2158 1683 na-

1154 1706 1239 1735 tione
1260 1714 1355 1744 prava
1372 1706 1480 1742 sitnm,
1496 1706 1612 1735 debitis
1628 1711 1808 1742 oneratum,
1829 1707 1863 1736 in
1881 1707 2009 1736 ruinam
2027 1715 2159 1736 conver-

1153 1759 1240 1795 titur,
1259 1768 1274 1787 a
1292 1758 1409 1795 Cei-vo,
1430 1766 1600 1795 converso,
1618 1764 1647 1789 et
1663 1759 1822 1797 Luehesa,
1847 1768 2000 1790 conversa
2017 1760 2161 1798 ejusdem

1154 1811 1332 1850 hospitalis,
1350 1812 1476 1841 factam.

1195 1877 1209 1891 «
1227 1864 1292 1894 Sua
1310 1865 1402 1894 nobis
1422 1889 1440 1894 ..
1459 1869 1597 1895 rector...
1614 1881 1654 1888 -
1669 1866 1741 1895 Dat.
1766 1866 1883 1901 Rome,
1902 1867 1986 1905 apud
2011 1866 2160 1897 Sanctam

1153 1918 1289 1947 Mariam
1308 1918 1475 1957 Majorem,
1492 1928 1534 1948 ΧΗ
1550 1918 1704 1949 kalendas
1719 1919 1886 1955 februarii,
1902 1928 1989 1950 anno
2007 1925 2129 1959 quarto.
2143 1932 2158 1948 »

1198 2116 1452 2144 6523-8524
1489 2115 1847 2151 Salute-Marie-Mnjeure,
1865 2117 1898 2144 28
1913 2118 2025 2152 janvier
2042 2117 2120 2145 1292.

1190 2178 1318 2204 Ecclesia
1330 2178 1364 2203 de
1373 2178 1502 2212 Tunelby
1513 2178 1687 2205 monasterio
1697 2178 1732 2205 de
1743 2178 1915 2205 Kirkestede
1925 2179 2017 2206 datur.
2028 2178 2108 2213 (Res.
2117 2179 2159 2211 46,

1155 2235 1180 2254 c.
1198 2228 1259 2262 710,
1276 2228 1294 2254 f.
1316 2227 1364 2253 142
1379 2228 1426 2261 ι-ο.)

1198 2365 1219 2373 ..
1242 2344 1343 2372 abbati
1364 2348 1391 2372 et
1411 2343 1571 2372 conventui
1586 2343 1767 2372 ‘monasterii
1786 2343 1820 2372 de
1841 2343 2027 2378 Kirkestede‚
2050 2343 2162 2372 Cister-

1156 2398 1264 2427 ciensis
1281 2396 1416 2432 ordinis,
1433 2395 1651 2425 Lincolniensis
1671 2396 1812 2433 diocesis,
1834 2397 2001 2426 confirmat
2018 2396 2163 2426 donatio-

1156 2459 1231 2479 nem
1256 2450 1301 2478 eis
1325 2449 1364 2478 ab
1395 2448 1579 2479 Alexandro
1605 2457 1685 2487 papa
1714 2449 1829 2479 factam
1853 2450 2006 2480 ecclesiae
2035 2450 2073 2480 de
2099 2450 2164 2479 Tu-

1157 2503 1270 2542 uelby,
1299 2502 1534 2532 Lincolniensis
1559 2502 1734 2539 dioecesis,
1758 2503 1792 2531 in
1817 2511 1880 2541 qua
1903 2504 1955 2542 jus
1980 2507 2164 2542 patronatus

1157 2557 1293 2592 hahent,
1312 2561 1342 2585 et
1357 2556 1448 2594 cujus
1464 2555 1607 2585 redditus
1623 2555 1740 2593 viginti
1765 2556 1970 2587 marcharum
1994 2557 2163 2594 sterlingo-

1158 2619 1229 2639 rum
1247 2609 1415 2638 annuatim
1437 2617 1597 2637 summam
1615 2617 1680 2638 non
1699 2609 1867 2639 excedunt.

1200 2675 1213 2689 α
1234 2662 1333 2691 Favor
1353 2661 1520 2698 religionis
1536 2666 1604 2691 et...
1621 2679 1660 2682 —
1676 2661 1746 2691 Dat.
1774 2662 1889 2699 Rome,
1909 2662 1993 2702 apud
2015 2662 2165 2692 Sanctam

1159 2717 1295 2745 Mariam
1311 2715 1477 2753 Majorem,
1495 2724 1515 2743 v
1532 2714 1685 2744 kalendas
1703 2715 1866 2751 februarii,
1884 2724 1970 2745 anno
1987 2721 2109 2754 quarto.
2129 2728 2143 2742 n

1200 2770 1238 2799 In
1263 2778 1290 2798 e.
1315 2777 1358 2797 m.
1381 2790 1400 2796 ..
1425 2767 1639 2797 Dunelmensi
1668 2773 1698 2797 et
1721 2792 1741 2797 ..
1767 2768 1890 2798 Eliensi
1914 2769 2066 2808 episcopis
2089 2775 2119 2798 et
2143 2791 2163 2800 ..

1160 2823 1258 2861 prlori
1281 2822 1318 2851 de
1337 2821 1471 2856 Waton,
1491 2820 1613 2850 ordinis
1637 2822 1675 2851 de
1693 2821 1940 2860 Sempiugham‚
1959 2821 2166 2852 Eboracensis

1161 2875 1331 2911 dioecesis,
1347 2874 1478 2904 mandat
1494 2878 1526 2904 ut
1543 2875 1689 2904 abbatem
1711 2880 1742 2904 et
1765 2879 1959 2905 conventum
1980 2874 2166 2905 monasterii

1161 2929 1200 2959 de
1218 2927 1408 2958 Kirkeslede
1428 2927 1462 2956 in
1485 2927 1680 2966 corporalem
1704 2928 1936 2966 possessionem
1959 2927 2109 2957 ecclesiae
2128 2927 2168 2957 de

1162 2982 1310 3021 Tunelby
1324 2981 1489 3011 inducant.
