2393 3496
947 239 1200 284 QUA'rmEME
1221 234 1377 275 ΑΝΝΕΕ.
2151 246 2208 276 719

709 314 835 348 Ort-iem,
851 314 885 341 ‘23
902 314 956 340 mai
975 313 1050 340 l‘29l.

154 389 348 424 Transcriptio
369 390 625 417 instrumentorum
647 391 753 424 quibus
775 390 979 417 monasterium
1001 388 1123 415 Sanctae

119 436 217 464 Clarae
236 439 321 472 juxta
343 438 480 466 Sanctum
506 438 671 466 Marcellum
697 447 785 474 prope
809 439 936 466 Pal-isius
960 439 1124 466 institutum

120 491 174 513 est.
191 487 273 520 (Rea.
291 488 334 518 46,
351 496 377 515 c.
389 487 454 527 228,
472 488 490 515 l'.
509 488 541 515 ⁴6
557 495 602 518 v⁰;
623 488 737 519 Pur-ru..
754 489 864 522 23680.)

164 626 182 633 ..
208 605 353 634 abbatisse
376 608 402 633 et
423 606 578 634 sororibus
605 607 783 634 monasterii
803 605 912 635 Sancte
932 605 1018 634 ctare
1035 604 1127 641 juxta

120 656 267 687 Sanctum
284 657 459 687 Marcellum
480 667 571 695 prope
594 659 750 695 Ρανίειύε,
768 659 887 688 ordinis
904 662 1006 687 sancte
1024 657 1125 691 Clare,

123 709 293 740 viventibus
308 711 362 740 sub
377 711 567 740 observantia
583 712 685 749 requie
700 720 757 749 qne
771 716 911 740 servatur
926 712 958 739 in
976 714 1127 739 monaste-

123 763 172 792 rio
191 763 386 793 Humillimis
409 764 491 793 Beate
516 765 609 794 ‚llarie
634 773 726 802 prope
746 764 892 794 Sanctum
913 764 1127 796 clodoaldum,

124 816 309 846 Parisiensis
319 817 455 846 diocesis.
475 817 590 846 Earum
605 817 879 852 institutionem‚a
893 816 1045 855 Symene,
1056 815 1127 845 Car-

123 869 250 900 notensi
269 870 427 909 episcopo,
449 871 580 907 factam,
597 870 776 900 confirmat.
795 869 895 908 Cujus
919 869 1129 899 institutionis

124 926 216 953 tenor
233 922 285 953 hic
301 928 348 953 est
364 933 371 954 ;

164 995 178 1010 ι
199 983 368 1014 Universis
383 988 544 1022 presentes
560 983 680 1013 litteras
693 983 895 1022 inspecturis,
915 982 1051 1021 Symon,
1068 981 1129 1011 mi-

125 1047 141 1063 ι·
163 1037 322 1067 seratione
346 1037 457 1067 divina
485 1036 692 1068 Carnotensis
721 1037 904 1075 episcopus,
933 1035 1068 1065 salutem
1096 1035 1129 1064 in

125 1101 140 1116 ι
164 1089 315 1120 Domino.
339 1091 473 1120 Litteras
494 1090 660 1120 reverendi
683 1090 779 1128 patris
802 1090 834 1118 in
858 1089 986 1119 Christo
1007 1088 1130 1118 domini

126 1155 141 1170 »
163 1143 209 1179 J..
236 1144 295 1174 Dei
323 1144 426 1182 gratia
454 1143 539 1174 tituli
570 1143 684 1174 Sancte
711 1143 829 1173 Cecilie
857 1143 1031 1182 presbyteri
1061 1150 1132 1172 car-

126 1209 141 1224 »
164 1197 302 1234 dinalis,
333 1197 504 1236 apostolice
531 1197 615 1227 sedis
641 1197 755 1235 legati,
784 1197 961 1235 recepimus
988 1196 1047 1226 sub
1074 1195 1133 1225 hac

127 1262 142 1278 ι
164 1250 268 1282 forma
285 1263 292 1280 :

167 1322 181 1338 ι
206 1310 395 1341 Venerabili
419 1311 455 1340 in
481 1309 608 1341 Christo
632 1310 714 1349 patri
737 1334 756 1340 ..
785 1309 842 1340 Dei
865 1310 966 1347 gratia
990 1310 1135 1349 episcopo

127 1374 143 1390 »
165 1362 374 1400 carnotensi,
409 1362 587 1398 Johannes,
625 1362 771 1402 ejusdem
809 1362 1014 1392 miseratione
1051 1362 1135 1392 tituli

129 1428 144 1444 ι
167 1415 281 1447 Sancte
303 1416 419 1446 Cecilie
449 1416 616 1455 presbyter
641 1415 830 1451 cardinalis,
857 1415 1027 1454 apostolice
1051 1415 1135 1446 sedis

130 1481 145 1498 ι
167 1469 305 1509 legatus,
329 1469 464 1500 salutem
492 1474 523 1500 et
549 1470 708 1500 sinceram
733 1470 767 1499 in
796 1470 933 1500 Domino
957 1469 1134 1500 caritatem.

130 1534 146 1550 »ν
170 1522 317 1568 Βροερῑίε
340 1523 464 1562 pridem
486 1523 680 1562 quibusdam
704 1522 819 1553 litteris
839 1522 1034 1562 apostolicis,
1056 1532 1137 1562 quas

131 1587 146 1604 ι
170 1584 227 1615 per
254 1575 439 1615 religiosum
468 1577 574 1606 virum
605 1576 733 1606 fratrem
760 1576 944 1606 Johannem
971 1576 1009 1606 de
1033 1576 1137 1606 Ceno-

134 1640 148 1656 ι
170 1629 288 1666 manis,
302 1629 428 1660 ordinis
441 1629 618 1664 minorum.
632 1629 722 1659 vobis
739 1629 964 1659 mandavimus
980 1628 1136 1664 exhiberi,

133 1693 148 1709 υ
171 1691 227 1722 per
237 1682 411 1713 discretum
427 1683 532 1713 virum
544 1682 736 1721 magistrum
750 1681 934 1712 Gnidonem
947 1682 985 1712 de
1001 1681 1136 1717 Noallis‚

132 1747 148 1763 ι
170 1735 365 1776 capicerium
394 1735 525 1766 ecclesie
545 1735 761 1772 Pictavensis‚
780 1735 819 1765 de
839 1735 998 1765 contentis
1022 1736 1055 1765 in
1075 1735 1139 1765 eis-

132 1800 147 1817 »
170 1789 242 1819 dem
266 1788 380 1819 litteris
401 1789 523 1828 inquiri
543 1789 680 1819 fecimus
705 1788 888 1827 diligenter.
912 1788 994 1819 Cum
1018 1792 1137 1823 autem,

131 1853 148 1869 υ
169 1847 261 1881 prout
281 1842 314 1872 in
339 1842 438 1881 ipsius
463 1842 613 1881 capicerii
635 1841 752 1872 litteris
771 1842 964 1878 continetur,
988 1841 1080 1880 plene
1101 1841 1139 1871 de

131 1905 146 1921 ι
169 1894 328 1925 contentis
343 1895 377 1924 in
393 1894 488 1924 dictis
503 1894 618 1925 litteris
635 1894 726 1925 nobis
745 1895 902 1929 constitit,
921 1903 994 1929 nos,
1012 1894 1070 1933 qui
1087 1903 1137 1924 ar—

131 1959 146 1975 ·
169 1947 242 1978 duis
270 1952 302 1978 et
331 1948 573 1978 inevitabilibus
605 1947 760 1987 prepediti
791 1947 930 1986 negotiis
962 1948 1139 1978 executioni

131 2012 146 2028 ν
169 2000 327 2031 dictarum
346 2001 522 2031 litterarum
541 2001 581 2031 ad
599 2010 730 2041 presens
746 2001 914 2033 intendere
931 2001 1141 2040 personaliter

132 2066 147 2082 ι
171 2062 235 2085 non
259 2054 403 2085 valemus
423 2055 510 2085 etde
531 2060 636 2086 vestre
662 2055 959 2094 circumspectionis
982 2054 1140 2084 industria

132 2119 147 2135 ι
171 2107 316 2138 fidutiam
343 2109 486 2147 gerimus
512 2108 545 2138 in
575 2108 715 2139 Domino
737 2108 934 2147 pleniorem,
960 2107 1140 2146 paternitati

133 2172 148 2188 ι
171 2165 275 2192 vestre
287 2161 504 2200 predictarum
517 2161 697 2191 litterarum
711 2162 897 2191 auctoritate
910 2160 1142 2191 committimus

134 2224 149 2240 ι
172 2219 204 2244 et
218 2214 412 2244 mandamus
425 2215 642 2253 qnatenus,ad
655 2214 760 2244 locum
772 2214 804 2243 in
821 2214 913 2244 dictis
929 2213 1042 2243 litteris
1057 2221 1140 2255 com-

135 2279 150 2294 ι
173 2267 369 2306 prehensum
393 2267 603 2306 personaliter
627 2267 825 2304 accedentes,
849 2267 888 2296 ad
907 2266 1141 2296 institutionem

135 2332 150 2348 ι
174 2329 318 2351 sororum
330 2321 363 2350 iu
376 2320 488 2350 eodem
498 2320 565 2350 loco
575 2329 612 2350 ac
626 2320 876 2358 assignationem
891 2319 1001 2357 regule
1017 2327 1142 2349 necnon

135 2384 150 2400 n
175 2373 407 2412 exemptionem
427 2377 492 2403 tam
510 2373 571 2403 loci
589 2382 686 2412 quam
705 2381 851 2403 sororum
869 2372 1055 2403 earumdem
1075 2372 1143 2403 vice

135 2438 151 2454 n
175 2430 283 2456 nostra
300 2425 473 2464 diligenter
492 2434 528 2455 ac
547 2425 684 2455 sollicite
706 2425 897 2464 procedatis,
912 2425 1003 2464 juxta
1019 2424 1141 2463 predic-

135 2491 150 2506 »
175 2484 279 2509 tarum
302 2478 534 2509 continentiam
561 2478 754 2508 litterarum.
783 2478 853 2509 Dat.
880 2478 963 2517 apud
990 2478 1142 2508 Sanctum

136 2545 150 2561 ι
173 2532 382 2564 Clodoaldum
402 2541 497 2571 prope
516 2532 669 2565 Parisius.
689 2537 723 2561 11⁰
737 2532 890 2562 kalendas
907 2532 995 2569 maii,
1014 2532 1141 2570 pontifi-

136 2598 152 2614 »
175 2592 263 2616 catus
278 2587 401 2615 domini
420 2585 542 2616 Nicolai
559 2595 636 2625 pape
655 2586 840 2616 [iwanno
855 2585 1005 2616 secundo.
1026 2598 1039 2611 r»

176 2660 190 2673 ‹-
210 2647 308 2677 Nobis
326 2646 424 2681 initur
439 2645 621 2684 apostolicis
637 2645 750 2675 litteris
765 2654 820 2684 per
836 2645 1021 2683 religiosum
1039 2645 1143 2674 virum

138 2712 152 2728 n
176 2701 305 2731 fratrem
327 2700 511 2729 Joliannem
531 2699 569 2729 de
587 2699 801 2736 Cenomanis,
822 2699 945 2729 ordinis
962 2699 1142 2735 minorum,

138 2765 153 2782 n
177 2753 328 2784 exhibitis
345 2754 376 2783 in
395 2752 454 2782 hec
472 2751 567 2782 verba
586 2761 592 2782 ε

179 2827 193 2842 ι
219 2813 383 2849 Nicotaus,
411 2813 577 2852 episcopus
601 2820 711 2842 servus
736 2819 901 2842 servorum
927 2811 996 2841 Dei.
1024 2809 1146 2840 Dilecto

140 2879 153 2895 u
178 2867 244 2898 filio
258 2867 303 2903 J.,
318 2866 399 2897 tituli
415 2866 529 2896 Sancte
542 2864 662 2895 Cecilie
674 2865 859 2904 presbytero
874 2863 1040 2902 cardinali,
1059 2872 1147 2902 apos-

141 2932 156 2948 »
181 2920 274 2952 tolice
292 2919 375 2950 sedis
396 2919 515 2958 legato,
534 2918 669 2948 salutem
686 2921 715 2948 et
731 2916 934 2957 apostolicam
950 2916 1145 2947 benedictio-

1208 322 1221 337 »
1246 319 1332 341 nem.
1352 310 1395 340 Ex
1412 315 1499 350 parte
1519 310 1716 341 carissimi...
1733 326 1772 331 —
1788 310 1857 339 Dat.
1880 310 2037 347 Laterani,
2058 321 2090 341 111
2108 321 2207 342 nonas

1206 374 1222 390 »
1246 363 1364 399 martii,
1383 363 1583 402 pontificatus
1599 363 1698 393 nostri
1715 371 1800 393 anno
1819 362 1920 402 primo
1935 362 1992 402 (l).
2012 375 2025 390 ι,

1248 429 1261 442 u
1280 416 1329 446 Ad
1343 416 1447 446 locum
1464 417 1498 446 in
1512 417 1604 446 dictis
1618 415 1735 446 litteris
1750 416 1930 455 apostolicis
1941 417 2208 455 comprehensum

1209 482 1222 495 »ι
1247 469 1454 508 personaliter
1472 469 1673 504 accedentes,
1694 469 1733 499 ad
1754 469 1989 499 institutionem
2013 478 2157 500 sororum
2174 470 2209 499 in

1209 533 1222 548 n
1247 522 1357 552 eodem
1377 522 1444 552 loco
1460 527 1490 552 et
1504 522 1757 560 assignationem
1773 521 1881 560 regule
1895 530 2018 553 necnon
2036 523 2209 562 exemptio-

1210 586 1223 600 »
1249 583 1322 604 nem
1343 580 1406 604 tam
1424 575 1483 605 loci
1507 584 1603 613 quam
1621 583 1767 606 sororum
1792 575 1977 605 eorumdem
2001 576 2211 614 processimus

1211 640 1224 652 n
1246 628 1335 666 juxta
1359 628 1573 667 predictarum
1598 628 1829 658 continentiam
1848 627 2036 659 litterarum.
2061 629 2098 658 In
2121 630 2211 667 cnjus

1212 692 1226 707 υ
1251 681 1295 710 rei
1314 681 1532 711 testimonium
1549 681 1692 719 sigillum
1713 686 1856 711 nostrum
1879 682 2081 720 presentibus
2099 681 2212 712 litteris

1212 745 1225 760 n
1250 733 1401 763 duximus
1417 734 1654 772 apponendum.
1674 735 1788 764 Actum
1805 743 1890 765 anno
1915 735 2044 765 Domini
2061 740 2145 765 M⁰cc⁰
2159 743 2210 764 oc-

1212 800 1225 814 »
1251 787 1403 825 togesimo
1426 795 1524 823 nono,
1544 786 1594 816 die
1616 786 1777 817 dominica
1794 787 1829 816 in
1848 787 1925 817 festo
1947 788 2110 818 beatorum
2135 788 2213 818 Phi-

1214 851 1226 867 ·
1252 840 1330 879 lippi
1346 844 1377 870 et
1391 840 1499 870 Jacobi
1516 839 1740 878 apostolorum.
1764 853 1776 866 r.

1253 905 1267 919 «ι
1288 893 1373 923 Licet
1387 902 1422 922 ea
1439 902 1537 932 que...
1554 909 1593 914 —
1608 893 1678 922 Dat.
1698 898 1850 932 utsupra.
1869 907 1882 919 ιι

1283 1044 1402 1073 5120
1777 1044 1908 1078 Orvicto,
1929 1045 1957 1072 18
1975 1053 2050 1072 mars
2069 1045 2144 1072 ¹291.

1252 1106 1294 1132 De
1318 1107 1422 1134 debitis
1445 1107 1606 1134 Electensis
1628 1108 1809 1142 monasterii,
1834 1107 2032 1134 Narbonensis
2059 1107 2214 1140 dioecesis,

1215 1155 1422 1190 persolvendis.
1439 1156 1523 1189 (Rau.
1539 1156 1587 1190 46,
1605 1164 1631 1183 e.
1647 1156 1714 1188 229,
1733 1156 1752 1183 f.
1769 1157 1799 1183 47
1817 1158 1864 1188 ro.)

1259 1282 1278 1287 ..
1309 1259 1408 1287 abbati
1438 1260 1615 1288 monasterii
1641 1259 1837 1297 Fiqiacmsss,
1869 1260 2057 1289 Calurccnsis
2083 1260 2217 1295 diocesis,

1216 1311 1348 1340 mandat
1374 1315 1408 1341 ut
1440 1312 1572 1347 fructus,
1605 1311 1746 1342 redditus
1776 1316 1806 1342 et
1834 1316 2003 1351 proventus
2035 1312 2220 1342 monasterii

1218 1364 1404 1400 Electeusis,
1432 1364 1471 1394 ad
1498 1372 1664 1394 romanam
1688 1364 1854 1394 ecclesiam
1883 1364 1971 1395 nullo
1997 1365 2101 1395 medio
2127 1365 2219 1403 perti-

1217 1419 1335 1454 nentis,
1352 1417 1476 1448 ordinis
1492 1417 1524 1447 S.
1545 1418 1719 1450 Benedicti.
1740 1418 1958 1448 Narbonensis
1973 1418 2137 1455 dioecesis,
2155 1417 2221 1448 col-

1217 1469 1276 1508 ligi
1298 1470 1402 1507 faciat,
1424 1474 1464 1506 et,
1491 1470 1529 1499 de
1552 1470 1599 1500 eis
1615 1471 1654 1500 ad
1674 1471 1937 1501 sustentationem
1957 1471 2079 1501 abbatis
2099 1475 2129 1501 et
2150 1479 2222 1502 con-

1219 1527 1333 1553 ventus
1348 1523 1436 1553 tenui
1452 1523 1594 1561 portione
1606 1528 1775 1560 reservata,
1788 1524 1822 1553 in
1835 1523 2026 1554 solutionem
2041 1524 2221 1555 debitorum

1219 1576 1365 1615 ejusdem
1386 1576 1559 1606 Electensis
1577 1577 1760 1607 monasterii
1780 1576 1944 1607 residuum
1959 1581 2129 1608 convertat.

1261 1642 1275 1656 α
1298 1630 1346 1660 Ad
1362 1630 1559 1660 audientiam
1577 1635 1756 1660 nostram...
1773 1647 1812 1652 —
1828 1630 1901 1660 Dat.
1918 1631 2001 1670 apud
2020 1631 2222 1662 Urbemvete-

1221 1691 1301 1719 rem,
1321 1692 1360 1712 xv
1383 1682 1534 1713 kalendas
1553 1683 1675 1721 aprilis,
1693 1691 1778 1713 anno
1793 1687 1914 1722 quarto.
1936 1695 1949 1711 ι»

1291 1848 1407 1877 5171
1809 1848 1934 1880 Orvieto,
1953 1848 1986 1876 28
2002 1850 2057 1876 mai
2074 1849 2151 1877 1291.

1259 1909 1401 1937 Unionem
1418 1911 1583 1938 monasterii
1605 1910 1727 1938 Sanctae
1749 1911 1853 1938 Mariae
1869 1911 1904 1938 de
1925 1911 2021 1945 Peira,
2038 1911 2222 1938 Mai-sicensis

1222 1959 1379 1990 dioecesis.
1397 1960 1570 1986 monasterio
1591 1959 1697 1987 Fossae
1713 1959 1825 1990 Novae.
1841 1959 2056 1987 Terracinensis
2071 1959 2220 1991 dioecesis,

1223 2008 1381 2035 confirmat.
1398 2008 1479 2042 (Rae.
1500 2008 1546 2041 46,
1565 2016 1590 2035 c.
1609 2008 1673 2040 230,
1692 2008 1711 2035 s.
1728 2008 1760 2035 47
1777 2010 1824 2041 ru.)

1264 2133 1284 2140 ..
1302 2112 1400 2140 abbati
1416 2115 1440 2139 et
1454 2112 1615 2140 conventui
1629 2112 1804 2140 irionaslerie'
1820 2112 1902 2140 Fosse
1915 2111 2003 2148 Nove,
2022 2111 2224 2141 cisterciensis

1224 2165 1354 2200 ordinis,
1373 2164 1596 2194 Terracinensis
1609 2165 1742 2194 diocesis.
1757 2164 1837 2194 Cum
1853 2165 2080 2195 monasterium
2092 2166 2224 2195 Sanctae

1225 2217 1347 2247 Mariae
1363 2217 1401 2246 de
1417 2217 1521 2253 Peira,
1539 2217 1661 2247 ordinis
1676 2217 1708 2247 S.
1728 2217 1905 2255 Benedicti,
1922 2217 2127 2248 Marsicensis
2141 2217 2224 2248 dioe-

1224 2270 1318 2307 cesis,
1336 2269 1414 2300 adeo
1436 2270 1645 2308 spiritualiter
1665 2275 1695 2300 et
1714 2270 1928 2309 temporaliter
1946 2271 2122 2309 collapsum
2145 2275 2226 2301 esset

1225 2322 1309 2362 quod
1325 2323 1434 2352 diviua
1445 2331 1517 2353 raro
1527 2328 1582 2353 aut
1595 2332 1761 2362 nunquam
1773 2324 1807 2353 in
1821 2332 1857 2354 eo
1867 2324 2116 2361 celebrarentur,
2131 2324 2226 2354 rebus

1228 2376 1454 2415 temporalibus
1470 2377 1693 2408 deficientibus
1704 2378 1820 2417 quibus
1833 2377 1920 2407 illins
1936 2378 2141 2408 servitoribus
2156 2378 2226 2408 sub-

1228 2430 1333 2460 veniri
1349 2433 1462 2469 posset,
1480 2438 1618 2469 cumque
1635 2429 1754 2467 nullus,
1772 2430 1836 2460 nisi
1851 2431 1998 2465 Jacobus,
2018 2431 2124 2467 abbas,
2142 2432 2174 2461 in
2191 2439 2226 2461 eo

1227 2492 1395 2513 remansus
1414 2489 1510 2519 esset,
1530 2483 1613 2513 idem
1628 2484 1765 2514 Jacobus
1781 2484 2009 2514 monasterium
2027 2493 2137 2521 suum,
2154 2493 2224 2514 cum

1226 2536 1375 2566 omnibus
1391 2536 1533 2566 eeclesiis
1549 2541 1579 2566 et
1594 2537 1723 2576 capellis
1738 2536 1785 2566 illi
1801 2537 2096 2576 subjectis‚jul·ibus
2111 2542 2141 2566 et
2156 2546 2225 2576 per-

1227 2589 1372 2619 tinentiis
1398 2590 1599 2626 eorumdem,
1620 2590 1813 2620 monasterio
1831 2590 1944 2620 Fossae
1960 2589 2067 2620 Novae
2093 2590 2226 2620 totaliter

1226 2642 1261 2672 in
1274 2642 1493 2682 spiritualibus
1505 2647 1534 2672 et
1547 2642 1772 2682 temporalibus
1783 2643 1997 2681 incorporavit
2010 2643 2226 2682 unionemque

1227 2695 1315 2726 illam
1333 2705 1411 2735 papa
1426 2696 1604 2726 confirmat.

1269 2761 1283 2776 ι
1305 2750 1424 2779 Rerum
1442 2749 1518 2779 unio
1541 2749 1744 2788 presertim...
1766 2765 1806 2772 —
1827 2750 1897 2779 Dat.
1915 2749 1997 2788 apud
2020 2749 2225 2780 Urbemvete-

1229 2811 1309 2840 rem,
1325 2813 1345 2832 v
1359 2802 1514 2833 kalendas
1528 2803 1624 2842 junii,
1642 2811 1727 2834 anno
1741 2808 1863 2842 quarto.
1883 2815 1895 2829 n

1259 2921 1292 2952 (l)
1308 2920 1348 2946 Cf.
1366 2921 1513 2948 ci-‹lessus,
1533 2927 1560 2945 n*
1575 2922 1598 2945 65.
