2393 3496
220 301 275 329 824
965 300 1196 329 :tl-:ulsl‘ffiis
1220 299 1272 328 DE
1297 299 1476 328 Niconis
1500 300 1553 328 tv.

221 367 467 396 saresbiriensis
488 367 656 398 .'>'·i1·«··*sis,
679 368 767 402 cujus
789 366 909 394 truvtus
929 366 1112 403 quindecim
1134 374 1218 394 mur-

219 420 350 449 charum
371 420 596 455 sterlingorum
616 420 751 447 valorem
769 427 925 449 annuum,
945 419 1119 448 set-undum
1140 424 1219 448 taxa-

220 473 335 502 tionem
365 473 620 503 &turicensi-111,
648 481 707 499 non
741 471 910 500 excedunt.
938 471 1097 505 donnum
1125 472 1218 509 eique

218 525 361 560 indulget
391 531 421 553 nt
451 525 575 553 rasilem
600 524 747 552 orsiti-ias
772 523 913 558 legitime
938 524 1074 553 retinere
1099 524 1216 561 valeat,

217 578 407 607 dummodo.
436 578 471 605 aul
501 577 665 605 ⁴«rhitrium
693 576 763 604 ltoni
792 576 873 605 viri.
899 584 1070 611 congruam
1098 583 1217 614 partem

218 632 375 659 fructuum
402 634 616 667 p‹>t·‹·‹·ptoi·utii
645 629 674 656 in
695 628 874 657 evidentem
901 628 1065 658 utilitatem
1091 639 1217 658 earum-

216 683 287 711 dem
305 682 506 711 ‹¹t·clesi;ii·iiiii
527 687 697 709 convertat.

258 747 268 759 α
293 734 470 762 Lauda-tulis
486 735 733 763 conversationis
751 740 817 763 et...
835 752 874 756 —
893 736 960 765 Dat.
978 736 1058 774 apud
1080 736 1215 765 Urbem-

213 792 361 816 veterum.
381 796 396 815 x
416 786 566 815 kalendas
582 788 728 823 octobris,
747 797 832 818 anno
848 794 969 827 quarto,
992 802 1003 814 v

283 957 397 985 6127

248 1020 371 1046 Licentia
384 1021 535 1047 exercendi
549 1030 598 1055 per
610 1025 809 1056 procuratores
825 1024 872 1057 jus
884 1024 1065 1051 visitationis..
1076 1024 1156 1059 (REO.
1171 1025 1212 1057 46,

210 1076 235 1094 c.
253 1069 313 1101 53⁵,
331 1070 349 1096 f.
368 1069 415 1095 107
433 1071 479 1101 ro.)

695 959 820 989 Orvicto,
838 960 870 986 22
887 961 1048 994 septembre
1068 961 1143 988 ¹291.

250 1172 392 1206 illaw‘slro
410 1171 529 1199 Sanctio
546 1172 578 1199 de
597 1172 754 1200 latumano
771 1172 822 1210 (1),
839 1174 1053 1203 archidiacono
1070 1176 1163 1205 Mense
1181 1177 1212 1205 in

209 1224 328 1252 ecclesia
351 1225 597 1260 I’czmpslnnenss,
619 1225 763 1261 indulget
789 1230 823 1255 ut
846 1235 900 1263 per
921 1232 1139 1265 procuratores
1158 1229 1212 1268 jus

208 1276 401 1306 visitationis
415 1286 559 1306 exercere
573 1277 673 1306 valeat
687 1278 719 1306 in
734 1277 809 1308 locis
826 1280 1100 1311 archidiaconatus
1116 1283 1164 1311 sui
1182 1288 1212 1312 et

207 1330 443 1366 procurationes
462 1330 494 1358 in
513 1329 703 1360 victualibus
720 1331 883 1362 dumtaxat
900 1334 1040 1372 recipere
1061 1336 1169 1373 possit.

249 1395 262 1407 «ι
279 1382 463 1411 Devotionis
483 1387 533 1411 tue
550 1384 699 1416 merita...
716 1401 754 1406 —
770 1386 841 1415 Dat.
861 1390 1016 1426 utsupra.
1038 1401 1050 1413 υ

275 1554 390 1581 6128

241 1616 421 1651 Dispensatio
435 1626 522 1653 super
532 1618 644 1646 defectu
657 1619 799 1647 ordinum.
812 1621 895 1654 (Rau.
908 1623 950 1655 46,
964 1632 987 1650 c.
1002 1624 1061 1656 539,
1075 1625 1092 1651 f.
1107 1625 1155 1652 107
1168 1632 1206 1658 r⁰;

204 1664 322 1695 Porm..
338 1666 447 1698 23846.)

727 1556 853 1590 Orvicto,
873 1558 911 1584 1ετ
925 1559 1042 1586 octobre
1060 1561 1137 1588 1291.

249 1767 413 1797 Venerabili
434 1771 528 1805 fratri
552 1793 572 1799 ..
600 1773 730 1810 episcopo
762 1774 941 1812 wibergensi
962 1777 1108 1807 concedit
1132 1782 1165 1808 ut
1192 1788 1210 1809 a

203 1819 325 1849 clericis
343 1830 418 1851 suae
434 1822 599 1860 dioecesis,
614 1825 670 1863 qui
687 1825 898 1857 ecclesiastica
913 1828 1080 1867 beneficia,
1098 1839 1208 1861 curam

201 1873 383 1903 animarum
397 1875 558 1913 habentia,
574 1879 719 1915 assecuti,
736 1879 822 1910 infra
834 1889 956 1911 annum
972 1884 1208 1923 presbyteratus

200 1925 347 1956 ordinem
365 1937 428 1958 non
445 1936 699 1969 assumpserunt,
717 1932 934 1971 resignatione
953 1936 1138 1966 eorumdem
1157 1938 1209 1968 be-

199 1980 387 2010 neficiorum
404 1987 541 2021 accepta.
559 1992 594 2013 ea
611 1984 676 2014 illis
692 1994 803 2015 rursus
819 1988 960 2017 conferat
976 1989 1001 2018 si
1018 1989 1126 2020 idonei
1144 1992 1209 2020 sint

201 2036 231 2061 et
246 2032 312 2070 ipse
329 2034 499 2072 expediens
519 2036 632 2067 videat.

244 2098 256 2111 ι
280 2087 428 2117 Exliibita
451 2089 542 2118 nobis
560 2094 650 2119 tna...
667 2108 705 2113 —
727 2092 797 2122 Dat.
818 2093 901 2131 apud
925 2094 1204 2134 Urbemveterem,

198 2137 344 2169 kalendis
360 2142 508 2178 octobris,
526 2152 612 2173 anno
627 2149 749 2183 quarto.
771 2157 785 2171 »

267 2312 388 2340 6129
681 2317 807 2349 Orvieto,
827 2320 854 2345 11
875 2322 1037 2355 septembre
1055 2322 1133 2350 1291.

232 2372 438 2401 Monasterium
457 2377 621 2404 monialium
637 2378 792 2408 Naulense.
810 2382 919 2409 ordinis
936 2385 1088 2419 minorum,
1106 2386 1204 2414 Sancti

195 2420 342 2449 Francisci
374 2430 586 2459 nuncupatum,
614 2428 736 2455 sanctae
764 2429 868 2457 Mariae
898 2432 931 2458 de
959 2433 1033 2460 Rivo
1064 2436 1203 2463 nominari

194 2471 308 2498 statuit.
329 2472 412 2506 idque
435 2474 489 2499 sul»
515 2475 612 2502 Sancti
632 2476 708 2503 Petri
734 2482 762 2504 et
789 2487 840 2505 sua
864 2482 1041 2514 protectione
1064 2485 1200 2519 suscipit.

193 2523 221 2545 et
243 2520 338 2546 abbati
361 2523 525 2549 monasterii
552 2524 650 2551 Sancti
677 2526 810 2554 Andreae
839 2529 873 2555 de
900 2530 1001 2560 Sexto,
1028 2531 1202 2560 Cistercien—

192 2569 234 2594 sis
254 2568 377 2595 ordinis
401 2570 559 2598 -Janucnsis
585 2573 742 2602 dioecesis.
768 2577 894 2611 subjicit.
915 2579 998 2612 (Rae.
1022 2581 1068 2613 46,
1086 2590 1112 2610 c.
1134 2583 1200 2617 540,

191 2616 211 2643 f.
234 2617 280 2642 107
301 2624 346 2649 νος
365 2617 479 2649 Pori-u..
498 2620 604 2648 23813.)

233 2742 252 2748 ..
270 2721 411 2749 abbatisse
431 2728 458 2749 rt
474 2726 633 2753 conventui
654 2729 834 2756 monasterii
857 2731 1040 2761 monialium
1063 2734 1198 2763 inclusa-

189 2780 259 2801 rum
284 2774 449 2802 xantensis
476 2775 558 2814 tsic),
582 2786 638 2814 que
661 2780 768 2808 Sancte
791 2782 886 2811 Marte
907 2783 941 2812 de
969 2784 1041 2814 [tivo
1066 2786 1197 2824 dicitur,

190 2824 394 2855 Ci'sterciensis
414 2830 543 2859 mrtlsnss.

220 2965 251 2994 (l)
268 2966 308 2989 On
327 2971 389 2996 peut
406 2968 454 2991 lire
471 2971 543 2992 mussi
565 2973 730 2997 Vnum-arlo.

1345 378 1357 390 «
1388 365 1427 393 lix
1454 366 1598 403 injuncto
1624 366 1752 396 nobis...
1771 381 1811 388 —
1831 366 1888 394 Dat
1913 366 1995 403 apud
2025 365 2306 406 Urbemveterem,

1304 427 1335 446 m
1356 417 1425 446 idus
1444 418 1650 456 septembris,
1668 427 1753 448 anno
1771 423 1894 457 quarto.
1918 430 1930 444 n

1372 590 1490 617 6130

1339 652 1473 677 Dect-ruit
1492 651 1666 677 l3crnardum
1684 651 1718 677 dc
1737 651 1929 682 Vittamai-ina,
1948 652 2180 679 archidiaconum
2203 653 2307 682 Valen-

1301 701 1402 730 tinum,
1416 702 1464 734 qui
1481 701 1538 726 scre
1555 709 1604 734 per
1621 705 1680 726 tres
1696 708 1786 726 annos
1802 701 1829 726 in
1847 707 1962 726 romana
1978 702 2056 727 curin
2073 702 2237 735 permansit.
2251 710 2305 731 non

1301 749 1458 775 incurrisse
1475 757 1582 782 poenas
1598 751 1720 774 statutas
1736 752 1835 774 contra
1849 756 1899 774 eos
1914 749 1973 782 qui,
1991 749 2158 783 dignitatem
2175 750 2202 776 in
2218 751 2306 778 eccle-

1300 798 1341 823 sia
1362 797 1509 823 valentina
1527 797 1674 830 habentes,
1686 800 1765 823 extra
1777 797 1932 824 dioecesim
1950 798 2015 832 plus
2025 806 2109 832 quam
2122 803 2181 825 tres
2193 807 2306 828 menses

1300 846 1518 880 permanserint.
1537 846 1618 878 (Rau.
1638 845 1680 876 46,
1699 854 1723 872 e.
1742 845 1803 877 541,
1820 846 1840 872 f.
1859 846 1907 872 107
1926 846 1980 881 νο.)

1788 588 1915 620 Orricto,
1929 589 1964 615 20
1980 590 2142 624 septembre
2161 590 2237 618 129¹.

1340 949 1492 977 bernardo
1509 948 1542 976 cle
1562 948 1775 982 Villamarimz,
1791 949 2006 978 archidiacono
2026 949 2192 979 Valentino.
2213 961 2227 977 «ι
2241 949 2307 981 Tue

1298 1001 1478 1031 devotionis
1496 1005 1525 1030 et
1541 1001 1703 1039 probitatis
1721 1002 1833 1030 merita
1849 1001 2074 1032 nosinducunt
2091 1006 2124 1032 ut
2140 1002 2306 1041 petitiones

1299 1058 1378 1090 tuas,
1394 1058 1551 1092 quantum
1568 1063 1640 1083 cum
1661 1054 1725 1083 Deo
1743 1063 1929 1092 possumus,
1951 1055 1990 1084 ad
2006 1055 2220 1085 exauditionis
2235 1064 2307 1094 gra-

1298 1109 1373 1137 tiam
1390 1108 1608 1137 admittamus.
1627 1108 1729 1143 Saue,
1751 1108 1832 1137 sicut
1857 1108 1949 1138 nobis
1966 1117 2123 1147 exponere
2138 1108 2304 1147 curavisti,

1296 1161 1373 1190 olim
1392 1165 1421 1190 tn
1434 1183 1442 1196 ‚
1460 1169 1515 1199 pro
1535 1161 1762 1199 recuperandis
1778 1161 1872 1191 bonis
1892 1161 2024 1191 ecclesie
2041 1162 2224 1198 Valentine,
2244 1170 2306 1201 que

1298 1219 1372 1244 tunc
1399 1215 1624 1244 detinebantur
1648 1224 1703 1253 per
1728 1215 1905 1244 secularem
1932 1215 2103 1254 potentiam
2133 1220 2304 1254 occupata,

1295 1277 1349 1298 seu
1367 1268 1441 1297 aliis
1461 1268 1560 1307 ipsius
1585 1267 1716 1298 ecclesie
1737 1268 1874 1305 negotiis
1895 1268 2121 1307 procurandis,
2139 1273 2209 1307 post
2224 1268 2305 1300 elec-

1296 1322 1414 1352 tionem
1437 1331 1453 1351 a
1477 1322 1615 1360 capitulo
1641 1322 1742 1360 ipsius
1764 1322 1897 1352 ecclesie
1919 1322 2003 1352 inibi
2025 1323 2063 1353 de
2088 1327 2117 1353 te
2140 1322 2254 1352 factam
2276 1327 2306 1353 et

1294 1375 1574 1405 confirmationem
1597 1375 1741 1413 ejusdem
1760 1374 1924 1405 electionis
1940 1376 2103 1405 obtentam
2118 1384 2136 1405 a
2155 1398 2174 1405 ..
2194 1384 2305 1415 prepo-
2352 1380 2356 1384 ”

1294 1429 1354 1459 sito
1370 1434 1400 1458 et
1414 1428 1551 1467 capitulo
1567 1428 1698 1458 ecclesie
1712 1429 1973 1466 Terraconensis,
1987 1429 2047 1459 loci
2061 1429 2303 1468 metropolium,

1295 1486 1369 1512 tunc
1392 1486 1514 1520 pastore
1532 1482 1695 1518 vacantis,
1715 1482 1753 1511 ad
1774 1481 1842 1512 loca
1860 1487 1981 1513 remota
1998 1492 2016 1512 a
2035 1482 2207 1513 Valentina
2224 1482 2305 1512 civi-

1295 1540 1355 1566 tate
1378 1541 1408 1566 et
1430 1536 1547 1566 diocesi
1565 1536 1740 1571 accessisti,
1761 1539 1790 1565 et
1807 1535 1901 1572 inde,
1918 1540 1991 1565 ante
2007 1536 2220 1575 quadraginta
2237 1534 2304 1565 die-

1293 1600 1366 1620 rum
1387 1590 1557 1620 decursum
1582 1598 1600 1619 a
1622 1589 1674 1619 die
1698 1598 1761 1628 quo
1788 1598 1806 1618 a
1830 1590 1952 1628 prelata
1976 1589 2110 1619 ecclesia
2133 1589 2306 1619 Valentiua
2334 1625 2338 1629 ,

1294 1643 1399 1673 taliter
1422 1643 1612 1680 discessisti,
1638 1643 1676 1672 ad
1701 1642 1808 1673 sedem
1835 1642 2040 1681 apostolicam
2070 1643 2223 1678 veniens,
2250 1650 2305 1681 pro

1292 1696 1561 1736 appellationibus
1587 1696 1626 1725 ab
1650 1695 1770 1725 eisdem
1794 1696 1954 1734 preposito
1984 1700 2014 1726 et
2039 1696 2178 1735 capitulo
2201 1695 2304 1734 ipsius

1293 1749 1425 1779 ecclesie
1441 1749 1691 1779 Terraconensis
1712 1759 1748 1779 ex
1768 1754 1854 1788 parte
1874 1754 1926 1779 tua
1943 1749 1983 1779 ad
1998 1749 2115 1779 dictam
2134 1749 2242 1780 sedem
2257 1749 2306 1779 iu-

1294 1802 1471 1841 terposins,
1491 1811 1545 1841 pro
1562 1811 1599 1832 eo
1615 1802 1698 1841 quod
1715 1803 1905 1832 differebant
1922 1807 1950 1832 te
1969 1803 2070 1832 facere
2086 1803 2119 1832 in
2136 1802 2303 1841 presbyte—

1293 1864 1364 1885 rum
1381 1856 1525 1885 ordinari
1543 1864 1578 1885 ac
1595 1857 1774 1886 consecrari
1797 1856 1830 1885 in
1848 1856 2042 1894 episcopum,
2059 1855 2300 1895 prosequendis,

1293 1910 1421 1939 tandem
1440 1909 1541 1939 libere
1565 1910 1600 1939 in
1622 1910 1738 1940 nostris
1754 1910 1904 1940 manibus
1924 1910 2095 1948 resignasti
2117 1918 2213 1940 omne
2228 1910 2300 1949 Jus,

1292 1964 1318 1992 si
1338 1964 1422 2002 quod
1439 1963 1496 1993 tibi
1515 1972 1551 1993 ex
1568 1964 1697 2002 prefatis
1715 1963 1871 1994 electione
1888 1972 1923 1993 ac
1937 1964 2181 1994 confirmatione
2200 1964 2303 1994 fuerat

1291 2017 1500 2054 acquisitum,
1518 2017 1627 2056 sicque
1644 2021 1706 2046 tam
1725 2017 1764 2047 ob
1779 2017 1838 2046 hoc
1854 2026 1950 2055 quam
1968 2018 2064 2057 etiam
2079 2017 2138 2048 sub
2156 2022 2302 2056 expecta-

1292 2071 1376 2100 tione
1397 2071 1589 2108 provisionis
1611 2070 1756 2100 faciende
1774 2070 1812 2100 de
1831 2070 1950 2109 prelato
1969 2079 2023 2109 per
2040 2071 2176 2101 eandem
2193 2070 2300 2101 sedem

1290 2124 1351 2162 ipsi
1374 2124 1505 2154 ecclesie
1536 2124 1724 2160 Valentine,
1750 2129 1781 2154 et
1805 2125 1971 2155 occasione
1998 2125 2178 2163 questionis
2203 2133 2300 2164 quam

1290 2177 1482 2207 venerabilis
1508 2178 1604 2207 frater
1627 2182 1733 2208 noster
1754 2178 1983 2217 Raymundus,
2000 2178 2195 2209 Valentinus
2215 2178 2299 2217 epis-

1287 2239 1403 2269 copus,
1422 2236 1532 2261 contra
1556 2236 1584 2260 te
1607 2232 1705 2261 movit
1727 2240 1822 2270 super
1842 2232 2048 2270 proventibus
2066 2231 2300 2274 episcopalibus

1288 2294 1322 2314 ex
1340 2285 1451 2314 eadem
1468 2284 1600 2314 ecclesia
1617 2284 1788 2315 Valentina
1806 2285 1970 2323 perceptis,
1986 2293 2112 2315 necnon
2132 2289 2161 2314 et
2177 2294 2214 2314 ea
2226 2293 2300 2315 con-

1287 2338 1480 2367 sideratione
1509 2342 1562 2374 ut,
1589 2347 1662 2367 cum
1691 2346 1745 2377 per
1769 2342 1978 2368 memoratam
2003 2338 2111 2368 sedem
2138 2338 2299 2376 provideri

1286 2391 1503 2428 contingeret,
1532 2395 1565 2420 ut
1589 2395 1753 2430 speratur,
1783 2391 1990 2421 Gerundensi
2021 2390 2176 2428 ecclesie,
2206 2392 2299 2430 cujus

1285 2445 1394 2474 existis
1410 2445 1584 2474 canonicus
1601 2449 1707 2483 etque
1729 2444 1769 2474 ad
1792 2453 1922 2483 presens
1941 2453 2053 2474 vacare
2073 2445 2238 2480 noscitur,
2259 2444 2297 2474 de

1285 2502 1407 2535 pastore
1435 2498 1467 2526 in
1497 2506 1631 2528 romana
1657 2499 1746 2527 curia
1770 2507 1901 2536 presens
1925 2506 2031 2535 esses,
2057 2499 2125 2537 jam
2151 2498 2216 2528 fere
2243 2506 2297 2536 per

1284 2551 1460 2580 triennium
1476 2551 1510 2581 in
1529 2551 1639 2582 eadem
1655 2551 1745 2582 curia
1762 2551 1984 2591 permansisti,
2005 2555 2035 2582 et
2056 2551 2161 2581 adhuc
2183 2559 2294 2582 nosce-

1282 2604 1326 2633 ris
1354 2613 1552 2642 permanere.
1583 2605 1702 2635 Verum
1730 2605 1806 2644 qnia
1830 2605 1911 2635 bone
1936 2605 2089 2635 memorie
2111 2605 2293 2643 Jaspertus,

1283 2657 1447 2695 episcopus
1479 2657 1689 2694 Valentinus,
1717 2659 1902 2689 auctoritate
1930 2657 2094 2689 ordinaria
2122 2658 2206 2688 inter
2231 2657 2295 2688 alia

1282 2709 1398 2739 dicitur
1422 2712 1570 2741 statuisse
1595 2716 1629 2742 ut
1653 2713 1849 2752 quicumque
1874 2711 2024 2742 videlieet
2042 2701 2217 2750 prioratum
2243 2710 2294 2741 vel

1281 2762 1470 2801 dignitatem
1487 2765 1636 2795 obtinens
1652 2767 1687 2795 in
1704 2766 1831 2796 civitate
1849 2765 1898 2795 vel
1916 2765 2037 2796 diocesi
2055 2764 2234 2794 Valentinis
2253 2764 2294 2794 ab

1280 2816 1399 2847 eisdem
1417 2818 1545 2848 civitate
1562 2819 1610 2849 vel
1627 2819 1743 2849 diocesi
1764 2824 1873 2849 contra
1892 2823 2034 2849 tenorem
2050 2818 2159 2848 statuti
2175 2817 2291 2856 hujus-

1279 2869 1364 2899 modi
1388 2879 1420 2900 se
1444 2871 1662 2902 absentaverit
1684 2872 1733 2902 vel
1757 2873 1871 2902 absens
1891 2872 1985 2902 t'uerit
2007 2880 2062 2910 per
2085 2875 2146 2901 tres
2164 2879 2291 2900 meuses

1278 2923 1470 2953 senteutiam
1495 2925 1835 2956 excommunicationis
1857 2924 1906 2954 vel
1930 2923 2150 2963 suspensionis
2168 2932 2223 2954 seu
2242 2923 2290 2953 in·

1280 2976 1402 3006 terdicti
1434 2977 1600 3015 incurrat3
1627 2979 1653 3008 si
1684 2988 1758 3009 vero
1788 2987 1843 3017 per
1873 2987 1974 3008 unum
2004 2986 2150 3014 annum,
2176 2976 2288 3007 eodem

2386 2801 2393 2838 l
