2393 3496
896 336 1107 367 REGISTRE
1129 327 1344 367 CAMERAL.
2106 339 2163 369 975

78 403 255 444 Phylippus
269 402 309 432 de
325 401 497 440 Malliano,
516 402 668 433 Firmane
682 403 826 438 diocesis,
845 404 911 433 suis
929 403 1080 441 gravibus

78 458 115 488 de
130 456 256 487 civitate
272 459 374 486 vestra
392 455 495 494 culpis
516 456 718 493 exigentibus
736 456 938 486 forbannitus
960 461 990 486 et
1011 460 1078 485 tan-

79 511 161 547 dem,
172 513 239 549 post
254 508 395 547 plurium
407 517 568 539 annorum
587 509 760 544 curricula,
773 509 807 538 in
818 510 956 547 fortiam,
968 513 1002 539 ut
1015 518 1082 539 ves-

82 564 136 594 tris
153 566 278 593 utamur
293 561 441 600 eloquiiS,
458 561 618 591 Jobannis
635 562 673 591 de
689 562 903 600 Gnidonibus⁷
921 562 1081 601 potestatis

80 616 213 648 civitatis
233 614 386 654 ejusdem,
408 614 561 645 deductus
580 615 701 652 fuisset,
721 624 794 645 eum
810 615 961 646 officiales
980 616 1082 654 ipsius

79 669 236 711 potestatis
257 668 296 698 ob
321 667 430 706 culpas
455 668 582 698 easdem
610 668 843 698 sententialiter
866 668 1081 707 condempna-

79 726 153 753 runt
179 721 219 751 ad
248 724 400 756 mortem,
429 725 460 750 et
486 721 559 751 licet
585 721 730 759 potestati
757 721 876 759 prefato
904 721 1082 751 inhibitum

80 775 172 807 fuerit
186 773 247 814 (1),
270 773 472 813 aliquorum,
490 778 525 804 ut
542 774 663 811 dicitis,
681 775 797 804 astutia
815 779 1018 814 procurante⁷
1042 784 1082 805 ne

80 833 212 870 potestas
236 828 303 867 ipse
329 831 439 858 contra
462 827 600 857 eundem
628 827 843 867 Phylippum,
867 837 940 858 cum
961 829 1082 859 ordinis

81 881 233 916 clericalis
258 881 422 918 existeret,
448 881 616 919 procedere
640 884 858 920 attemptaret,
878 883 954 911 item
976 886 1082 911 tamen

80 939 222 977 potestaS,
236 935 311 973 quia
325 934 386 964 sibi
403 934 441 964 de
455 933 544 963 illius
558 934 746 964 facinorosis
764 934 905 973 liquebat
921 935 1080 974 operibus,

79 988 262 1021 officialium
278 988 493 1027 predictorum
507 987 698 1017 sententiam
711 988 889 1018 executioni
904 988 1080 1026 mandavit,

78 1046 202 1083 propter
216 1041 299 1081 quod
318 1044 514 1071 memoratus
530 1041 696 1080 episcopus
712 1044 897 1080 potestatem
917 1046 947 1071 et
963 1042 1082 1072 officia-

78 1095 124 1126 les
138 1094 264 1126 eosdem
280 1094 354 1124 fecit
367 1094 659 1124 excommunicatos
675 1094 801 1133 publice
816 1095 969 1125 nuntiari.
988 1096 1082 1126 Unde

78 1157 149 1180 cum
171 1148 221 1183 id,
248 1147 331 1178 sicut
350 1147 508 1185 asseritis,
530 1147 702 1178 Firmanus
722 1147 857 1186 populus
876 1157 971 1186 grave
995 1153 1083 1186 gerat

78 1210 141 1233 non
158 1201 320 1231 modicum
337 1206 366 1230 et
383 1200 565 1238 molestum,
586 1201 773 1240 suppliciter
788 1201 941 1240 petebatis
957 1211 975 1231 a
991 1202 1082 1232 nobis

78 1259 112 1286 ut
127 1254 271 1294 potestati
288 1258 317 1284 et
331 1253 524 1284 officialibus
540 1254 633 1292 ipsis,
649 1254 675 1283 si
691 1254 805 1284 exinde
821 1254 855 1283 in
872 1255 979 1294 aliquo
997 1260 1082 1284 tene—

77 1312 196 1345 rentur,
216 1307 426 1338 absolutionis
454 1307 598 1346 impeudi
623 1308 815 1338 beneficium
842 1308 1080 1338 mandaremus.

79 1363 142 1393 Nos
157 1366 281 1398 autem,
300 1361 487 1400 diligentius
504 1362 702 1392 attendentes
721 1362 823 1400 quod⁷
842 1363 899 1392 etsi
918 1363 1082 1401 prenomi-

78 1419 169 1446 natus
184 1406 365 1454 Phylippus
388 1415 538 1453 gravibus
558 1415 669 1445 suisset
684 1416 875 1445 criminibus
892 1416 1033 1445 irretitus
1052 1420 1082 1446 et

78 1469 256 1499 diffamatus
272 1467 493 1507 multipliciter
508 1478 602 1507 super
617 1468 693 1502 illis„
711 1477 775 1498 non
788 1472 894 1499 tamen
909 1473 1035 1508 propter
1046 1479 1082 1500 ea

79 1522 180 1553 eidem
197 1522 342 1561 potestati
361 1522 475 1552 licebat
498 1522 611 1553 ultimo
630 1522 723 1552 illum
745 1522 900 1562 supplicio
920 1523 1080 1554 tradere...

79 1584 144 1607 non
159 1575 290 1606 moleste
306 1576 414 1605 feratis
430 1576 456 1605 si
470 1580 574 1606 vestre
590 1575 812 1615 postulationis
823 1577 974 1606 instantia
985 1586 1082 1616 penes

81 1638 137 1660 nos
150 1630 186 1659 in
200 1628 261 1659 hoc
278 1628 492 1659 exauditionis
511 1629 648 1667 gratiam
665 1638 730 1659 non
746 1629 887 1666 invenit,
912 1638 985 1659 cum
1002 1629 1083 1660 veli-

81 1692 151 1714 mus
165 1683 311 1720 omnino,
328 1686 421 1721 prout
436 1682 470 1711 in
487 1691 561 1712 casu
578 1682 676 1712 simili
690 1682 729 1712 ab
745 1682 915 1721 apostolica
928 1683 1001 1713 sede
1013 1683 1085 1714 hac-

81 1741 171 1768 tenus
186 1737 387 1767 observatum
403 1736 520 1773 existit,
544 1739 579 1766 ut
602 1736 689 1766 idem
711 1740 847 1775 potestas
866 1737 974 1767 sedem
994 1746 1084 1776 apos-

81 1791 206 1821 tolicam
234 1790 445 1829 personaliter
472 1790 581 1826 adeat,
611 1798 706 1828 super
732 1790 896 1829 premissis
925 1790 1085 1821 mandatis

80 1843 256 1883 apostolicis
287 1844 460 1882 pariturus.
493 1844 565 1873 Dat.
598 1843 700 1873 Rome
715 1866 720 1879 ‚
758 1852 805 1872 1111
837 1843 991 1874 kalendas
1026 1852 1084 1874 no-

81 1897 230 1928 vembris.
253 1908 266 1924 ¹2

96 2094 99 2095 .
150 2063 264 2093 '2192
356 2062 718 2097 Sainte-Marie-Majeure,
736 2063 751 2090 6
767 2063 918 2090 decembre
936 2063 1013 2091 1288.

113 2125 156 2153 Ne
171 2129 264 2152 status
279 2124 404 2152 civitatis
421 2124 617 2151 Ariminensis
633 2125 774 2152 turbetur.
792 2125 863 2158 (Fol.
881 2125 913 2152 32
930 2126 980 2161 v⁰.)

118 2228 226 2258 Dilecto
244 2228 309 2265 filio
327 2227 420 2257 nobiti
439 2229 506 2257 viro
526 2228 701 2258 Hermanno
721 2228 755 2257 de
774 2228 958 2264 Urbeveteri‚
976 2230 1086 2258 rectori

81 2282 264 2312 Romaniole.
285 2292 298 2307 α
317 2280 427 2319 Nuper
441 2280 555 2310 dilecto
570 2280 636 2310 filio
653 2285 760 2310 nostro
776 2281 960 2318 Benedicto,
979 2281 1086 2312 Sancti

81 2333 206 2364 Nicolai
228 2334 261 2363 in
288 2333 421 2363 Carcere
443 2333 591 2363 Tulliano
615 2333 747 2364 diacono
772 2334 952 2371 cardinali,
976 2344 1087 2365 causas

81 2387 328 2426 appellationum
351 2386 391 2416 ad
418 2395 475 2416 nos
500 2386 781 2425 interpositarum,
812 2391 845 2417 ut
870 2388 1003 2425 dicitur,
1032 2398 1087 2427 pro

82 2445 167 2480 parte
183 2440 371 2470 dilectorum
387 2439 530 2470 filiorum
545 2440 727 2470 communis
742 2444 772 2470 et
787 2440 1003 2479 singularium
1020 2451 1088 2480 per-

82 2503 232 2524 sonarum
255 2494 394 2524 civitatis
413 2494 559 2523 Arimini
581 2502 616 2523 ac
641 2494 737 2524 etiam
758 2495 971 2532 quarumdam
987 2499 1087 2525 certa-

81 2556 152 2577 rum
184 2551 214 2577 et
239 2546 423 2586 specialium
451 2556 661 2585 personarum
690 2548 872 2578 communis
900 2548 1043 2587 ejusdem
1070 2558 1088 2578 a

81 2600 297 2639 processibus,
314 2600 679 2639 condempnationibus‚
702 2602 855 2640 preceptis
878 2605 908 2630 et
927 2602 1087 2639 gravami-

81 2653 176 2683 nibus
190 2661 246 2692 per
263 2657 292 2683 te
308 2657 417 2683 contra
432 2661 603 2683 commune
620 2658 650 2682 et
662 2662 812 2692 personas
830 2654 970 2693 predicta
985 2655 1086 2692 sactis,

81 2705 213 2744 habitis,
229 2710 321 2745 prout
335 2707 499 2742 asseritur,
517 2711 546 2736 et
561 2706 660 2736 illatis
678 2707 922 2738 committendas
937 2708 1088 2738 duximus

82 2763 112 2789 et
126 2759 190 2789 fine
206 2759 311 2789 debito
329 2759 558 2790 terminandas.
579 2760 617 2789 Et
634 2760 761 2790 taudem
778 2760 919 2791 volentes
944 2770 1088 2791 commu-

83 2812 133 2842 nis
151 2817 181 2843 et
198 2822 408 2851 personarum
424 2813 640 2852 predictorum
664 2814 830 2852 providere
846 2815 946 2853 quieti
965 2823 1000 2844 ac
1017 2824 1088 2853 par-

113 2931 145 2962 (1)
159 2932 181 2956 Il
195 2932 253 2956 faut
268 2933 475 2963 probablement
491 2933 598 2963 ajouter
618 2933 652 2956 ici
667 2940 718 2962 per
734 2935 922 2957 venerabilem
938 2935 1053 2963 fratrem
1072 2952 1087 2960 ..

83 2976 246 3006 episcopum
268 2978 453 3006 Firmanurn,
475 2984 520 3001 car
541 2977 601 3008 plus
623 2978 670 3001 bas
694 2984 729 3001 on
750 2978 780 3001 lit
797 2985 802 3001 ς
819 2981 992 3002 memoratus
1014 2979 1088 3007 epis-

84 3026 181 3049 copus.

1162 411 1232 432 cere
1247 402 1409 434 laboribus
1426 407 1455 433 et
1470 404 1631 443 expensis,
1649 404 1754 434 eidem
1770 403 1925 434 cardinali
1941 404 2165 435 mandavimus

1161 455 1288 486 oraculo
1316 457 1385 486 vive
1409 457 1495 486 vocis
1517 461 1552 486 ut
1572 465 1682 487 causas
1702 456 1889 496 hujusmodi
1909 457 2082 486 summarie
2100 461 2165 487 stu-

1163 509 1234 538 deat
1256 510 1439 539 terminare.
1465 510 1621 546 Quocirca
1641 509 1826 540 discretioni
1846 513 1899 539 tue
1923 519 1978 548 per
1997 509 2166 548 apostolica

1163 562 1278 600 scripta
1293 562 1484 592 mandamus
1497 563 1661 601 quatinus,
1679 563 1783 593 causis
1801 563 1880 602 ipsis
1890 571 1997 593 coram
2011 562 2167 593 cardinali

1164 615 1375 653 pendentibus
1405 616 1603 654 supradicto,
1631 615 1755 646 nullam
1780 620 1890 646 contra
1917 624 2088 646 commune
2117 615 2167 646 vel

1163 676 1315 705 personas
1337 668 1478 707 predicta
1498 678 1554 707 per
1574 671 1602 698 te
1625 668 1676 698 vel
1699 678 1754 707 per
1775 668 1875 699 alium
1899 678 1954 698 seu
1973 668 2051 698 alios
2072 668 2167 698 facias

1165 721 1336 751 novitatem
1358 731 1414 760 per
1438 731 1535 760 quam
1558 722 1591 751 in
1614 722 1741 752 civitate
1766 722 1885 761 prefata
1907 726 1936 752 et
1956 722 2165 760 circumadja-

1164 774 1308 803 centibus
1331 774 1475 812 partibus
1502 774 1600 813 possit
1624 774 1810 804 scandalum
1831 775 1947 804 exoriri
1974 774 2023 804 vel
2048 775 2168 805 turbari

1165 830 1263 856 status
1279 827 1415 856 civitatis
1432 831 1461 856 et
1479 826 1618 864 partium
1643 827 1838 856 earumdem.
1864 827 1902 857 Et
1921 828 1947 856 si
1972 828 2050 857 forte
2064 836 2120 866 per
2138 831 2168 857 te

1164 878 1213 908 vel
1225 878 1376 908 officiales
1390 883 1458 908 tuos
1470 883 1538 917 post
1552 878 1738 917 hujusmodi
1751 880 2009 910 commissionem
2026 884 2167 909 nostram

1164 931 1271 970 aliqua
1290 932 1415 961 novitas
1438 932 1472 960 in
1494 931 1553 961 hac
1570 935 1657 970 parte
1676 932 1854 962 dinoscitur
1873 941 1941 962 esse
1961 933 2058 969 facta,
2077 932 2167 962 illam

1164 985 1358 1023 quamtotius
1377 984 1502 1014 studeas
1520 992 1706 1014 revocare...
1729 985 1800 1014 Dat.
1819 985 1934 1021 Rome,
1955 995 2010 1014 vni
2026 985 2097 1016 idus
2112 986 2167 1016 de-

1163 1038 1312 1075 cembris,
1329 1046 1414 1068 anno
1428 1038 1542 1076 primo.
1562 1049 1576 1065 n

1236 1210 1352 1238 '2193

1200 1272 1243 1298 De
1259 1272 1359 1299 eodem
1377 1272 1504 1307 negotio.
1522 1271 1592 1306 (Fol.
1610 1272 1642 1299 3⁶2
1660 1273 1710 1305 v0.)

1444 1209 1805 1245 sainte-Marie-Majeure,
1822 1211 1836 1237 7
1853 1210 2004 1237 decembre
2022 1210 2098 1237 1‘288.

1204 1375 1322 1404 Dilectis
1337 1375 1412 1411 filiis
1434 1397 1454 1404 ..
1471 1376 1619 1412 potestati,
1639 1376 1812 1411 rectoribus,
1832 1376 1984 1411 ansianz's,
2004 1376 2128 1405 consitio
2144 1381 2169 1405 et

1165 1430 1320 1457 communi
1343 1429 1589 1458 Ariminenstbus
1611 1428 1744 1458 mandat
1757 1433 1790 1458 ut
1805 1429 1843 1458 ab
1859 1429 1946 1458 omni
1963 1429 2101 1458 novitate
2115 1438 2170 1468 per

1165 1490 1262 1519 quam
1286 1481 1424 1511 civitatis
1451 1482 1671 1511 Ariminensis
1696 1485 1794 1512 status
1815 1482 1934 1512 turbari
1958 1482 2056 1520 possit
2076 1482 2170 1512 absti-

1165 1539 1274 1564 neant.

1207 1600 1222 1614 α
1244 1588 1355 1626 Nuper
1378 1587 1493 1618 dilecto
1517 1587 1623 1619 filio...
1647 1604 1686 1610 —
1709 1588 1782 1618 Dat.
1809 1588 1928 1625 Rome,
1952 1597 1997 1618 vn
2021 1588 2093 1618 idus
2117 1588 2170 1619 de-

1166 1640 1314 1671 cembris.
1332 1653 1345 1668 n

1241 1828 1356 1856 2194
1424 1827 1786 1863 Salute-Marie-Majeure,
1804 1829 1842 1855 1⁰¹·
1856 1828 2007 1856 decembre
2023 1829 2099 1857 1288.

1202 1890 1327 1917 Johanni
1342 1890 1376 1916 de
1393 1889 1551 1926 Columpna
1562 1912 1568 1924 ‚
1589 1892 1692 1917 rectori
1708 1891 1851 1918 Marchiae
1867 1892 2080 1925 Anconitanae,
2094 1902 2172 1920 man-

1168 1939 1215 1966 dat
1231 1943 1262 1966 ut
1277 1940 1422 1966 civitatem
1438 1939 1596 1967 Callensem
1613 1940 1642 1966 in
1659 1940 1773 1975 planum
1794 1940 1891 1968 Sancti
1906 1941 2011 1977 Angeli
2027 1950 2080 1969 seu
2097 1942 2173 1969 Mer-

1168 1989 1267 2015 catalis
1284 1989 1445 2016 transferat.
1463 1988 1534 2023 (Fol.
1552 1989 1584 2016 32>
1600 1995 1646 2023 v⁰;
1664 1989 1785 2024 Pomm,
1800 1990 1910 2024 22835.)

1209 2091 1318 2120 Dilecto
1340 2092 1404 2128 filio
1424 2092 1520 2120 nobiti
1538 2092 1604 2121 viro
1626 2092 1760 2121 Johanni
1780 2092 1814 2121 de
1837 2091 2021 2131 Columpna,
2042 2094 2173 2123 Marchie

1168 2145 1356 2173 Anconitane
1371 2146 1491 2173 rectori.

1211 2210 1224 2224 «
1242 2196 1408 2227 Intellecta
1424 2197 1595 2236 diligenter
1610 2198 1802 2236 indagine...
1819 2214 1858 2220 —
1873 2199 1944 2228 Dat.
1962 2199 2073 2237 Rome,
2091 2200 2174 2239 apud

1170 2251 1319 2281 Sanctam
1342 2251 1478 2280 Mariam
1506 2251 1674 2290 Maj0rem‚
1699 2251 1846 2282 kalendis
1868 2252 2061 2291 decembris,
2086 2262 2172 2285 anno

1169 2313 1284 2343 primo.
1304 2316 1316 2331 n

1242 2483 1361 2511 '2135

1206 2545 1381 2571 Cancellario
1399 2544 1556 2571 Parisiensi
1572 2545 1687 2572 mandat
1706 2549 1735 2572 ut
1749 2546 1876 2572 Johanni
1891 2545 1925 2572 de
1940 2546 2052 2578 Murro,
2069 2546 2177 2573 ordinis

1171 2595 1313 2620 minorum
1328 2616 1334 2628 ‚
1358 2594 1502 2620 licentiam
1519 2594 1637 2629 regendi
1654 2595 1681 2621 in
1698 2595 1858 2629 theologica
1879 2595 2012 2622 facultate
2027 2595 2175 2622 concedat.

1171 2642 1241 2677 (Ful.
1259 2643 1291 2669 33
1309 2644 1355 2674 ro.)

1430 2482 1791 2518 Sainte-Marie-MaJeure,
1807 2484 1844 2510 1⁰¹·
1858 2484 2009 2511 decembre
2028 2485 2103 2513 1288.

1211 2745 1320 2774 Dilecto
1335 2744 1400 2781 filio
1416 2767 1436 2774 ..
1453 2744 1634 2774 cancellario
1649 2745 1826 2774 Paristenst.
1845 2756 1859 2771 <t
1877 2744 2088 2783 Sperabamus
2106 2744 2177 2774 hac-

1173 2801 1264 2826 tenus
1283 2801 1312 2826 et
1328 2797 1542 2826 indubitatam
1561 2797 1713 2828 fiduciam
1732 2798 1921 2836 gerebamus
1938 2798 2021 2836 quod
2037 2801 2086 2835 tu,
2107 2801 2176 2826 tan-

1172 2859 1268 2889 quam
1285 2850 1462 2880 devotionis
1479 2854 1509 2880 et
1523 2850 1705 2881 obedientie
1721 2851 1824 2889 filius,
1844 2859 1919 2889 erga
1934 2859 1990 2881 nos
2007 2853 2036 2880 et
2053 2853 2176 2889 aposto-

1171 2903 1266 2933 licam
1282 2903 1389 2932 sedem
1406 2903 1554 2933 affectum
1578 2912 1708 2933 servans
1726 2903 1905 2933 reverentie
1923 2902 2067 2941 specialis
2086 2906 2177 2941 teque

1172 2956 1380 2995 beneplacitis
1388 2956 1567 2995 apostolicis
1576 2961 1719 2995 prompta
1728 2957 1890 2987 voluntate
1899 2960 2057 2995 coaptans,
2070 2964 2178 2994 preces

1173 3015 1203 3040 et
1218 3010 1367 3040 mandata
1383 3013 1490 3040 nostra
1508 3010 1564 3040 tibi
1586 3010 1708 3040 directa
1730 3019 1784 3049 pro
1804 3014 1944 3048 tempore
1965 3009 2075 3040 devote
2095 3009 2178 3039 reci·
