2393 3496
1032 244 1285 290 QUATRIEME
1306 242 1462 282 ANNEE.
2235 257 2292 289 687

202 317 264 354 dis,
283 317 407 347 ordinis
424 317 457 348 S.
477 316 651 351 Benedicti.
666 317 888 349 Gerundensis
904 319 1071 356 dioecesis,
1087 319 1122 349 in
1138 319 1208 349 bea-

204 375 306 400 torum
328 370 430 406 Petri,
457 370 550 400 Pauli
574 375 604 401 et
629 371 779 402 Andreae
803 372 1016 411 apostolorum
1038 377 1067 402 et
1091 371 1208 401 Purifi—

202 423 338 453 cationis
365 423 476 454 beatae
506 424 628 453 Mariae
660 425 889 455 festivitatibus
916 430 945 455 et
970 435 1024 465 per
1046 429 1115 455 octo
1141 424 1207 454 dies

202 480 384 514 sequentes.
403 476 475 506 Dat.
493 481 528 506 ut
543 485 648 515 supra.

244 529 280 559 In
307 538 334 560 e.
357 538 421 566 m.,
444 538 500 569 pro
523 530 656 561 ecclesia
680 533 867 563 monasterii
894 533 1007 562 Beatae
1026 531 1146 561 Mariae
1168 531 1207 561 de

203 582 358 619 Ebronio,
372 582 494 613 ordinis
511 583 544 613 S.
567 584 729 615 Benedicti
745 610 750 621 ‚
771 585 1024 616 Cenomanensis
1039 585 1206 621 dioecesis,

202 635 235 664 in
253 635 361 666 beatae
377 636 497 666 Mariae
512 661 517 673 ,
535 637 567 667 S.
587 638 702 668 Leonis
718 648 815 678 papae
830 663 836 673 ,
857 640 949 678 cujus
969 647 1082 678 corpus
1103 639 1136 668 in
1154 647 1207 668 eo-

201 688 275 719 dem
292 690 487 720 monasterio
506 691 686 730 requiescit,
705 697 735 722 et
751 692 782 722 S.
801 693 930 723 Roberti
946 692 1135 723 confessoris
1150 692 1209 722 fes-

204 741 396 778 tivitatibus,
425 752 481 782 per
508 749 576 775 octo
601 745 668 775 dies
687 750 856 785 sequentes
878 751 909 775 et
932 747 965 776 in
987 746 1208 776 anniversario

201 794 254 825 die
268 794 478 826 dedicationis
492 798 636 836 ejusdem
650 797 812 828 ecclesiae.
832 799 901 828 Dat.
923 803 956 828 nt
970 808 1076 837 snpra.

775 884 906 911 Ori-icto.
923 884 958 911 ‘20
972 885 1042 911 avril
1060 884 1136 912 1291.

244 945 280 975 ln
299 954 327 975 e.
346 954 409 981 m.,
429 954 484 985 pro
507 946 641 976 ecclesia
665 946 853 976 monasterii
876 946 1068 983 Castrensis,
1086 946 1209 977 ordinis

201 997 234 1028 S.
255 998 436 1035 Benedicti,
455 993 620 1029 Albiensis
635 999 808 1035 dioecesis,
824 999 857 1028 in
874 999 957 1028 beati
976 999 1154 1036 Benedicti,
1173 1000 1208 1028 in

199 1053 293 1091 cujus
311 1052 467 1082 honorem
484 1052 594 1083 eadem
611 1051 744 1082 ecclesia
759 1057 807 1082 est
823 1056 1015 1088 constructa.
1028 1057 1057 1082 et
1073 1057 1209 1091 quatuor

200 1105 310 1135 beatae
327 1105 449 1135 Mariae
464 1105 691 1135 festivitatibus
711 1109 742 1135 et
764 1114 820 1143 per
843 1110 912 1135 octo
934 1105 1002 1135 dies
1025 1110 1207 1144 sequentes.

201 1158 274 1189 Dat.
300 1158 383 1197 apud
411 1159 675 1189 Urbemveterem
689 1183 696 1194 ‚
725 1167 767 1188 xn
800 1158 956 1188 kalendas
986 1158 1085 1195 maii,
1122 1167 1209 1189 anno

199 1216 323 1250 quarto.

772 1278 889 1305 Orvieto
900 1300 906 1312 ‚
926 1279 956 1306 16
972 1279 1041 1305 avril
1060 1278 1135 1306 1291.

239 1341 277 1371 In
291 1349 320 1371 e.
337 1349 395 1378 m.,
413 1349 468 1380 pro
483 1340 616 1372 ecclesia
631 1340 743 1372 Sancti
760 1340 900 1379 Remigii
913 1340 952 1371 de
967 1341 1130 1379 Hanonia‚
1151 1341 1210 1371 Re-

199 1394 322 1424 mensis
344 1393 516 1429 dioecesis,
534 1394 568 1424 in
590 1394 624 1425 S.
645 1394 784 1433 Remigii
809 1399 839 1425 et
861 1399 997 1434 quatuor
1017 1395 1127 1425 beatae
1146 1395 1209 1425 Ma-

200 1447 267 1478 riae
283 1447 520 1482 festivitatibus.
538 1456 593 1487 per
605 1452 674 1478 octo
689 1448 757 1478 dies
773 1452 943 1487 sequentes
957 1453 986 1478 et
1002 1449 1036 1478 in
1055 1449 1210 1479 anniver-

200 1501 284 1532 sario
298 1501 351 1532 die
365 1501 577 1532 dedicationis
599 1501 743 1541 ejusdem
760 1501 923 1532 ecclesiae.

243 1565 257 1582 ι
276 1554 358 1585 Loca
371 1559 554 1585 sanctorum
569 1555 756 1585 omnium...
772 1571 812 1578 —
831 1555 902 1585 Dat.
927 1555 1011 1595 apud
1032 1555 1209 1586 Urbemve-

205 1611 304 1638 teretn
318 1632 325 1646 ,
340 1617 392 1638 xvi
408 1607 564 1639 kalendas
579 1609 674 1645 maii,
690 1616 776 1639 anno
790 1612 913 1648 quarto.
936 1620 948 1635 n

242 1661 280 1691 In
294 1669 323 1692 e.
339 1670 398 1699 m.,
416 1669 472 1701 pro
487 1661 621 1692 ecclesia
637 1661 745 1692 Sancti
764 1662 849 1692 Petri
869 1662 1002 1702 apostoli
1017 1662 1056 1692 de
1068 1662 1210 1701 Guigni-

201 1718 307 1752 curte,
326 1714 553 1745 Laudunensis
574 1714 745 1750 dioecesis,
763 1716 796 1745 in
814 1715 957 1753 ejusdem
975 1716 1075 1746 sancti
1091 1721 1121 1746 et
1135 1725 1210 1755 qua-

203 1771 274 1798 tuor
287 1767 398 1798 beatae
415 1767 538 1798 Mariae
552 1767 788 1805 festivitatibus,
808 1773 866 1799 etc.
886 1773 918 1798 ut
934 1778 1039 1808 supra.

775 1861 905 1893 Orvieto‚
925 1861 958 1888 30
973 1862 1042 1888 avrit
1062 1861 1138 1889 1291.

240 1923 278 1954 In
295 1932 322 1954 e.
340 1933 397 1960 m.,
415 1933 472 1964 pro
486 1923 621 1955 ecclesia
637 1924 745 1955 Sancti
762 1924 881 1963 Angeli
897 1924 936 1955 de
955 1923 1133 1961 Sculculis‚
1150 1925 1211 1955 Tu-

199 1977 346 2008 der-tinae
369 1977 542 2014 dioecesis,
569 1978 602 2007 in
627 1977 770 2016 ejusdem
794 1978 895 2008 sancti
921 1982 950 2008 et
973 1979 1211 2017 Assumptionis

199 2031 310 2062 beatae
327 2031 449 2062 Mariae
473 2031 717 2067 festivitatibus,
737 2040 792 2070 per
815 2035 883 2061 octo
904 2031 972 2060 dies
992 2036 1162 2070 sequentes
1181 2036 1212 2062 et

200 2085 235 2115 in
250 2085 473 2115 anniversario
488 2084 539 2114 die
555 2083 771 2114 dedicationis
787 2084 929 2122 ejusdem
947 2084 1108 2115 ecclesiae.

241 2149 256 2164 ι
273 2137 355 2168 Cum
372 2137 412 2167 ad
428 2136 677 2176 premerenda...
692 2153 730 2158 —
746 2136 818 2166 Dat.
835 2136 919 2175 apud
935 2137 1206 2173 Urbemveterem‚

202 2199 224 2220 11
242 2189 396 2221 kalendas
413 2190 510 2226 maii,
528 2198 615 2220 anno
633 2194 759 2228 quarto.
777 2202 790 2216 ι»

782 2276 908 2307 Orvieto,
927 2276 959 2304 19
973 2276 1044 2303 avril
1062 2276 1137 2304 1291.

242 2339 281 2369 111
297 2348 326 2371 8.
344 2348 406 2374 m.,
425 2347 481 2378 pro
495 2338 630 2374 ecclesia
645 2339 782 2369 Sanctae
808 2339 954 2369 Eulaliae
978 2348 1074 2378 prope
1095 2339 1209 2369 Lezin-

203 2392 345 2428 hannm,
372 2392 579 2430 Agennensis
604 2392 778 2428 dioecesis,
806 2393 839 2422 in
868 2393 1040 2423 festivitate
1066 2393 1209 2432 ejusdem

202 2450 346 2479 sanctae,
363 2454 417 2484 per
432 2449 501 2475 octo
521 2444 589 2475 dies
614 2449 783 2485 sequentes
804 2450 834 2476 et
859 2446 892 2476 in
915 2446 1136 2476 anniversario
1158 2446 1210 2476 die

201 2498 412 2529 dedicationis
428 2497 573 2537 ejusdem
589 2498 751 2529 ecclesiae.

243 2564 257 2579 «ι
279 2552 350 2582 Vite
368 2552 520 2591 perennis
536 2551 675 2590 gloria...
689 2568 728 2574 -
746 2552 816 2582 Dat.
833 2551 917 2591 apud
934 2552 1208 2589 Urbemveterem‚

202 2615 258 2636 xm
273 2605 427 2636 kalendas
443 2605 540 2641 maii,
558 2613 645 2635 anno
661 2611 789 2644 quarto.
810 2617 822 2632 ι

242 2660 279 2690 111
307 2668 334 2689 e.
364 2667 429 2694 m.,
458 2666 512 2697 pro
537 2657 670 2688 ecclesia
692 2658 801 2688 Sancti
829 2658 933 2689 Ylarii
956 2659 994 2689 de
1017 2658 1207 2698 Coleyrac0‚

202 2713 409 2752 Agennensis
423 2712 594 2747 dioecesis,
612 2711 645 2741 in
664 2712 834 2742 festivitate
851 2712 996 2750 ejusdem
1013 2713 1132 2748 sancti.
1149 2718 1207 2743 etc.

203 2771 358 2806 utsupra.

243 2819 280 2849 In
297 2828 324 2850 e.
342 2828 402 2855 m.,
418 2827 474 2858 pro
490 2817 622 2848 ecclesia
640 2817 747 2848 Sancti
765 2817 930 2848 Laurentii
943 2826 1037 2857 prope
1054 2818 1210 2848 Lezinba-

204 2881 293 2909 num,
305 2872 510 2911 Agennensis
523 2871 689 2907 dioecesis,
708 2871 739 2901 in
758 2872 926 2902 festivitate
939 2871 1083 2911 ejusdem
1096 2872 1207 2907 sancti,

203 2930 262 2955 etc.
280 2928 313 2956 ut.
330 2933 437 2964 supra.

1861 320 1992 354 Orvieto,
2010 321 2041 348 13
2057 322 2126 348 avril
2146 322 2220 351 129¹.

1332 380 1368 409 In
1388 389 1414 410 e.
1436 390 1491 417 m.,
1507 390 1562 420 pro
1576 381 1708 412 ecclesia
1724 382 1838 412 Beatae
1858 382 1978 412 Mariae
1994 383 2032 413 de
2052 384 2214 422 Fontibus,
2234 386 2291 416 Ro·

1292 433 1506 471 thomagensis
1531 435 1700 473 dioecesis,
1719 435 1753 464 in
1779 439 1916 474 quatuor
1938 436 2081 474 ejusdem
2102 438 2238 475 virginis
2262 442 2292 469 et

1291 486 1324 515 in
1341 486 1373 516 S.
1392 487 1514 517 Nicolai
1536 488 1770 528 festivitatibus,
1791 497 1846 528 per
1858 493 1926 519 octo
1944 489 2013 519 dies
2028 495 2196 529 sequentes
2212 492 2291 521 etin

1290 540 1511 570 anniversario
1534 541 1584 570 die
1609 541 1819 572 dedicationis
1851 542 1995 581 ejusdem
2025 542 2185 574 ecclesiae.
2221 544 2292 576 Dat.

1290 593 1372 631 apud
1390 593 1648 624 Urbemveterem
1663 618 1670 631 ,
1688 595 1798 624 idibus
1815 594 1942 634 aprilis.
1959 604 2046 625 anno
2063 601 2184 634 quarto.

1863 696 1990 727 Orvieto,
2008 696 2039 722 ¹7
2056 696 2126 723 avril
2144 696 2221 724 1291.

1332 756 1369 785 In
1387 765 1413 785 e.
1435 764 1495 792 m.,
1514 764 1568 794 pro
1586 756 1717 787 ecclesia
1741 757 1849 787 Sancti
1870 758 2028 788 ι1011301115
2047 759 2232 790 Crisostomi
2255 759 2293 790 de

1291 809 1446 845 Venetiis,
1467 809 1662 839 Castellanae
1673 810 1838 846 dioecesis,
1858 812 1891 840 in
1905 812 2049 850 ejusdem
2064 813 2174 847 sancti,
2193 813 2225 843 S.
2241 813 2293 843 Jo-

1292 862 1410 891 hannis
1426 861 1585 900 Baptistae
1603 866 1634 891 et
1649 867 1774 892 sanctae
1791 863 1886 893 Afrae
1903 864 2139 901 festivitatibus,
2157 875 2212 904 per
2225 869 2293 895 octo

1291 914 1360 944 dies
1379 919 1548 953 sequentes
1564 920 1594 944 et
1608 916 1641 945 in
1658 916 1878 946 anniversario
1901 916 1954 947 die
1973 917 2182 948 dedicationis
2205 911 2292 956 ejus-

1291 967 1364 997 dem
1391 967 1553 998 ecclesiae.
1577 968 1649 998 Dat.
1673 969 1757 1008 apud
1781 969 2059 1007 Urbemveterem‚
2080 980 2119 1000 xv
2141 971 2293 1001 kalendas

1291 1021 1386 1056 maii,
1403 1030 1488 1052 anno
1503 1026 1625 1061 quarto.
1649 1022 1707 1060 (En
1723 1023 1853 1062 marye.)

1865 1115 1992 1148 Orvieto‚
2012 1116 2042 1143 13
2058 1117 2127 1143 avril
2146 1116 2222 1144 1291.

1331 1176 1370 1205 In
1396 1185 1423 1206 e.
1453 1185 1513 1213 m.,
1544 1185 1598 1215 pro
1625 1176 1758 1207 ecclesia
1783 1177 1821 1207 de
1845 1177 2000 1216 Coteyra‚
2023 1177 2294 1209 Claromontensis

1291 1229 1465 1266 dioecesis,
1489 1230 1522 1259 in
1551 1231 1793 1270 Assumptionis
1820 1231 1928 1261 beatae
1952 1232 2071 1262 Mariae
2098 1238 2128 1262 et
2150 1232 2182 1263 S.
2207 1233 2292 1263 Petri

1291 1282 1440 1321 apostoli,
1458 1284 1490 1312 in
1508 1284 1598 1322 cujus
1620 1283 1775 1314 honorem
1799 1284 1959 1324 praedicta
1981 1284 2113 1315 ecclesia
2132 1290 2179 1315 est
2202 1294 2294 1316 cons-

1293 1341 1411 1373 tructa,
1442 1337 1666 1367 festivitatibus
1692 1342 1721 1367 et
1743 1346 1798 1376 pei·
1822 1342 1890 1368 octo
1913 1338 1979 1368 dies
2008 1343 2188 1377 sequentes.
2220 1339 2289 1369 Dat.

1291 1390 1375 1429 apud
1413 1390 1691 1428 Urbemveterem‚
1734 1391 1841 1421 idibus
1875 1390 1986 1430 api-ilis
1998 1415 2006 1428 ,
2047 1400 2132 1422 anno
2169 1397 2290 1431 quarto.

1291 1443 1399 1482 (Ibid.)

1332 1497 1371 1526 In
1387 1505 1414 1526 e.
1434 1505 1491 1533 m.,
1509 1505 1563 1536 pro
1579 1496 1711 1527 ecclesia
1729 1520 1748 1526 ..
1765 1497 1886 1527 abbatis
1902 1502 1933 1528 et
1947 1502 2121 1528 conventus
2136 1502 2292 1528 monaste-

1293 1549 1334 1579 rii
1369 1550 1568 1585 Riomensis,
1597 1549 1719 1580 ordinis
1745 1550 1777 1580 S.
1805 1551 2001 1589 Augustini,
2025 1551 2293 1582 Claromoutensis

1292 1603 1465 1641 dioecesis,
1490 1603 1524 1633 in
1550 1604 1789 1642 Assumptionis
1818 1604 1926 1634 beatae
1951 1605 2082 1639 Mariae,
2111 1605 2142 1636 S.
2166 1605 2291 1643 Georgii

1293 1657 1446 1696 martyris
1464 1661 1494 1687 et
1516 1657 1548 1687 S.
1569 1656 1727 1687 Amabilis
1744 1657 1950 1694 confessoris,
1976 1658 2009 1687 in
2032 1658 2122 1696 cujus
2140 1658 2292 1689 honorem

1294 1710 1405 1740 eadem
1424 1709 1557 1740 80018513
1573 1715 1619 1740 est
1633 1714 1828 1747 constructa,
1846 1710 2083 1746 festivitatibus,
2109 1716 2167 1742 etc.
2188 1716 2221 1741 ut
2241 1721 2294 1742 su-

1293 1773 1359 1803 pra.
1379 1764 1484 1803 (ibid.)

1334 1817 1371 1847 In
1388 1826 1415 1847 e.
1434 1826 1490 1852 m.,
1511 1826 1566 1856 pro
1588 1817 1720 1848 ecclesia
1741 1840 1759 1847 ..
1783 1817 1899 1856 prioris
1918 1821 1949 1847 et
1968 1821 2142 1848 conventus
2160 1818 2292 1848 fratrum

1293 1870 1544 1910 praedicatorum
1560 1870 1864 1907 Cenomanensium‚
1881 1871 1915 1900 in
1933 1870 2087 1901 honorem
2103 1871 2210 1901 beatae
2226 1872 2293 1900 Ma-

1293 1924 1359 1954 riae
1372 1928 1568 1960 constructa,
1591 1924 1625 1953 iu
1642 1924 1784 1962 ejusdem
1801 1923 1937 1961 virginis
1951 1947 1959 1962 ,
1981 1924 2013 1953 S.
2038 1924 2197 1954 Dominici
2216 1933 2293 1954 con·

1293 1977 1419 2008 sessoris
1435 1982 1466 2007 et
1481 1976 1513 2007 S.
1532 1977 1617 2007 Petri
1633 1977 1783 2016 martyris
1805 1976 2044 2013 festivitatibus,
2068 1986 2122 2015 per
2141 1982 2209 2008 octo
2226 1977 2293 2007 dies

1293 2035 1461 2070 sequentes
1489 2034 1520 2070 et
1545 2030 1579 2059 in
1603 2029 1822 2060 anniversario
1851 2029 1903 2059 die
1925 2029 2131 2060 dedicationis
2150 2030 2291 2069 ejusdem

1293 2084 1455 2114 ecclesiae.

1334 2149 1347 2164 «ι
1366 2136 1530 2167 Gloriosus
1546 2136 1631 2166 Deus
1645 2136 1718 2165 in...
1735 2152 1774 2157 —
1790 2136 1861 2166 Dat.
1880 2139 1914 2166 ut
1929 2144 2033 2175 snpra.
2052 2148 2066 2163 ι»
2082 2137 2186 2176 (Ibid.)

1334 2191 1372 2220 In
1388 2199 1415 2220 e.
1433 2198 1491 2227 m.,
1506 2197 1562 2228 pro
1577 2188 1710 2219 ecclesia
1725 2189 1840 2219 Beatae
1857 2189 1975 2219 Mariae
1992 2189 2025 2219 in
2042 2189 2168 2229 Campis
2186 2190 2292 2220 civita-

1294 2244 1332 2273 tis
1346 2243 1577 2278 Norwtcensis,
1597 2243 1631 2272 in
1647 2246 1782 2281 quatuor
1800 2242 1945 2281 ejusdem
1962 2242 2096 2281 virginis
2112 2243 2291 2273 festivitati-

1293 2297 1361 2333 bus,
1381 2305 1434 2336 pei·
1449 2300 1518 2327 octo
1535 2296 1604 2326 dies
1622 2300 1792 2335 sequentes
1807 2300 1837 2326 et
1854 2296 1888 2326 in
1905 2296 2124 2326 anniversario
2139 2297 2189 2327 die
2205 2297 2292 2327 dedi-

1292 2350 1426 2380 cationis
1441 2349 1584 2389 eJusdem
1600 2349 1761 2379 ecclesiae.
1782 2349 1853 2379 Dat.
1872 2353 2024 2388 utsupra.
2041 2349 2145 2389 (Ibid.)

1865 2441 1992 2475 Orvieto,
2010 2442 2041 2468 15
2057 2441 2125 2468 avril
2144 2442 2220 2469 1291.

1334 2505 1370 2534 In
1389 2513 1416 2534 e.
1435 2513 1492 2541 m.,
1510 2512 1565 2542 pro
1585 2502 1718 2533 ecclesia
1742 2503 1856 2533 Beatae
1878 2503 1997 2533 Mariae
2013 2503 2051 2533 de
2070 2504 2190 2534 Fuiano
2207 2510 2291 2534 extra

1293 2566 1402 2588 muros
1431 2557 1624 2590 Verulanos,
1652 2557 1686 2585 in
1713 2560 1848 2594 quatuor
1874 2556 2018 2594 ejusdem
2046 2556 2178 2593 virginis
2206 2557 2290 2586 festi-

1292 2611 1444 2641 vitatibus
1459 2614 1489 2639 et
1506 2618 1559 2648 per
1573 2613 1641 2639 octo
1656 2609 1725 2639 dies
1741 2613 1920 2647 sequentes.
1940 2609 2010 2638 Dat.
2024 2608 2107 2647 apud
2122 2609 2291 2639 Urbemve-

1293 2669 1403 2699 terem‚
1421 2672 1481 2692 xvn
1500 2662 1652 2692 kalendas
1665 2662 1761 2697 maii,
1781 2669 1866 2691 anno
1881 2666 2002 2700 quarto.
2022 2661 2125 2700 (Ibid.)

1881 2752 2010 2783 On-vieto.
2027 2753 2040 2778 li
2056 2752 2125 2778 avi-tt
2144 2752 2218 2779 ¹29¹.

1334 2818 1371 2848 In
1388 2826 1415 2848 8.
1435 2826 1492 2854 111.,
1511 2825 1566 2855 pro
1585 2815 1715 2846 ecclesia
1731 2816 1886 2854 prioratus
1901 2814 2009 2844 Sancti
2028 2814 2110 2843 Petri
2133 2814 2287 2852 Dyensis,

1292 2871 1415 2901 ordinis
1428 2869 1460 2900 S.
1482 2869 1672 2907 Augustini,
1693 2869 1727 2897 in
1747 2866 1883 2905 singulis
1900 2867 1931 2896 S.
1952 2866 2035 2896 Petri
2052 2866 2199 2904 apostoli,
2216 2867 2290 2896 hea-

1294 2927 1341 2952 tae
1361 2922 1479 2951 Mariae
1504 2920 1711 2959 Magdalenae
1731 2924 1761 2950 et
1784 2919 2019 2957 Assumptionis
2042 2918 2148 2948 beatae
2173 2918 2290 2950 Mai-iae
