2393 3496
230 310 287 340 956
979 304 1217 336 REGISTRES
1239 305 1294 335 DE
1316 304 1500 335 NICOLAS
1523 306 1578 335 IV.

302 376 418 406 '2084
854 372 941 403 Rieti.
958 372 991 398 ‘22
1006 371 1070 406 Juin
1088 371 1166 399 1‘288.

267 439 309 467 De
324 439 440 466 denario
456 438 552 465 Sancti
573 436 648 463 Petri
664 437 691 462 in
710 435 837 462 Polonia.
854 434 926 468 (Fol.
948 434 977 461 18
994 435 1041 467 ro.)

269 554 375 584 Dilecto
403 552 461 591 filio
491 550 607 580 Johanni
632 550 702 579 dicto
730 548 864 586 Muscam,
896 548 1084 577 archidiacono
1118 547 1241 578 Wratis-

230 607 343 637 laviensi
367 606 422 645 (1).
450 617 463 631 α
491 604 623 633 Pridem
644 612 698 642 per
726 606 796 632 tuas
826 602 947 632 litteras
973 601 1134 631 intimasti
1156 599 1241 640 quod

230 661 264 690 in
282 659 412 690 Polonie
429 657 572 696 partibus
591 656 628 686 de
645 656 778 686 denario
794 655 904 686 Sancti
925 656 1012 685 Petri
1029 654 1242 694 qnadraginta

229 720 352 743 marcas
367 710 439 741 auri
455 709 628 748 collegeras
646 713 676 739 et
694 709 842 739 servabas
854 732 863 746 ‚
884 709 939 739 tibi
958 708 1117 739 notificari
1134 712 1241 747 postu-

229 766 299 796 lans
325 774 380 803 per
403 763 530 794 easdem
557 763 609 793 cui
632 763 764 793 deberes
789 772 921 794 romane
947 762 1080 793 ecclesie
1109 762 1241 792 nomine

229 817 413 856 hujusmodi
438 817 647 856 quantitatem
675 816 811 856 pecunie
840 816 1017 854 assignare.
1047 816 1113 845 Nos
1135 819 1241 845 autem

229 872 432 910 diligentiam
458 875 489 900 et
513 870 763 900 sollicitudinem
793 874 880 900 tuam
907 869 1016 907 dignis
1038 869 1073 898 in
1101 868 1242 899 Domino

228 925 378 956 laudibus
393 923 677 961 commendantes,
694 923 844 954 volumus
861 927 891 952 et
910 922 966 952 tibi
985 926 1092 952 tenore
1109 930 1241 961 presen-

228 980 309 1009 tium
323 978 464 1008 districte
474 977 681 1016 precipiendo
694 976 886 1006 mandamus
901 976 1054 1015 quatinus
1066 975 1241 1014 predictam

227 1033 410 1072 pecuniam,
425 1035 455 1060 et
469 1030 566 1061 aliam
581 1031 677 1060 etiam
694 1030 721 1059 si
736 1038 831 1069 quam
850 1029 1051 1069 postmodum
1069 1029 1103 1058 in
1120 1029 1241 1059 eisdem

227 1086 371 1125 partibus
389 1085 427 1114 de
452 1083 640 1123 hujusmodi
659 1083 793 1113 denario
810 1082 982 1120 collegisti,
1000 1081 1115 1112 dilecto
1134 1081 1200 1111 filio
1219 1105 1239 1112 ..

227 1139 327 1178 priori
346 1137 512 1177 hospitalis
533 1137 641 1167 Sancti
660 1137 822 1167 Johannis
837 1135 1094 1166 Jerosolimitani
1113 1136 1145 1164 in
1167 1144 1239 1174 par-

229 1192 313 1222 tibus
329 1191 522 1231 supradictis
540 1194 593 1220 ant
611 1189 785 1220 venerabili
801 1189 890 1218 fratri
911 1192 1018 1218 nostro
1035 1211 1054 1218 ..
1070 1188 1241 1218 Wratisla-

227 1246 331 1276 viensi
348 1245 392 1284 (1)
409 1244 565 1283 episcopo,
586 1248 677 1282 prout
692 1243 793 1281 magis
811 1247 841 1272 et
859 1241 968 1272 utilius
985 1242 1134 1281 expedire
1150 1245 1241 1280 puta-

228 1299 333 1335 veris,
368 1302 398 1328 et
426 1307 482 1337 per
511 1306 607 1336 quem
635 1296 822 1335 huJusmodi
864 1295 1029 1334 negotium
1062 1295 1179 1325 melius
1211 1298 1242 1325 et

227 1352 372 1382 securius
388 1351 439 1388 agi
452 1350 559 1389 possit,
575 1349 708 1379 nomine
725 1349 827 1388 ipsius
840 1348 972 1378 ecclesie
988 1348 1153 1385 assignare
1170 1357 1240 1387 pro-

227 1415 330 1442 cures,
355 1403 562 1434 deferendam
582 1412 639 1442 per
659 1412 692 1433 se
717 1402 768 1432 vel
787 1401 887 1432 alium
911 1406 966 1431 aut
987 1401 1065 1432 alios
1090 1401 1148 1431 sub
1171 1402 1240 1441 ejus

227 1458 370 1498 periculo
386 1457 424 1487 ad
437 1456 545 1487 villam
562 1456 762 1495 Brugeusem
779 1456 812 1485 iu
830 1455 984 1485 Flandria
997 1459 1027 1485 et
1042 1455 1157 1485 dilecto
1174 1455 1240 1486 filio

228 1511 399 1551 Rodulpho
419 1510 618 1548 Bonaguide,
640 1509 779 1547 Rogerio
797 1509 952 1539 Dardorci
969 1512 1000 1539 et
1013 1508 1158 1538 Johanni
1177 1509 1239 1538 Βο-

228 1565 381 1604 nagnide,
400 1572 526 1594 camere
546 1567 652 1593 nostre
669 1562 911 1598 mercatoribus,
932 1562 970 1592 de
986 1562 1133 1592 societate
1150 1561 1240 1592 Pnli-

227 1629 301 1651 cum
318 1618 596 1649 Rimbertinorum
620 1617 657 1646 de
680 1616 858 1651 Florentia,
877 1616 997 1646 ibidem
1016 1616 1217 1646 morantibus
1231 1639 1238 1653 ‚

229 1672 278 1703 vel
298 1672 423 1702 duobus
443 1675 497 1700 aut
521 1670 577 1700 uni
603 1678 713 1700 eorum
729 1669 917 1699 absentibus
931 1669 1018 1707 aliis,
1040 1678 1114 1699 cum
1138 1669 1182 1706 id,
1207 1672 1241 1698 ut

229 1726 381 1763 creditur,
413 1724 620 1755 consideratis
649 1723 802 1754 attentius
836 1732 897 1762 que
928 1723 1177 1753 considerationi
1208 1732 1240 1753 se

228 1780 387 1816 offerunt,
405 1788 459 1818 per
477 1783 504 1808 te
520 1778 590 1808 fieri
608 1786 719 1808 secure
739 1786 802 1807 non
822 1777 927 1816 possit.
949 1777 986 1806 Et
1007 1776 1240 1806 nichilominus

228 1832 327 1862 facias
349 1831 388 1862 de
413 1830 631 1869 assignatione
658 1829 844 1868 hujusmodi
869 1829 1014 1859 facienda
1038 1838 1093 1867 per
1120 1833 1149 1858 te
1177 1829 1240 1859 duo

228 1885 342 1916 confici
356 1883 483 1923 publica
499 1883 619 1912 similia
633 1883 859 1919 instrumenta,
877 1890 1014 1921 quorum
1027 1881 1165 1912 alterum
1184 1881 1240 1912 tibi

228 1938 385 1974 retineas,
405 1937 579 1976 reliquu[m
598 1936 740 1974 nobis...]
759 1936 935 1973 missurus,
953 1944 989 1965 ac
1005 1935 1240 1965 nichilominus

229 1991 469 2030 significaturus
486 1990 577 2019 nobis
591 1989 730 2019 fideliter
744 1999 800 2028 per
818 1993 885 2019 tuas
900 1989 1045 2028 [litteras‚
1064 1993 1117 2019 tuo
1132 1988 1241 2027 sigillo

229 2046 372 2083 signatas
384 2068 392 2082 ‚
424 2045 538 2073 harum
585 2043 714 2083 se]riem
751 2052 787 2073 ac
816 2043 911 2072 etiam
942 2042 1037 2081 quid,
1069 2046 1238 2081 quantum,

228 2098 373 2138 quando,
396 2097 451 2127 ubi
476 2101 505 2127 et
531 2097 583 2127 cui
604 2096 684 2126 illud
708 2097 886 2136 [assignare
913 2096 1077 2126 curaveris
1098 2095 1239 2136 plenius]

228 2152 470 2183 continentes...
489 2151 598 2188 Reate,
616 2160 634 2180 x
650 2149 805 2180 kalendas
818 2149 905 2190 julii.
924 2162 938 2177 n

302 2370 554 2401 2085-*2086

266 2433 309 2460 De
326 2433 427 2460 eodem
444 2433 569 2468 negotio.
587 2432 659 2462 (Fol.
678 2432 709 2460 18
726 2434 778 2466 v0.)

842 2370 942 2405 Reate,
959 2370 993 2397 22
1005 2371 1071 2405 Juin
1087 2371 1166 2398 ⁴288.

270 2549 376 2578 Dilecto
404 2548 465 2587 filio
504 2571 522 2576 ..
552 2548 640 2587 priori
675 2547 770 2578 Sancti
807 2548 937 2579 Johanms
964 2548 1179 2579 Jerosolimitani
1211 2549 1239 2578 in

231 2601 358 2632 Potonia.
378 2602 413 2631 Ei
428 2601 558 2631 mandat
574 2606 607 2630 ut
621 2601 789 2640 pecuniam
806 2601 984 2632 aJohanne
999 2602 1083 2632 dicto
1097 2603 1240 2632 Muscata

230 2659 388 2695 receptam
406 2654 445 2684 ad
466 2654 578 2684 villam
602 2655 800 2692 Brugensem
823 2655 944 2685 deferat
962 2659 992 2685 et
1010 2656 1240 2686 mercatoribus

229 2708 270 2739 de
285 2708 434 2739 societate
450 2707 600 2738 Pulicum
618 2708 894 2738 Rimhertinorum
913 2709 1064 2747 assignet.

272 2773 286 2788 α
304 2761 434 2791 Pridem
451 2761 584 2791 dilectus
602 2760 724 2791 filius...
744 2778 782 2783 —
801 2762 870 2791 Dat.
889 2765 923 2791 ut
938 2771 1044 2801 supra.
1064 2775 1077 2790 n

270 2815 320 2844 In.
338 2824 366 2845 e.
382 2823 425 2845 m.
446 2837 466 2843 ..
484 2814 628 2853 episcopo
645 2814 915 2845 Wratislaviensi.
932 2814 992 2854 (En
1007 2816 1140 2855 τηαν-ρι’.)

260 2986 294 3015 (1)
312 2988 361 3010 Ms.
379 2994 384 3009 :
403 2986 635 3011 &Vratislaniensi

1393 371 1508 400 *2082
1949 371 2037 402 Ricti.
2053 371 2087 398 ‘25
2098 371 2163 406 juin
2181 371 2257 399 1288.

1357 433 1476 468 Civitas,
1493 433 1636 461 dioecesis
1651 437 1679 461 et
1690 434 1840 461 districtus
1858 433 2011 460 Urbinates
2027 433 2170 460 Marchiae
2182 433 2328 463 Anchoni-

1322 485 1403 509 tanae
1420 483 1569 510 uniuntur.
1586 483 1657 519 (Fol.
1675 483 1706 511 18
1722 485 1774 517 v⁰.)

1362 583 1408 614 Ad
1427 588 1589 624 perpetuam
1612 585 1653 614 rei
1677 585 1848 615 memoriam.
1876 597 1890 612 «
1916 585 2127 616 Attendentes
2148 585 2233 624 quod
2254 585 2330 617 civi-

1324 637 1398 667 tatis
1416 638 1583 668 Urbinatis
1602 643 1632 668 et
1648 639 1817 669 comitatus
1835 638 1997 677 quondam
2015 639 2127 678 ipsius,
2143 638 2176 668 in
2194 638 2330 672 confinio

1323 691 1551 721 Anchonitane
1569 692 1713 723 Marchie
1728 701 1764 723 ac
1776 691 1966 723 Romaniole
1977 692 2235 729 constitutorum,
2252 693 2332 732 regis-

1323 752 1398 774 men
1422 743 1613 784 plerumque
1633 745 1735 784 ipsius
1756 745 1915 782 marchie,
1932 745 2096 775 interdum
2116 753 2192 775 vero
2214 745 2331 777 Roma-

1324 797 1410 828 niole
1434 797 1610 828 rectoribus
1636 807 1690 837 per
1712 806 1863 828 romanos
1888 798 2069 837 pontifices,
2097 797 2333 837 predecessores

1325 853 1459 887 nostroS,
1483 851 1586 880 extitit
1610 850 1669 881 sub
1695 854 1876 890 temporum
1901 851 2087 881 diversitate
2112 850 2354 890 commissum,-

1324 907 1450 941 propter
1468 903 1550 942 quod
1568 907 1631 933 tam
1647 903 1786 934 civitatis
1801 903 1946 942 ejusdem
1963 913 2059 943 qnam
2078 903 2213 933 diocesis
2229 907 2259 934 et
2273 903 2332 935 dis·

1327 956 1436 985 trictus
1450 956 1550 995 ipsius
1561 957 1711 987 homines
1727 957 1762 986 in
1773 956 1913 996 quadam
1928 957 2134 996 perplexitate
2148 956 2242 996 positi
2257 965 2333 988 non-

1325 1017 1493 1048 nunquam
1524 1010 1665 1049 dampna
1690 1010 1801 1048 gravia
1826 1014 1857 1040 et
1886 1010 2026 1048 pericula
2052 1006 2278 1048 incurreruntss
2303 1013 2334 1042 et

1324 1062 1396 1093 ideo
1409 1063 1575 1101 cupientes
1594 1064 1821 1103 indempnitati
1839 1073 2007 1102 precavere
2024 1064 2167 1103 ipsorum
2185 1072 2221 1094 ac
2235 1063 2334 1103 quieti

1325 1125 1436 1146 eorum
1456 1117 1668 1155 imposterum
1688 1122 1818 1156 paterna
1837 1117 2053 1148 sollicitudine
2069 1117 2248 1156 providere,
2268 1126 2335 1158 pre-

1323 1169 1441 1199 dictam
1459 1170 1621 1200 civitatem
1640 1179 1713 1201 cum
1730 1171 1850 1201 diocesi
1871 1175 1901 1201 et
1920 1171 2064 1201 districtu
2082 1171 2214 1210 prefatis
2230 1171 2333 1202 eidem

1324 1223 1469 1254 Marchie
1488 1224 1717 1255 Ancbonitane
1734 1224 1905 1263 apostolica
1924 1225 2112 1255 auctoritate
2132 1224 2333 1256 annectimus
2348 1223 2357 1234 ¹

1324 1280 1354 1306 et
1378 1277 1522 1314 unimus,
1547 1282 1720 1308 statuentes
1744 1282 1779 1308 ut
1804 1278 1953 1308 homines
1974 1278 2161 1309 eorumdem
2184 1277 2366 1317 civitatisff·

1323 1329 1460 1360 diocesis
1480 1335 1510 1361 et
1532 1331 1694 1362 districtus
1720 1332 1779 1361 sub
1795 1332 2022 1370 jurisdictione
2047 1332 2178 1362 rectoris
2203 1331 2259 1371 qui
2277 1340 2332 1371 pro
2345 1338 2360 1370 ,23

1323 1388 1465 1423 tempore
1489 1385 1585 1415 fuerit
1611 1386 1797 1415 auctoritate
1821 1385 1961 1424 predicta
1986 1386 2020 1415 in
2046 1385 2165 1425 prefata
2191 1385 2333 1416 marchia

1322 1437 1492 1476 deputatus
1508 1438 1745 1477 imperpetuum
1760 1439 1843 1468 sicut
1858 1438 2007 1469 homines
2022 1439 2124 1478 ipsius
2140 1438 2284 1469 marchis
2296 1439 2333 1470 in
2349 1419 2367 1467 ’ξι

1322 1491 1472 1521 omnibus
1502 1495 1531 1521 et
1561 1501 1615 1530 per
1640 1492 1749 1522 omnia
1778 1496 1929 1522 maneant
1959 1496 1990 1522 et
2016 1492 2230 1522 consistant...
2259 1492 2330 1523 Dat.
2351 1521 2362 1541 ,

1323 1545 1434 1582 Reate,
1451 1555 1491 1574 vn
1510 1544 1665 1575 kalendas
1679 1545 1764 1584 julii,
1783 1554 1869 1576 anno
1886 1546 1998 1584 primo.
2018 1558 2031 1573 ³>

1397 1711 1516 1740 ‘7⁰88
1846 1712 1932 1744 Rieu,
1951 1712 1983 1739 ‘25
1998 1720 2035 1739 ou
2051 1712 2085 1739 27
2098 1713 2162 1747 juin
2183 1712 2261 1740 1288.

1362 1773 1403 1800 De
1420 1774 1519 1801 eodem
1538 1775 1664 1809 negotio.
1682 1774 1753 1808 (Fol.
1773 1775 1804 1802 18
1822 1776 1873 1808 v0.)

1363 1876 1477 1906 Dilectis
1502 1876 1571 1915 filiis
1598 1877 1732 1907 universis
1756 1877 1907 1906 hominibus
1931 1877 2062 1915 civitatis,
2087 1877 2201 1908 diocesis
2225 1881 2251 1908 et
2276 1877 2332 1908 dis-

1323 1930 1419 1960 trictus
1436 1930 1609 1961 Urbinatum.
1628 1931 1682 1961 Eis
1701 1931 1893 1970 praedictam
1911 1932 2064 1961 unionem
2081 1936 2189 1962 notam
2206 1931 2290 1962 facit.

2350 1549 2365 1585 ὃ

2350 1598 2363 1628 ,Ι

1365 1995 1379 2011 α
1399 1984 1483 2014 Cum
1499 1985 1636 2014 civitatis
1655 1988 1794 2014 vestre...
1813 2001 1851 2006 —
1868 1984 1940 2014 Dat.
1962 1988 1995 2014 ut
2011 1993 2106 2024 snpra
2124 1996 2138 2011 »
2156 1984 2211 2024 (1).
2349 1632 2381 2365 ξ

2354 2367 2378 2477 ἓ

1397 2151 1514 2180 ’7089
1945 2150 2033 2184 Rieu,
2050 2150 2083 2177 27
2097 2150 2162 2185 juin
2181 2150 2260 2178 1288.

1358 2214 1484 2241 Johanni
1504 2214 1539 2241 de
1560 2213 1719 2249 Columpna
1736 2214 1888 2240 rectoriam
1908 2214 1937 2240 in
1963 2214 2169 2249 temporalibus
2190 2213 2332 2241 Mai-chiae

1322 2264 1542 2291 Ancbonitanae
1559 2264 1722 2290 committit.
1743 2262 1813 2295 (Fol.
1830 2263 1861 2290 19
1874 2264 1921 2296 1·⁰.)

1364 2366 1479 2406 [Dilecto
1506 2365 1564 2404 filio
1590 2365 1675 2395 nobili
1704 2365 1762 2395 viro
1785 2365 1901 2396 Johanni
1932 2365 1963 2394 de
1992 2364 2143 2404 Golampna
2169 2365 2212 2405 de]
2244 2364 2270 2396 U
2284 2364 2329 2403 be,
2355 2365 2358 2369 ’

1321 2419 1444 2449 Marchie
1459 2419 1644 2449 Anehom'tane
1660 2419 1770 2448 rectori.

1365 2485 1378 2500 a
1398 2473 1496 2514 [Dum
1512 2473 1733 2503 incumbentia
1747 2472 1891 2511 nobis]...
1911 2489 1949 2494 —
1966 2472 2037 2502 Dat.
2056 2472 2165 2510 Reate,
2183 2481 2202 2502 v
2220 2471 2331 2504 kalen-

1323 2526 1379 2556 das
1393 2526 1481 2565 julii,
1502 2526 1704 2565 pontificatus
1724 2526 1823 2556 nostri
1842 2534 1928 2557 anno
1943 2526 2056 2564 primo.
2078 2537 2091 2553 n

1395 2694 1512 2723 2090

1359 2755 1401 2782 De
1417 2755 1518 2782 eodem
1534 2755 1660 2789 negotio.
1677 2754 1750 2789 (Fol.
1770 2754 1801 2781 19
1817 2755 1867 2786 ι’ῡ.)

1950 2692 2036 2724 Rieti,
2054 2692 2086 2719 27
2099 2692 2164 2727 juin
2182 2692 2258 2721 ¹288.

1364 2858 1500 2898 [Dilectis]
1529 2857 1596 2896 filiis
1616 2857 1752 2887 universis
1777 2856 1922 2895 nobilibus,
1946 2856 2121 2896 potestatibus
2143 2866 2190 2887 seu
2219 2856 2330 2887 rectori-

1353 2991 1385 3021 (1)
1401 2991 1439 3015 En
1457 2998 1548 3022 marge
1566 2998 1570 3014 z
1590 2999 1604 3015 υ
1621 2992 1756 3014 kalendas
1769 2991 1846 3019 julii.
