2393 3496
632 311 885 357 QUATRIEME
907 308 1065 348 ANNEE.
1088 334 1126 338 -
1150 317 1335 347 LETTRES
1358 316 1583 347 curuatas
2101 315 2159 344 899

107 394 144 424 In
160 402 186 422 e.
208 400 251 420 m.
267 389 448 423 comitibus,
466 388 660 423 baronibus,
680 391 752 423 etc„
772 396 827 425 per
845 385 1069 416 Cathaloniam

71 445 255 479 constitutis.

108 500 146 530 In
166 507 192 528 e.
217 506 260 526 m.
285 495 464 532 comitibus,
490 494 680 530 baronibus,
708 498 781 530 etc.‚
806 502 861 531 per
883 493 1069 522 comitatum

74 550 302 584 Barchinoniae
318 547 513 579 constitutis.

661 599 788 633 Orvieto‚
806 600 821 626 9
837 600 904 625 aout
923 599 998 626 1291.

109 667 146 697 In
164 675 191 696 e.
209 674 250 694 m.
269 662 443 694 Guillelmo
462 663 501 692 de
518 662 710 700 Mandagoto
725 661 855 691 mandat
874 666 906 690 ut
924 661 963 690 ad
979 670 1070 699 prae-

73 721 166 752 dictos
180 727 212 749 se
227 717 405 752 conferens,
418 724 470 746 eos
484 716 523 745 ad
539 715 702 754 implenda
719 714 868 744 mandata
884 714 967 744 sedis
983 723 1071 752 apos—

74 773 179 805 tolicae
189 771 330 801 inducat.
344 770 416 799 Dat.
429 768 512 808 apud
523 769 797 804 Urbemveterem,
808 778 828 797 v
844 767 915 797 idus
931 767 1069 805 augusti,

72 834 153 858 anno
169 829 291 864 quarto.

138 997 253 1026 8225

105 1059 252 1087 Guillelmo
270 1058 305 1084 de
321 1058 493 1092 Mandagoto
510 1057 623 1084 mandat
641 1062 683 1088 ut,
702 1058 727 1083 si
742 1056 818 1092 apud
833 1056 993 1091 praedictas
1009 1065 1071 1091 per-

71 1117 154 1138 sonas
176 1108 362 1142 monitiones,
381 1115 537 1142 processus
558 1110 586 1133 et
602 1107 653 1132 alia
669 1107 762 1133 facere
780 1114 835 1132 non
853 1107 969 1140 poterit,
987 1115 1019 1132 ea
1042 1106 1071 1132 in

71 1159 140 1187 locis
155 1157 369 1184 circumvicinis
383 1157 477 1183 faciat.
495 1155 579 1189 (Res.
597 1155 642 1190 46,
658 1163 683 1182 e.
701 1156 755 1186 50²,
773 1156 792 1181 f.
810 1155 860 1181 174
878 1156 924 1186 r0.)

639 994 764 1026 Orvieto,
787 995 823 1020 μ’
837 996 905 1021 aout
924 994 998 1021 1291.

109 1261 247 1298 Maqistro
264 1259 424 1289 Guillelmo
440 1259 474 1288 cle
490 1259 678 1296 Mztndczyozo,
695 1259 816 1287 notario
832 1263 944 1288 nostro.

112 1325 125 1340 α
144 1312 223 1343 Cum
242 1317 270 1342 te
287 1311 364 1341 ad...
381 1328 420 1334 —
435 1311 506 1340 Dat.
525 1311 608 1349 apud
625 1311 906 1346 Urbemveterem,
924 1310 1073 1340 kalendis

73 1366 206 1405 augusti,
223 1373 308 1395 anno
322 1368 445 1404 quarto.
465 1376 480 1391 »

139 1538 253 1566 θῖἵθ

104 1599 252 1627 Guillelmo
267 1598 302 1624 dc
318 1598 490 1633 Mandagoto
507 1598 622 1624 mandat
637 1603 679 1632 ut,
697 1599 721 1624 si
737 1597 876 1629 Jacobus,
894 1607 944 1625 rex
960 1600 1074 1633 Arago-

645 1537 771 1571 Orvieto,
788 1536 818 1563 ‘21
839 1537 906 1563 aodt
925 1536 1001 1563 1291.

72 1649 141 1683 niae,
157 1652 355 1683 procuratores
371 1656 442 1674 suos
457 1648 491 1674 ad
507 1647 604 1674 sedem
617 1648 803 1682 apostolicam
816 1648 928 1674 mittere
940 1649 1072 1683 voluerit,

71 1697 175 1724 eisdem
194 1697 429 1732 procuratoribus
453 1706 469 1723 a
491 1697 726 1732 quibuscumque
751 1699 883 1731 personis
905 1698 1014 1725 litteras
1039 1699 1073 1725 de

72 1747 146 1774 salvo
160 1746 304 1773 conductu
320 1746 450 1772 exhiberi
469 1746 564 1773 faciat.
584 1745 668 1779 (Rea.
685 1747 728 1778 46,
745 1755 771 1774 c.
788 1747 831 1781 51,
852 1747 872 1774 f.
889 1747 939 1773 174
956 1750 1002 1781 πο.)

109 1849 209 1878 Eidem
215 1871 222 1877 .

111 1913 126 1929 α
141 1901 221 1932 Cum
238 1906 266 1931 te
281 1902 359 1931 ad...
374 1919 413 1923 —
424 1902 496 1931 Dat.
514 1902 598 1941 apud
612 1903 887 1940 Urbemveterem,
906 1914 947 1934 xn
964 1904 1073 1935 kalen-

72 1954 124 1984 das
139 1954 335 1994 septembris,
355 1963 440 1985 anno
457 1960 580 1994 quarto.
601 1968 615 1982 r,

137 2127 250 2156 ew?
643 2128 770 2160 Orvieto,
787 2129 818 2156 21
838 2131 905 2156 aout
924 2130 1000 2158 1‘291.

103 2188 199 2216 Eidem
222 2185 393 2224 potestatem
413 2190 546 2217 concedit
566 2191 720 2218 exercendi
743 2200 894 2218 censuram
917 2193 1072 2220 ecclesias-

70 2237 151 2264 ticam
175 2238 203 2264 in
227 2246 328 2264 omnes
356 2239 406 2273 qui
430 2238 487 2273 ipsi
511 2242 560 2265 aut
582 2240 694 2266 nuntiis
718 2241 812 2275 ipsius
833 2241 1069 2276 impedimentum

69 2286 267 2321 praeStiterint.
285 2286 369 2320 (Rea.
386 2287 430 2321 46,
446 2295 472 2314 c.
490 2286 545 2321 51²,
561 2287 582 2315 f.
601 2288 651 2315 174
668 2290 714 2321 ro.)

110 2389 219 2418 Eidem.

109 2452 124 2468 «
140 2441 220 2472 Cum
237 2446 265 2472 te
279 2442 357 2473 ad...
377 2459 415 2464 —
431 2443 502 2473 Dat.
522 2448 676 2483 utsupra.
696 2456 710 2471 ι)

140 2612 254 2641 ΒἿἿΒ
644 2616 771 2650 Orvieto,
787 2618 820 2645 ‘23
837 2620 904 2645 aodt
924 2618 1000 2646 129¹.

105 2672 212 2709 Regem
236 2675 372 2702 Franciae
389 2680 471 2710 rogat
493 2681 524 2704 ut
545 2677 579 2704 ad
594 2678 710 2706 Terram
733 2679 866 2707 Sanctam
884 2681 980 2716 galeas
996 2682 1073 2708 cele-

71 2721 138 2749 riter
151 2723 254 2750 mittat.
271 2723 355 2758 (Rea.
373 2725 415 2758 46,
432 2734 458 2752 c.
476 2726 530 2758 51³,
548 2727 567 2753 f.
586 2728 632 2754 174
649 2735 694 2761 νος
715 2728 831 2760 Por-ru„
849 2730 958 2764 23794.)

110 2825 268 2855 Carissimo
282 2827 316 2856 in
334 2828 450 2857 Chr'ae'sto
465 2829 529 2865 filio
542 2830 701 2868 Phylippo,
718 2833 783 2868 reyi
798 2832 927 2862 Francia
943 2834 1071 2864 illustri.

72 2887 86 2902 ι
110 2875 302 2915 Recordare,
319 2879 466 2919 princeps
481 2880 607 2917 inclite,
625 2882 702 2921 quid
718 2883 905 2914 christianis
920 2885 955 2914 in
975 2886 1071 2924 parti-

70 2927 127 2958 bus
141 2930 365 2961 transmarinis
376 2932 526 2963 acciderit
539 2934 677 2972 intuere,
692 2940 723 2965 et
735 2937 856 2975 respice
870 2938 964 2967 totius
975 2938 1013 2968 ch
1019 2939 1074 2968 ris-

73 2980 222 3012 tiauitatis
240 2983 459 3022 obprobrium.
488 2986 683 3017 Hereditatis
707 2987 870 3019 dominice
889 2990 1071 3027 funiculus„

1153 383 1249 412 Terra
1265 383 1380 413 Sancta
1396 392 1485 412 versa
1503 387 1548 412 est
1564 382 1603 411 ad
1619 381 1752 417 alienos,
1770 380 1809 410 ad
1829 384 1994 410 extraneos
2011 382 2159 410 sacratis-

1153 437 1234 466 sima
1251 442 1280 466 et
1291 436 1352 466 alia
1368 437 1436 466 loca
1449 438 1529 475 ejus,
1546 436 1632 465 inter
1647 444 1708 473 que
1721 435 1832 464 civitas
1846 434 2044 463 Acconensis
2059 435 2159 468 venit,

1153 490 1231 528 proh
1247 490 1353 520 dolor!
1372 490 1497 520 noviter
1512 490 1545 519 in
1565 489 1714 524 ruinam3
1738 497 1834 526 quam
1850 487 1924 517 licet
1943 496 2075 517 romana
2090 496 2160 516 ma-

1153 547 1200 572 ter
1222 542 1354 572 ecclesia
1375 542 1514 572 studiose
1535 542 1636 571 vitare
1654 541 1831 576 studuerit,
1850 541 1969 569 civitati
1990 540 2107 576 eidem,
2129 545 2163 569 ut

1152 596 1291 635 passagii
1305 596 1463 633 generalis
1475 595 1648 625 adventum
1663 594 1824 624 sufficeret
1838 598 2013 631 expectare,
2028 593 2062 622 in
2078 593 2161 622 vasis

1153 649 1333 682 maritimis,
1354 648 1444 686 copia
1461 648 1664 683 bellatorum,
1682 647 1867 686 pecuniario
1886 646 2027 676 subsidio
2046 646 2161 675 subve-

1153 701 1272 731 niendo
1289 701 1438 732 sollicite.
1457 706 1549 739 prout
1570 701 1728 738 suggessit
1745 700 1860 729 exinde
1877 699 2025 729 nuntiata
2051 708 2162 728 neces-

1152 755 1227 784 sitas
1244 759 1273 784 et.
1290 755 1386 784 series
1404 764 1498 793 super
1514 754 1572 783 hoc
1588 753 1690 783 oblate
1706 754 1868 792 petitionis
1890 754 2005 791 exegit,
2023 752 2160 782 nichilo-

1153 808 1261 837 minus
1283 813 1388 836 tamen
1409 808 1519 836 civitas
1540 806 1649 836 eadem
1673 807 1717 836 sic
1744 810 1887 844 prompto
1905 806 2006 844 ipsius
2031 806 2162 836 ecclesie

1153 861 1232 890 fulta
1247 861 1409 898 suffragio,
1425 861 1469 890 sic
1480 860 1653 898 diligenter
1668 860 1835 894 instructa,
1848 865 1918 898 post
1932 860 2090 889 artissime
2106 860 2162 889 ob-

1153 914 1288 943 sidionis
1305 914 1504 948 instantiam,
1525 922 1620 952 quam
1638 916 1747 943 contra
1764 922 1832 942 eam
1852 914 1885 942 in
1905 913 1995 950 gravi
2015 913 2161 943 multitu-

1153 967 1229 997 dine
1245 967 1455 1005 quadraginta
1477 971 1507 995 et
1529 970 1665 1004 quatuor
1687 966 1799 995 diebus
1818 965 2002 995 Babilonice
2020 975 2163 1003 persecu-

1155 1020 1251 1050 tionis
1267 1020 1410 1058 pertinax
1427 1020 1627 1049 continuavit
1639 1019 1803 1051 instantia,
1822 1019 1872 1047 die
1887 1023 2045 1056 noctuque
2062 1019 2163 1057 ipsam

1154 1073 1377 1111 frequentibus
1396 1072 1587 1102 terribilium
1606 1072 1833 1101 machinarum
1853 1071 1970 1101 ictibus
1986 1071 2162 1101 atterendo.

1154 1125 1338 1155 renovando
1361 1125 1493 1155 infestos
1514 1125 1606 1164 quasi
1630 1125 1781 1154 continue
1803 1125 1864 1154 sibi
1885 1124 2090 1154 succedentes
2112 1125 2163 1153 iu-

1155 1178 1268 1215 sultuS,
1282 1183 1312 1208 et
1324 1179 1424 1217 ipsius
1436 1179 1532 1208 etiam
1547 1179 1655 1208 menia
1667 1177 1799 1208 occultis
1813 1178 1979 1208 arietando
1991 1177 2162 1213 cuniculis,

1155 1232 1234 1262 heu!
1254 1237 1327 1261 ante
1343 1232 1456 1261 faciem
1475 1231 1736 1270 persequentium
1753 1231 1868 1261 cecidit
1884 1235 2035 1269 occupata
2051 1236 2081 1260 et
2095 1231 2163 1268 igni

1156 1286 1294 1324 exposita
1319 1294 1375 1323 per
1396 1285 1540 1321 eosdem,
1566 1284 1760 1314 christicolis
1782 1285 1883 1323 ipsam
1907 1284 2164 1314 inhabitantibus

1156 1348 1211 1378 pro
1236 1342 1323 1377 parte
1349 1339 1488 1368 maxima
1514 1339 1547 1368 in
1577 1338 1676 1375 gladii
1701 1347 1756 1368 ore
1786 1338 1989 1373 cadentibus,
2017 1337 2163 1376 reliquis,

1157 1398 1260 1431 preter
1275 1392 1346 1422 illos
1362 1393 1415 1431 qui
1434 1393 1507 1429 fuge
1525 1391 1649 1421 navalis
1669 1400 1797 1421 evasere
1813 1391 1967 1430 presidio,
1987 1391 2162 1430 captivatis,

1157 1451 1186 1475 et
1198 1446 1335 1484 Tyreusi
1351 1446 1479 1475 civitate
1496 1445 1600 1474 valido
1617 1445 1750 1483 proinde
1769 1449 1887 1474 terrore
1904 1453 2056 1474 concussa
2072 1445 2164 1483 quasi

1157 1509 1173 1529 e
1190 1499 1339 1536 vestigio,
1356 1499 1423 1536 ejus
1440 1503 1486 1527 est
1503 1498 1621 1527 deditio
1639 1497 1817 1527 subsecuta.
1835 1497 1915 1527 Cum
1937 1497 2034 1535 igitur
2052 1497 2165 1535 hujus-

1157 1552 1244 1582 modi
1260 1552 1319 1581 Dei
1335 1556 1366 1581 et
1384 1551 1479 1581 totius
1494 1551 1737 1581 christianitatis
1756 1551 1921 1588 negotium
1938 1551 2043 1580 cuncti
2059 1550 2166 1580 catho-

1156 1605 1209 1636 lici
1229 1614 1320 1644 reges
1343 1610 1373 1635 et
1388 1605 1548 1644 principes
1564 1605 1651 1634 orbis
1672 1609 1752 1634 terre
1768 1604 1855 1634 cordi
1874 1604 2038 1642 potissime
2054 1613 2165 1642 gerere

1156 1659 1292 1689 debeant
1308 1663 1338 1688 et
1353 1659 1560 1688 vehementer
1575 1658 1670 1693 affici,
1688 1658 1771 1688 circa
1785 1657 1867 1687 illud
1884 1666 1976 1696 opem
1993 1662 2023 1687 et
2037 1666 2165 1696 operam

1156 1713 1372 1752 impendendo
1392 1712 1561 1741 sollicitam
1576 1735 1583 1748 ,
1610 1717 1644 1741 ut
1671 1712 1814 1741 votivum
1830 1735 1837 1748 ,
1865 1715 1991 1741 auctore
2013 1712 2163 1748 Domino,

1157 1767 1277 1796 exitum
1293 1766 1454 1801 sortiatur,
1472 1766 1676 1795 serenitatem
1697 1765 1819 1802 regiam
1841 1773 1991 1802 rogamus
2011 1769 2041 1795 et
2057 1765 2166 1795 horta-

1157 1830 1229 1850 mur
1243 1823 1378 1854 attente‚
1396 1820 1552 1849 instanter
1567 1819 1766 1857 requirimus
1783 1823 1814 1849 et
1829 1819 2032 1849 obsecramus
2047 1819 2081 1848 in
2098 1819 2167 1849 filio

1157 1875 1218 1905 Dei
1233 1874 1331 1913 patris
1346 1873 1510 1913 quatinus,
1525 1873 1610 1903 clara
1627 1873 1869 1911 progenitorum
1888 1877 2014 1902 tuorum
2031 1873 2167 1910 vestigia

1156 1936 1330 1965 eorumque
1348 1935 1443 1965 opera
1465 1926 1596 1955 imitans
1616 1925 1742 1964 pietatis
1757 1949 1762 1960 ,
1787 1926 1842 1963 qui
1860 1925 1926 1955 zelo
1943 1925 2121 1955 devotionis
2137 1930 2167 1955 et

1155 1981 1231 2011 fidei
1247 1981 1369 2010 fervore
1383 1979 1540 2015 succensi,
1554 1987 1610 2017 pro
1623 1983 1706 2008 terra
1718 1978 1787 2016 ipsa
1801 1982 2017 2016 exposuerunt
2030 1977 2166 2007 totaliter

1155 2044 1188 2065 se
1204 2039 1234 2064 et
1248 2043 1315 2069 sua,
1334 2034 1372 2063 oh
1388 2033 1602 2062 reverentiam
1617 2032 1694 2062 Jesu
1712 2031 1844 2067 Christi,
1863 2031 1920 2070 qui
1933 2039 1988 2069 pro
2007 2035 2034 2060 te
2049 2040 2081 2060 se
2097 2031 2166 2061 dire

1155 2087 1265 2117 mortis
1283 2087 1425 2125 exposuit
1443 2085 1584 2125 passioni
1600 2109 1606 2120 ,
1623 2085 1667 2114 sic
1693 2089 1719 2114 te
1740 2084 1846 2123 ipsum
1868 2089 1898 2114 et
1918 2093 2055 2121 regnum
2073 2088 2165 2113 tuum

1156 2140 1275 2178 tibique
1292 2139 1448 2178 subjectos
1462 2138 1501 2167 ad
1518 2137 1695 2176 predictum
1714 2137 1878 2175 negotium
1897 2140 1927 2166 et
1943 2145 1999 2175 pro
2015 2136 2084 2174 ipso
2100 2136 2164 2166 dis-

1155 2202 1252 2233 ponas
1268 2197 1301 2222 ut
1314 2191 1394 2221 illud
1407 2197 1458 2221 tuo
1470 2195 1500 2220 et
1515 2190 1651 2220 aliorum
1669 2198 1782 2228 regum
1800 2194 1831 2219 et
1845 2189 2031 2228 principum
2046 2189 2167 2219 auxilio

1154 2245 1412 2277 circumtulctum
1434 2243 1473 2273 ad
1494 2247 1636 2281 optatum
1655 2243 1821 2279 effectum,
1842 2242 1883 2271 ad
1904 2241 2032 2271 laudem
2051 2242 2111 2272 Dei
2136 2246 2167 2272 et

1154 2299 1247 2329 totius
1274 2296 1514 2327 christianitatis
1542 2296 1715 2331 honorem,
1736 2295 1872 2325 feliciter
1897 2294 2102 2334 perducatur.
2127 2295 2167 2324 Et

1154 2353 1228 2391 quia
1245 2350 1374 2390 provida
1392 2354 1579 2379 cunctorum
1598 2348 1732 2379 consilia
1750 2348 1807 2387 qui
1825 2352 1985 2378 noverunt
2009 2347 2165 2378 conditio-

1155 2415 1229 2435 nem
1251 2405 1348 2434 Terre
1365 2403 1481 2433 Sancte
1501 2402 1700 2433 conveniunt
1721 2406 1752 2431 et
1773 2402 1842 2431 fieri
1861 2401 2056 2440 persuadent
2078 2405 2112 2431 ut
2127 2401 2165 2431 ad

1156 2464 1271 2489 terram
1301 2458 1403 2496 ipsam
1435 2456 1548 2486 navale
1579 2465 1634 2485 seu
1663 2455 1829 2494 galearum
1860 2454 2043 2484 subsidium
2071 2463 2165 2484 cursu

1155 2512 1250 2542 celeri
1267 2511 1433 2549 dirigatur,
1447 2519 1520 2539 cum
1536 2519 1591 2548 per
1603 2509 1662 2539 hoc
1679 2509 1786 2538 eidem
1804 2513 1886 2538 terre
1903 2508 1936 2537 in
1958 2512 2043 2538 tante
2057 2516 2166 2537 neces-

1156 2566 1258 2595 sitatis
1281 2563 1414 2594 articulo
1435 2563 1534 2602 possit
1558 2562 1672 2592 utilius
1699 2567 1729 2592 et
1754 2562 1912 2592 efficatius
1939 2561 2106 2591 subveniri
2129 2569 2165 2590 ac

1155 2618 1262 2649 resisti
1276 2617 1439 2647 conatibus
1456 2620 1485 2646 et
1500 2616 1659 2646 debilitari
1675 2616 1816 2654 potentia
1831 2615 1971 2651 inimici,
1990 2624 2165 2653 quesumus

1156 2677 1190 2702 ut
1205 2672 1307 2701 eidem
1324 2675 1405 2700 terre
1417 2678 1512 2708 super
1526 2674 1588 2698 tam
1600 2668 1730 2707 lugubri
1747 2672 1877 2706 tamque
1893 2667 2068 2697 miserabili
2083 2671 2165 2696 statu

1155 2726 1225 2764 ejus
1241 2725 1290 2763 pie
1304 2723 1420 2753 mentis
1435 2722 1602 2752 affectione
1617 2721 1826 2760 compatiens,
1845 2720 1976 2759 suisque
1993 2719 2164 2759 profundis

1155 2777 1317 2808 doloribus
1331 2775 1513 2811 condolens,
1527 2774 1719 2813 hujusmodi
1735 2773 1914 2804 subsidium
1924 2773 2016 2812 juxta
2027 2772 2166 2811 potentie

1155 2835 1207 2861 tue
1221 2831 1303 2860 vires
1314 2833 1343 2859 et
1356 2828 1549 2866 exigentiam
1561 2827 1759 2857 necessitatis
1775 2826 1925 2856 instantis
1937 2825 1977 2855 ad
1990 2825 2163 2863 predictam

1158 2889 1273 2913 terram
1289 2891 1362 2912 cum
1376 2890 1412 2911 ea
1425 2889 1487 2920 qua
1499 2881 1569 2910 fieri
1582 2881 1693 2919 poterit
1703 2879 1934 2910 acceleratione
1953 2878 2161 2907 transmittas.

1156 2937 1223 2966 Nec
1247 2936 1299 2972 sit,
1326 2935 1383 2971 fili,
1411 2933 1600 2964 excellentie
1627 2938 1678 2963 tue
1703 2941 1799 2970 grave
1825 2931 1909 2970 quod
1934 2931 2082 2969 petimus,
2110 2930 2164 2959 sed

1156 2990 1248 3026 illud,
1262 2993 1412 3027 tanquam
1427 2989 1573 3027 princeps
1584 2985 1774 3022 catholicus,
1786 2985 1824 3015 ad
1838 2993 1933 3023 quem
1946 2993 2040 3022 super
2056 2983 2164 3021 hujus>
