<?xml version="1.0" encoding="UTF-8"?>
<!DOCTYPE html PUBLIC "-//W3C//DTD XHTML 1.0 Transitional//EN"
    "http://www.w3.org/TR/xhtml1/DTD/xhtml1-transitional.dtd">
<html xmlns="http://www.w3.org/1999/xhtml" xml:lang="en" lang="en">
 <head>
  <title>
</title>
<meta http-equiv="Content-Type" content="text/html;charset=utf-8" />
  <meta name='ocr-system' content='tesseract 3.04.00' />
  <meta name='ocr-capabilities' content='ocr_page ocr_carea ocr_par ocr_line ocrx_word'/>
</head>
<body>
  <div class='ocr_page' id='page_1' title='image "./lesregistresdeni02romeuoft_0056.png"; bbox 0 0 2393 3496; ppageno 0'>
   <div class='ocr_carea' id='block_1_1' title="bbox 154 325 1492 364">
    <p class='ocr_par' dir='ltr' id='par_1_1' title="bbox 154 325 1492 364">
     <span class='ocr_line' id='line_1_1' title="bbox 154 325 1492 364; baseline -0.007 -1"><span class='ocrx_word' id='word_1_1' title='bbox 154 336 210 364; x_wconf 78' lang='lat'>730</span> <span class='ocrx_word' id='word_1_2' title='bbox 898 328 1132 359; x_wconf 66' lang='lat' dir='ltr'>til-xuls&#39;l‘liEs</span> <span class='ocrx_word' id='word_1_3' title='bbox 1154 327 1207 356; x_wconf 82' lang='lat' dir='ltr'>DE</span> <span class='ocrx_word' id='word_1_4' title='bbox 1232 325 1414 355; x_wconf 70' lang='lat' dir='ltr'><strong>NICOLAS</strong></span> <span class='ocrx_word' id='word_1_5' title='bbox 1438 326 1492 355; x_wconf 75' lang='lat' dir='ltr'>[v.</span> 
     </span>
    </p>
   </div>
   <div class='ocr_carea' id='block_1_2' title="bbox 153 393 1151 489">
    <p class='ocr_par' dir='ltr' id='par_1_2' title="bbox 153 393 1151 489">
     <span class='ocr_line' id='line_1_2' title="bbox 194 393 1151 432; baseline -0.009 -3"><span class='ocrx_word' id='word_1_6' title='bbox 194 415 206 426; x_wconf 65' lang='lat' dir='ltr'>u</span> <span class='ocrx_word' id='word_1_7' title='bbox 226 399 349 429; x_wconf 70' lang='lat' dir='ltr'>Eximie</span> <span class='ocrx_word' id='word_1_8' title='bbox 363 399 539 428; x_wconf 82' lang='lat' dir='ltr'>devotionis</span> <span class='ocrx_word' id='word_1_9' title='bbox 553 398 719 427; x_wconf 77' lang='lat' dir='ltr'>affectus...</span> <span class='ocrx_word' id='word_1_10' title='bbox 738 412 774 417; x_wconf 84' lang='lat'><strong>—</strong></span> <span class='ocrx_word' id='word_1_11' title='bbox 792 396 862 425; x_wconf 84' lang='lat' dir='ltr'>Dat.</span> <span class='ocrx_word' id='word_1_12' title='bbox 879 394 959 432; x_wconf 85' lang='lat' dir='ltr'>apud</span> <span class='ocrx_word' id='word_1_13' title='bbox 980 393 1151 423; x_wconf 80' lang='lat' dir='ltr'>L&#39;rbemve-</span> 
     </span>
     <span class='ocr_line' id='line_1_3' title="bbox 153 451 853 489; baseline -0.009 -7"><span class='ocrx_word' id='word_1_14' title='bbox 153 457 262 488; x_wconf 70' lang='lat' dir='ltr'>terem,</span> <span class='ocrx_word' id='word_1_15' title='bbox 283 462 299 481; x_wconf 81' lang='lat' dir='ltr'>x</span> <span class='ocrx_word' id='word_1_16' title='bbox 317 451 468 481; x_wconf 73' lang='lat' dir='ltr'>kalendas</span> <span class='ocrx_word' id='word_1_17' title='bbox 482 451 578 489; x_wconf 82' lang='lat' dir='ltr'>junii,</span> <span class='ocrx_word' id='word_1_18' title='bbox 598 458 682 479; x_wconf 81' lang='lat' dir='ltr'>anno</span> <span class='ocrx_word' id='word_1_19' title='bbox 699 452 820 486; x_wconf 77' lang='lat' dir='ltr'>quarto.</span> <span class='ocrx_word' id='word_1_20' title='bbox 841 460 853 473; x_wconf 71' lang='lat' dir='ltr'>n</span> 
     </span>
    </p>
   </div>
   <div class='ocr_carea' id='block_1_3' title="bbox 221 636 1078 671">
    <p class='ocr_par' dir='ltr' id='par_1_3' title="bbox 221 636 1078 671">
     <span class='ocr_line' id='line_1_4' title="bbox 221 636 1078 671; baseline -0.009 0"><span class='ocrx_word' id='word_1_21' title='bbox 221 643 337 671; x_wconf 72' lang='lat'>5285</span> <span class='ocrx_word' id='word_1_22' title='bbox 754 637 881 668; x_wconf 73' lang='lat' dir='ltr'>Orvicto,</span> <span class='ocrx_word' id='word_1_23' title='bbox 898 639 912 664; x_wconf 80' lang='lat'>7</span> <span class='ocrx_word' id='word_1_24' title='bbox 929 637 982 663; x_wconf 81' lang='lat' dir='ltr'>mai</span> <span class='ocrx_word' id='word_1_25' title='bbox 1002 636 1078 663; x_wconf 65' lang='lat'><strong>1291.</strong></span> 
     </span>
    </p>
   </div>
   <div class='ocr_carea' id='block_1_4' title="bbox 187 701 1000 740">
    <p class='ocr_par' dir='ltr' id='par_1_4' title="bbox 187 701 1000 740">
     <span class='ocr_line' id='line_1_5' title="bbox 187 701 1000 740; baseline -0.007 -7"><span class='ocrx_word' id='word_1_26' title='bbox 187 706 370 740; x_wconf 78' lang='lat' dir='ltr'>Dispensatio</span> <span class='ocrx_word' id='word_1_27' title='bbox 386 703 566 730; x_wconf 78' lang='lat' dir='ltr'>matrimonii.</span> <span class='ocrx_word' id='word_1_28' title='bbox 585 702 666 733; x_wconf 57' lang='lat' dir='ltr'>(lieo.</span> <span class='ocrx_word' id='word_1_29' title='bbox 685 702 727 732; x_wconf 69' lang='lat'>46.</span> <span class='ocrx_word' id='word_1_30' title='bbox 745 710 771 728; x_wconf 86' lang='lat' dir='ltr'>c.</span> <span class='ocrx_word' id='word_1_31' title='bbox 788 702 849 731; x_wconf 62' lang='lat'>267,</span> <span class='ocrx_word' id='word_1_32' title='bbox 868 702 886 727; x_wconf 83' lang='lat' dir='ltr'>s.</span> <span class='ocrx_word' id='word_1_33' title='bbox 904 701 936 728; x_wconf 82' lang='lat'>53</span> <span class='ocrx_word' id='word_1_34' title='bbox 953 702 1000 733; x_wconf 58' lang='grc' dir='ltr'>νῦ.)</span> 
     </span>
    </p>
   </div>
   <div class='ocr_carea' id='block_1_5' title="bbox 146 802 1152 1479">
    <p class='ocr_par' dir='ltr' id='par_1_5' title="bbox 146 802 1152 1372">
     <span class='ocr_line' id='line_1_6' title="bbox 193 802 1152 844; baseline -0.002 -10"><span class='ocrx_word' id='word_1_35' title='bbox 193 830 211 836; x_wconf 23' lang='grc' dir='ltr'>Δ.</span> <span class='ocrx_word' id='word_1_36' title='bbox 235 808 365 844; x_wconf 73' lang='lat' dir='ltr'>episcopo</span> <span class='ocrx_word' id='word_1_37' title='bbox 389 805 596 833; x_wconf 74' lang='lat' dir='ltr'>Camerinensi</span> <span class='ocrx_word' id='word_1_38' title='bbox 619 803 790 834; x_wconf 72' lang='lat' dir='ltr'>committit</span> <span class='ocrx_word' id='word_1_39' title='bbox 813 807 845 833; x_wconf 89' lang='lat' dir='ltr'>ut</span> <span class='ocrx_word' id='word_1_40' title='bbox 865 812 938 832; x_wconf 88' lang='lat' dir='ltr'>cum</span> <span class='ocrx_word' id='word_1_41' title='bbox 960 802 1061 832; x_wconf 87' lang='lat' dir='ltr'>nobili</span> <span class='ocrx_word' id='word_1_42' title='bbox 1083 802 1152 832; x_wconf 84' lang='lat' dir='ltr'>viro</span> 
     </span>
     <span class='ocr_line' id='line_1_7' title="bbox 151 854 1150 895; baseline -0.004 -6"><span class='ocrx_word' id='word_1_43' title='bbox 151 858 366 893; x_wconf 79' lang='lat' dir='ltr'>Milleclmcio,</span> <span class='ocrx_word' id='word_1_44' title='bbox 382 862 455 887; x_wconf 90' lang='lat' dir='ltr'>nato</span> <span class='ocrx_word' id='word_1_45' title='bbox 468 857 630 895; x_wconf 78' lang='lat' dir='ltr'>quondam</span> <span class='ocrx_word' id='word_1_46' title='bbox 649 856 858 887; x_wconf 84' lang='lat' dir='ltr'>Bonicomitis</span> <span class='ocrx_word' id='word_1_47' title='bbox 874 856 912 886; x_wconf 89' lang='lat' dir='ltr'>de</span> <span class='ocrx_word' id='word_1_48' title='bbox 927 854 1150 894; x_wconf 84' lang='lat' dir='ltr'>Vallecapana‚</span> 
     </span>
     <span class='ocr_line' id='line_1_8' title="bbox 148 909 1151 947; baseline -0.002 -6"><span class='ocrx_word' id='word_1_49' title='bbox 148 918 177 942; x_wconf 75' lang='lat' dir='ltr'>ot</span> <span class='ocrx_word' id='word_1_50' title='bbox 201 911 298 941; x_wconf 88' lang='lat' dir='ltr'>nobili</span> <span class='ocrx_word' id='word_1_51' title='bbox 322 910 458 940; x_wconf 84' lang='lat' dir='ltr'>muliere</span> <span class='ocrx_word' id='word_1_52' title='bbox 485 911 677 947; x_wconf 78' lang='lat' dir='ltr'>Margareta,</span> <span class='ocrx_word' id='word_1_53' title='bbox 700 915 772 939; x_wconf 87' lang='lat' dir='ltr'>nata</span> <span class='ocrx_word' id='word_1_54' title='bbox 794 909 910 939; x_wconf 89' lang='lat' dir='ltr'>nobilis</span> <span class='ocrx_word' id='word_1_55' title='bbox 931 909 991 938; x_wconf 89' lang='lat' dir='ltr'>viri</span> <span class='ocrx_word' id='word_1_56' title='bbox 1013 909 1151 939; x_wconf 85' lang='lat' dir='ltr'>Petrncii</span> 
     </span>
     <span class='ocr_line' id='line_1_9' title="bbox 148 961 1150 1000; baseline -0.003 -6"><span class='ocrx_word' id='word_1_57' title='bbox 148 965 185 994; x_wconf 80' lang='lat' dir='ltr'>de</span> <span class='ocrx_word' id='word_1_58' title='bbox 202 965 310 993; x_wconf 78' lang='lat' dir='ltr'>Castro</span> <span class='ocrx_word' id='word_1_59' title='bbox 329 963 505 999; x_wconf 78' lang='lat' dir='ltr'>Monticnli,</span> <span class='ocrx_word' id='word_1_60' title='bbox 523 963 762 993; x_wconf 83' lang='lat' dir='ltr'>Camerinensis</span> <span class='ocrx_word' id='word_1_61' title='bbox 778 962 942 998; x_wconf 87' lang='lat' dir='ltr'>dioecesis,</span> <span class='ocrx_word' id='word_1_62' title='bbox 963 962 1030 1000; x_wconf 76' lang='lat' dir='ltr'>qui,</span> <span class='ocrx_word' id='word_1_63' title='bbox 1050 961 1089 991; x_wconf 88' lang='lat' dir='ltr'>ad</span> <span class='ocrx_word' id='word_1_64' title='bbox 1106 971 1150 991; x_wconf 89' lang='lat' dir='ltr'>se-</span> 
     </span>
     <span class='ocr_line' id='line_1_10' title="bbox 147 1015 1152 1054; baseline -0.003 -8"><span class='ocrx_word' id='word_1_65' title='bbox 147 1017 268 1046; x_wconf 80' lang='lat' dir='ltr'>dandas</span> <span class='ocrx_word' id='word_1_66' title='bbox 287 1025 398 1054; x_wconf 71' lang='lat' dir='ltr'>graves</span> <span class='ocrx_word' id='word_1_67' title='bbox 417 1016 601 1045; x_wconf 71' lang='lat' dir='ltr'>inimicitias</span> <span class='ocrx_word' id='word_1_68' title='bbox 617 1017 701 1045; x_wconf 87' lang='lat' dir='ltr'>inter</span> <span class='ocrx_word' id='word_1_69' title='bbox 719 1020 863 1054; x_wconf 83' lang='lat' dir='ltr'>parentes</span> <span class='ocrx_word' id='word_1_70' title='bbox 879 1019 908 1044; x_wconf 89' lang='lat' dir='ltr'>et</span> <span class='ocrx_word' id='word_1_71' title='bbox 923 1015 1042 1044; x_wconf 87' lang='lat' dir='ltr'>amicos</span> <span class='ocrx_word' id='word_1_72' title='bbox 1061 1023 1152 1045; x_wconf 88' lang='lat' dir='ltr'>exor-</span> 
     </span>
     <span class='ocr_line' id='line_1_11' title="bbox 150 1068 1149 1107; baseline -0.001 -8"><span class='ocrx_word' id='word_1_73' title='bbox 150 1075 209 1105; x_wconf 87' lang='lat' dir='ltr'>tas,</span> <span class='ocrx_word' id='word_1_74' title='bbox 227 1069 386 1107; x_wconf 77' lang='lat' dir='ltr'>sponsalia</span> <span class='ocrx_word' id='word_1_75' title='bbox 411 1078 465 1107; x_wconf 86' lang='lat' dir='ltr'>per</span> <span class='ocrx_word' id='word_1_76' title='bbox 488 1069 583 1097; x_wconf 73' lang='lat' dir='ltr'>verba</span> <span class='ocrx_word' id='word_1_77' title='bbox 605 1069 644 1098; x_wconf 91' lang='lat' dir='ltr'>de</span> <span class='ocrx_word' id='word_1_78' title='bbox 670 1069 791 1102; x_wconf 74' lang='lat' dir='ltr'>futuro,</span> <span class='ocrx_word' id='word_1_79' title='bbox 811 1069 991 1106; x_wconf 85' lang='lat' dir='ltr'>juramento</span> <span class='ocrx_word' id='word_1_80' title='bbox 1008 1068 1149 1104; x_wconf 84' lang='lat' dir='ltr'>firmata,</span> 
     </span>
     <span class='ocr_line' id='line_1_12' title="bbox 148 1121 1151 1160; baseline -0.001 -9"><span class='ocrx_word' id='word_1_81' title='bbox 148 1125 230 1152; x_wconf 78' lang='lat' dir='ltr'>inter</span> <span class='ocrx_word' id='word_1_82' title='bbox 241 1132 272 1152; x_wconf 84' lang='lat' dir='ltr'>se</span> <span class='ocrx_word' id='word_1_83' title='bbox 285 1127 520 1157; x_wconf 85' lang='lat' dir='ltr'>contraxerunt,</span> <span class='ocrx_word' id='word_1_84' title='bbox 531 1121 643 1160; x_wconf 83' lang='lat' dir='ltr'>copula</span> <span class='ocrx_word' id='word_1_85' title='bbox 655 1122 738 1150; x_wconf 87' lang='lat' dir='ltr'>inter</span> <span class='ocrx_word' id='word_1_86' title='bbox 750 1129 801 1151; x_wconf 88' lang='lat' dir='ltr'>eos</span> <span class='ocrx_word' id='word_1_87' title='bbox 814 1129 877 1150; x_wconf 88' lang='lat' dir='ltr'>non</span> <span class='ocrx_word' id='word_1_88' title='bbox 889 1121 1071 1157; x_wconf 85' lang='lat' dir='ltr'>subsecuta,</span> <span class='ocrx_word' id='word_1_89' title='bbox 1084 1121 1151 1150; x_wconf 89' lang='lat' dir='ltr'>dis-</span> 
     </span>
     <span class='ocr_line' id='line_1_13' title="bbox 148 1174 1149 1214; baseline 0 -10"><span class='ocrx_word' id='word_1_90' title='bbox 148 1182 255 1214; x_wconf 75' lang='lat' dir='ltr'>penset</span> <span class='ocrx_word' id='word_1_91' title='bbox 281 1180 313 1204; x_wconf 93' lang='lat' dir='ltr'>ut</span> <span class='ocrx_word' id='word_1_92' title='bbox 338 1175 577 1204; x_wconf 74' lang='lat' dir='ltr'>matrimonium</span> <span class='ocrx_word' id='word_1_93' title='bbox 602 1174 789 1204; x_wconf 76' lang='lat' dir='ltr'>contrahere</span> <span class='ocrx_word' id='word_1_94' title='bbox 809 1174 946 1211; x_wconf 73' lang='lat' dir='ltr'>valeant,</span> <span class='ocrx_word' id='word_1_95' title='bbox 963 1183 1149 1213; x_wconf 84' lang='lat' dir='ltr'>quanquam</span> 
     </span>
     <span class='ocr_line' id='line_1_14' title="bbox 147 1228 1149 1266; baseline 0 -9"><span class='ocrx_word' id='word_1_96' title='bbox 147 1229 307 1266; x_wconf 84' lang='lat' dir='ltr'>quondam</span> <span class='ocrx_word' id='word_1_97' title='bbox 325 1228 518 1261; x_wconf 73' lang='lat' dir='ltr'>Mausredns,</span> <span class='ocrx_word' id='word_1_98' title='bbox 534 1228 609 1257; x_wconf 89' lang='lat' dir='ltr'>olim</span> <span class='ocrx_word' id='word_1_99' title='bbox 627 1228 771 1266; x_wconf 85' lang='lat' dir='ltr'>ejusdem</span> <span class='ocrx_word' id='word_1_100' title='bbox 788 1228 985 1265; x_wconf 85' lang='lat' dir='ltr'>Margaretae</span> <span class='ocrx_word' id='word_1_101' title='bbox 1001 1228 1149 1264; x_wconf 88' lang='lat' dir='ltr'>maritus,</span> 
     </span>
     <span class='ocr_line' id='line_1_15' title="bbox 147 1280 1151 1319; baseline 0.001 -9"><span class='ocrx_word' id='word_1_102' title='bbox 147 1282 322 1319; x_wconf 79' lang='lat' dir='ltr'>praefatum</span> <span class='ocrx_word' id='word_1_103' title='bbox 351 1281 590 1310; x_wconf 75' lang='lat' dir='ltr'>Millcclincinm</span> <span class='ocrx_word' id='word_1_104' title='bbox 615 1286 727 1319; x_wconf 80' lang='lat' dir='ltr'>quarta</span> <span class='ocrx_word' id='word_1_105' title='bbox 752 1280 1040 1318; x_wconf 74' lang='lat' dir='ltr'>consanguinitatis</span> <span class='ocrx_word' id='word_1_106' title='bbox 1066 1281 1151 1311; x_wconf 87' lang='lat' dir='ltr'>linea</span> 
     </span>
     <span class='ocr_line' id='line_1_16' title="bbox 146 1335 358 1372; baseline 0.005 -10"><span class='ocrx_word' id='word_1_107' title='bbox 146 1335 358 1372; x_wconf 79' lang='lat' dir='ltr'>contingebat.</span> 
     </span>
    </p>

    <p class='ocr_par' dir='ltr' id='par_1_6' title="bbox 147 1387 1148 1479">
     <span class='ocr_line' id='line_1_17' title="bbox 187 1387 1148 1425; baseline 0 -8"><span class='ocrx_word' id='word_1_108' title='bbox 187 1400 200 1413; x_wconf 71' lang='grc' dir='ltr'>ι(</span> <span class='ocrx_word' id='word_1_109' title='bbox 229 1388 319 1417; x_wconf 74' lang='lat' dir='ltr'>Lecta</span> <span class='ocrx_word' id='word_1_110' title='bbox 344 1396 447 1417; x_wconf 86' lang='lat' dir='ltr'>coram</span> <span class='ocrx_word' id='word_1_111' title='bbox 470 1388 599 1417; x_wconf 81' lang='lat' dir='ltr'>nobis...</span> <span class='ocrx_word' id='word_1_112' title='bbox 618 1403 657 1409; x_wconf 97' lang='lat'>—-</span> <span class='ocrx_word' id='word_1_113' title='bbox 673 1388 743 1417; x_wconf 88' lang='lat' dir='ltr'>Dat.</span> <span class='ocrx_word' id='word_1_114' title='bbox 763 1387 846 1425; x_wconf 87' lang='lat' dir='ltr'>apud</span> <span class='ocrx_word' id='word_1_115' title='bbox 870 1387 1148 1422; x_wconf 85' lang='lat' dir='ltr'>Urbemveterem,</span> 
     </span>
     <span class='ocr_line' id='line_1_18' title="bbox 147 1441 620 1479; baseline -0.002 -9"><span class='ocrx_word' id='word_1_116' title='bbox 147 1442 240 1471; x_wconf 89' lang='lat' dir='ltr'>nonis</span> <span class='ocrx_word' id='word_1_117' title='bbox 256 1441 344 1477; x_wconf 86' lang='lat' dir='ltr'>maii,</span> <span class='ocrx_word' id='word_1_118' title='bbox 365 1449 449 1470; x_wconf 88' lang='lat' dir='ltr'>anno</span> <span class='ocrx_word' id='word_1_119' title='bbox 465 1446 586 1479; x_wconf 86' lang='lat' dir='ltr'>quarto.</span> <span class='ocrx_word' id='word_1_120' title='bbox 608 1454 620 1467; x_wconf 63' lang='lat' dir='ltr'>&gt;v</span> 
     </span>
    </p>
   </div>
   <div class='ocr_carea' id='block_1_6' title="bbox 215 1627 332 1655">
    <p class='ocr_par' dir='ltr' id='par_1_7' title="bbox 215 1627 332 1655">
     <span class='ocr_line' id='line_1_19' title="bbox 215 1627 332 1655; baseline 0.009 -1"><span class='ocrx_word' id='word_1_121' title='bbox 215 1627 332 1655; x_wconf 70' lang='lat'>5286</span> 
     </span>
    </p>
   </div>
   <div class='ocr_carea' id='block_1_7' title="bbox 180 1688 1150 1726">
    <p class='ocr_par' dir='ltr' id='par_1_8' title="bbox 180 1688 1150 1726">
     <span class='ocr_line' id='line_1_20' title="bbox 180 1688 1150 1726; baseline 0.002 -11"><span class='ocrx_word' id='word_1_122' title='bbox 180 1689 363 1723; x_wconf 69' lang='lat' dir='ltr'>Dispensatio</span> <span class='ocrx_word' id='word_1_123' title='bbox 375 1697 461 1724; x_wconf 82' lang='lat' dir='ltr'>super</span> <span class='ocrx_word' id='word_1_124' title='bbox 476 1688 587 1715; x_wconf 72' lang='lat' dir='ltr'>defectu</span> <span class='ocrx_word' id='word_1_125' title='bbox 605 1689 748 1716; x_wconf 79' lang='lat' dir='ltr'>natalium.</span> <span class='ocrx_word' id='word_1_126' title='bbox 762 1689 845 1724; x_wconf 67' lang='lat' dir='ltr'>(Rea.</span> <span class='ocrx_word' id='word_1_127' title='bbox 858 1690 898 1721; x_wconf 74' lang='lat'>46,</span> <span class='ocrx_word' id='word_1_128' title='bbox 911 1698 936 1716; x_wconf 89' lang='lat' dir='ltr'>c.</span> <span class='ocrx_word' id='word_1_129' title='bbox 951 1690 1012 1722; x_wconf 72' lang='lat'><strong>⁶268,</strong></span> <span class='ocrx_word' id='word_1_130' title='bbox 1026 1692 1045 1717; x_wconf 51' lang='lat' dir='ltr'>f-</span> <span class='ocrx_word' id='word_1_131' title='bbox 1058 1691 1090 1717; x_wconf 68' lang='lat'>53</span> <span class='ocrx_word' id='word_1_132' title='bbox 1103 1691 1150 1726; x_wconf 62' lang='lat'>1⁸⁰.)</span> 
     </span>
    </p>
   </div>
   <div class='ocr_carea' id='block_1_8' title="bbox 735 1627 1076 1658">
    <p class='ocr_par' dir='ltr' id='par_1_9' title="bbox 735 1627 1076 1658">
     <span class='ocr_line' id='line_1_21' title="bbox 735 1627 1076 1658; baseline 0.006 -6"><span class='ocrx_word' id='word_1_133' title='bbox 735 1627 862 1658; x_wconf 71' lang='lat' dir='ltr'>Orviet0‚</span> <span class='ocrx_word' id='word_1_134' title='bbox 880 1627 912 1654; x_wconf 74' lang='lat'>15</span> <span class='ocrx_word' id='word_1_135' title='bbox 927 1628 981 1654; x_wconf 85' lang='lat' dir='ltr'>mai</span> <span class='ocrx_word' id='word_1_136' title='bbox 1000 1628 1076 1655; x_wconf 62' lang='lat'><strong>1391.</strong></span> 
     </span>
    </p>
   </div>
   <div class='ocr_carea' id='block_1_9' title="bbox 141 1792 1151 2308">
    <p class='ocr_par' dir='ltr' id='par_1_10' title="bbox 141 1792 1151 2199">
     <span class='ocr_line' id='line_1_22' title="bbox 185 1792 1151 1829; baseline 0.003 -9"><span class='ocrx_word' id='word_1_137' title='bbox 185 1793 305 1820; x_wconf 58' lang='lat' dir='ltr'>[fobet-lo</span> <span class='ocrx_word' id='word_1_138' title='bbox 323 1792 435 1820; x_wconf 75' lang='lat' dir='ltr'>liultc’ri</span> <span class='ocrx_word' id='word_1_139' title='bbox 451 1792 525 1820; x_wconf 63' lang='lat' dir='ltr'>dicti&amp;</span> <span class='ocrx_word' id='word_1_140' title='bbox 540 1792 663 1820; x_wconf 57' lang='lat' dir='ltr'>,ilirard</span> <span class='ocrx_word' id='word_1_141' title='bbox 679 1792 713 1821; x_wconf 75' lang='lat' dir='ltr'>tle</span> <span class='ocrx_word' id='word_1_142' title='bbox 734 1793 928 1829; x_wconf 74' lang='lat' dir='ltr'>ll&#39;yclyltulhe,</span> <span class='ocrx_word' id='word_1_143' title='bbox 943 1795 1089 1823; x_wconf 73' lang='lat' dir='ltr'>canonico</span> <span class='ocrx_word' id='word_1_144' title='bbox 1104 1804 1151 1823; x_wconf 80' lang='lat' dir='ltr'>ca-</span> 
     </span>
     <span class='ocr_line' id='line_1_23' title="bbox 141 1845 1149 1882; baseline 0.005 -10"><span class='ocrx_word' id='word_1_145' title='bbox 141 1845 216 1880; x_wconf 79' lang='lat' dir='ltr'>pelle</span> <span class='ocrx_word' id='word_1_146' title='bbox 241 1845 324 1873; x_wconf 72' lang='lat' dir='ltr'>Beate</span> <span class='ocrx_word' id='word_1_147' title='bbox 344 1845 438 1873; x_wconf 68' lang='lat' dir='ltr'>Mario</span> <span class='ocrx_word' id='word_1_148' title='bbox 461 1845 492 1873; x_wconf 63' lang='lat' dir='ltr'>tle</span> <span class='ocrx_word' id='word_1_149' title='bbox 516 1846 676 1882; x_wconf 61' lang='lat' dir='ltr'>Haszinye,</span> <span class='ocrx_word' id='word_1_150' title='bbox 701 1846 890 1875; x_wconf 76' lang='lat' dir='ltr'>Cicestrensz&#39;s</span> <span class='ocrx_word' id='word_1_151' title='bbox 913 1847 1050 1882; x_wconf 69' lang='lat' dir='ltr'>diocesis,</span> <span class='ocrx_word' id='word_1_152' title='bbox 1076 1856 1149 1877; x_wconf 86' lang='lat' dir='ltr'>cum</span> 
     </span>
     <span class='ocr_line' id='line_1_24' title="bbox 144 1896 1150 1937; baseline 0.005 -12"><span class='ocrx_word' id='word_1_153' title='bbox 144 1905 206 1934; x_wconf 77' lang='lat' dir='ltr'>quo</span> <span class='ocrx_word' id='word_1_154' title='bbox 226 1896 302 1926; x_wconf 88' lang='lat' dir='ltr'>olim</span> <span class='ocrx_word' id='word_1_155' title='bbox 327 1897 387 1926; x_wconf 79' lang='lat' dir='ltr'>suit</span> <span class='ocrx_word' id='word_1_156' title='bbox 409 1906 426 1926; x_wconf 92' lang='lat' dir='ltr'>a</span> <span class='ocrx_word' id='word_1_157' title='bbox 446 1896 598 1934; x_wconf 76' lang='lat' dir='ltr'>Gregorio</span> <span class='ocrx_word' id='word_1_158' title='bbox 624 1897 667 1927; x_wconf 73' lang='grc' dir='ltr'>Χο</span> <span class='ocrx_word' id='word_1_159' title='bbox 687 1898 907 1936; x_wconf 86' lang='lat' dir='ltr'>dispensatum</span> <span class='ocrx_word' id='word_1_160' title='bbox 932 1904 979 1937; x_wconf 83' lang='lat' dir='ltr'>ut,</span> <span class='ocrx_word' id='word_1_161' title='bbox 1004 1908 1069 1929; x_wconf 87' lang='lat' dir='ltr'>non</span> <span class='ocrx_word' id='word_1_162' title='bbox 1093 1901 1150 1930; x_wconf 88' lang='lat' dir='ltr'>ob-</span> 
     </span>
     <span class='ocr_line' id='line_1_25' title="bbox 143 1949 1150 1991; baseline 0.006 -13"><span class='ocrx_word' id='word_1_163' title='bbox 143 1953 245 1978; x_wconf 85' lang='lat' dir='ltr'>stante</span> <span class='ocrx_word' id='word_1_164' title='bbox 264 1949 386 1979; x_wconf 81' lang='lat' dir='ltr'>defectu</span> <span class='ocrx_word' id='word_1_165' title='bbox 406 1950 561 1979; x_wconf 87' lang='lat' dir='ltr'>natalium</span> <span class='ocrx_word' id='word_1_166' title='bbox 582 1959 677 1989; x_wconf 80' lang='lat' dir='ltr'>quen]</span> <span class='ocrx_word' id='word_1_167' title='bbox 697 1951 824 1989; x_wconf 78' lang='lat' dir='ltr'>patitur,</span> <span class='ocrx_word' id='word_1_168' title='bbox 846 1951 884 1981; x_wconf 87' lang='lat' dir='ltr'>de</span> <span class='ocrx_word' id='word_1_169' title='bbox 902 1952 1005 1983; x_wconf 90' lang='lat' dir='ltr'>soluto</span> <span class='ocrx_word' id='word_1_170' title='bbox 1020 1954 1150 1991; x_wconf 79' lang='lat' dir='ltr'>genitus</span> 
     </span>
     <span class='ocr_line' id='line_1_26' title="bbox 144 2002 1150 2042; baseline 0.006 -11"><span class='ocrx_word' id='word_1_171' title='bbox 144 2008 173 2031; x_wconf 87' lang='lat' dir='ltr'>et</span> <span class='ocrx_word' id='word_1_172' title='bbox 189 2002 301 2034; x_wconf 81' lang='lat' dir='ltr'>solnta.</span> <span class='ocrx_word' id='word_1_173' title='bbox 322 2002 360 2031; x_wconf 89' lang='lat' dir='ltr'>ad</span> <span class='ocrx_word' id='word_1_174' title='bbox 380 2012 491 2032; x_wconf 82' lang='lat' dir='ltr'>omnes</span> <span class='ocrx_word' id='word_1_175' title='bbox 507 2003 634 2033; x_wconf 81' lang='lat' dir='ltr'>ordines</span> <span class='ocrx_word' id='word_1_176' title='bbox 653 2005 832 2042; x_wconf 83' lang='lat' dir='ltr'>promoveri</span> <span class='ocrx_word' id='word_1_177' title='bbox 851 2010 880 2034; x_wconf 88' lang='lat' dir='ltr'>et</span> <span class='ocrx_word' id='word_1_178' title='bbox 898 2005 1150 2037; x_wconf 79' lang='lat' dir='ltr'>ecclesiasticum</span> 
     </span>
     <span class='ocr_line' id='line_1_27' title="bbox 142 2055 1151 2098; baseline 0.006 -14"><span class='ocrx_word' id='word_1_179' title='bbox 142 2055 335 2085; x_wconf 85' lang='lat' dir='ltr'>beneficium</span> <span class='ocrx_word' id='word_1_180' title='bbox 354 2056 493 2094; x_wconf 79' lang='lat' dir='ltr'>recipere</span> <span class='ocrx_word' id='word_1_181' title='bbox 511 2061 626 2094; x_wconf 80' lang='lat' dir='ltr'>posset.</span> <span class='ocrx_word' id='word_1_182' title='bbox 647 2056 727 2086; x_wconf 88' lang='lat' dir='ltr'>Cum</span> <span class='ocrx_word' id='word_1_183' title='bbox 748 2066 784 2087; x_wconf 88' lang='lat' dir='ltr'>eo</span> <span class='ocrx_word' id='word_1_184' title='bbox 804 2067 915 2088; x_wconf 86' lang='lat' dir='ltr'>rursus</span> <span class='ocrx_word' id='word_1_185' title='bbox 935 2058 1099 2098; x_wconf 77' lang='lat' dir='ltr'>dispensat</span> <span class='ocrx_word' id='word_1_186' title='bbox 1118 2066 1151 2090; x_wconf 92' lang='lat' dir='ltr'>nt</span> 
     </span>
     <span class='ocr_line' id='line_1_28' title="bbox 142 2108 1148 2152; baseline 0.007 -16"><span class='ocrx_word' id='word_1_187' title='bbox 142 2108 329 2145; x_wconf 83' lang='lat' dir='ltr'>dignitatem</span> <span class='ocrx_word' id='word_1_188' title='bbox 350 2108 398 2137; x_wconf 77' lang='lat' dir='ltr'>vel</span> <span class='ocrx_word' id='word_1_189' title='bbox 416 2114 630 2147; x_wconf 75' lang='lat' dir='ltr'>personatum,</span> <span class='ocrx_word' id='word_1_190' title='bbox 649 2110 804 2147; x_wconf 75' lang='lat' dir='ltr'>dignitate</span> <span class='ocrx_word' id='word_1_191' title='bbox 822 2111 993 2150; x_wconf 84' lang='lat' dir='ltr'>episcopali</span> <span class='ocrx_word' id='word_1_192' title='bbox 1010 2118 1148 2152; x_wconf 82' lang='lat' dir='ltr'>excepta,</span> 
     </span>
     <span class='ocr_line' id='line_1_29' title="bbox 144 2161 408 2199; baseline 0 -9"><span class='ocrx_word' id='word_1_193' title='bbox 144 2162 279 2199; x_wconf 78' lang='lat' dir='ltr'>recipere</span> <span class='ocrx_word' id='word_1_194' title='bbox 298 2161 408 2191; x_wconf 76' lang='lat' dir='ltr'>valeat.</span> 
     </span>
    </p>

    <p class='ocr_par' dir='ltr' id='par_1_11' title="bbox 144 2215 1150 2308">
     <span class='ocr_line' id='line_1_30' title="bbox 184 2215 1150 2257; baseline 0.007 -14"><span class='ocrx_word' id='word_1_195' title='bbox 184 2227 196 2239; x_wconf 66' lang='grc' dir='ltr'>α</span> <span class='ocrx_word' id='word_1_196' title='bbox 219 2215 389 2252; x_wconf 64' lang='lat' dir='ltr'>illegitime</span> <span class='ocrx_word' id='word_1_197' title='bbox 405 2217 530 2253; x_wconf 77' lang='lat' dir='ltr'>genitos</span> <span class='ocrx_word' id='word_1_198' title='bbox 550 2226 665 2255; x_wconf 74' lang='lat' dir='ltr'>quos...</span> <span class='ocrx_word' id='word_1_199' title='bbox 687 2233 726 2240; x_wconf 88' lang='lat'>—</span> <span class='ocrx_word' id='word_1_200' title='bbox 747 2218 816 2247; x_wconf 85' lang='lat' dir='ltr'>Dat.</span> <span class='ocrx_word' id='word_1_201' title='bbox 837 2219 921 2257; x_wconf 90' lang='lat' dir='ltr'>apud</span> <span class='ocrx_word' id='word_1_202' title='bbox 941 2220 1150 2250; x_wconf 86' lang='lat' dir='ltr'>Urhemvete-</span> 
     </span>
     <span class='ocr_line' id='line_1_31' title="bbox 144 2268 782 2308; baseline 0.003 -12"><span class='ocrx_word' id='word_1_203' title='bbox 144 2277 221 2304; x_wconf 53' lang='lat' dir='ltr'>rem2</span> <span class='ocrx_word' id='word_1_204' title='bbox 242 2268 345 2297; x_wconf 76' lang='lat' dir='ltr'>idibus</span> <span class='ocrx_word' id='word_1_205' title='bbox 365 2270 452 2305; x_wconf 84' lang='lat' dir='ltr'>maii,</span> <span class='ocrx_word' id='word_1_206' title='bbox 470 2279 555 2299; x_wconf 84' lang='lat' dir='ltr'>anno</span> <span class='ocrx_word' id='word_1_207' title='bbox 572 2276 694 2308; x_wconf 81' lang='lat' dir='ltr'>quarto.</span> <span class='ocrx_word' id='word_1_208' title='bbox 715 2283 727 2298; x_wconf 64' lang='lat' dir='ltr'><strong>a</strong></span> <span class='ocrx_word' id='word_1_209' title='bbox 774 2270 782 2274; x_wconf 73' lang='grc'><strong><em>”</em></strong></span> 
     </span>
    </p>
   </div>
   <div class='ocr_carea' id='block_1_10' title="bbox 213 2455 327 2482">
    <p class='ocr_par' dir='ltr' id='par_1_12' title="bbox 213 2455 327 2482">
     <span class='ocr_line' id='line_1_32' title="bbox 213 2455 327 2482; baseline 0.009 -1"><span class='ocrx_word' id='word_1_210' title='bbox 213 2455 327 2482; x_wconf 63' lang='grc' dir='ltr'>ὖξὸῒ</span> 
     </span>
    </p>
   </div>
   <div class='ocr_carea' id='block_1_11' title="bbox 181 2515 1150 2556">
    <p class='ocr_par' dir='ltr' id='par_1_13' title="bbox 181 2515 1150 2556">
     <span class='ocr_line' id='line_1_33' title="bbox 181 2515 1150 2556; baseline 0.011 -17"><span class='ocrx_word' id='word_1_211' title='bbox 181 2515 220 2541; x_wconf 72' lang='lat' dir='ltr'>{je</span> <span class='ocrx_word' id='word_1_212' title='bbox 237 2517 357 2542; x_wconf 73' lang='lat' dir='ltr'>ecclesia</span> <span class='ocrx_word' id='word_1_213' title='bbox 377 2516 549 2551; x_wconf 66' lang='lat' dir='ltr'>Vapinccnsi</span> <span class='ocrx_word' id='word_1_214' title='bbox 569 2519 734 2552; x_wconf 74' lang='lat' dir='ltr'>reparanda.</span> <span class='ocrx_word' id='word_1_215' title='bbox 756 2519 837 2552; x_wconf 70' lang='lat' dir='ltr'>(Heu.</span> <span class='ocrx_word' id='word_1_216' title='bbox 855 2521 897 2554; x_wconf 79' lang='grc'>46,</span> <span class='ocrx_word' id='word_1_217' title='bbox 913 2530 937 2548; x_wconf 83' lang='lat' dir='ltr'>C.</span> <span class='ocrx_word' id='word_1_218' title='bbox 951 2522 1012 2554; x_wconf 59' lang='lat'>269,</span> <span class='ocrx_word' id='word_1_219' title='bbox 1027 2523 1045 2549; x_wconf 88' lang='lat' dir='ltr'>f.</span> <span class='ocrx_word' id='word_1_220' title='bbox 1059 2523 1091 2550; x_wconf 67' lang='lat'>53</span> <span class='ocrx_word' id='word_1_221' title='bbox 1103 2525 1150 2556; x_wconf 62' lang='grc' dir='ltr'>νῦ.)</span> 
     </span>
    </p>
   </div>
   <div class='ocr_carea' id='block_1_12' title="bbox 727 2458 1076 2490">
    <p class='ocr_par' dir='ltr' id='par_1_14' title="bbox 727 2458 1076 2490">
     <span class='ocr_line' id='line_1_34' title="bbox 727 2458 1076 2490; baseline 0.011 -7"><span class='ocrx_word' id='word_1_222' title='bbox 727 2459 859 2490; x_wconf 77' lang='lat' dir='ltr'>Orvieto,</span> <span class='ocrx_word' id='word_1_223' title='bbox 876 2458 909 2485; x_wconf 71' lang='lat'>²23</span> <span class='ocrx_word' id='word_1_224' title='bbox 927 2461 981 2486; x_wconf 85' lang='lat' dir='ltr'>mai</span> <span class='ocrx_word' id='word_1_225' title='bbox 999 2460 1076 2487; x_wconf 74' lang='lat'>1‘291.</span> 
     </span>
    </p>
   </div>
   <div class='ocr_carea' id='block_1_13' title="bbox 142 2617 1151 3031">
    <p class='ocr_par' dir='ltr' id='par_1_15' title="bbox 142 2617 1151 3031">
     <span class='ocr_line' id='line_1_35' title="bbox 184 2617 1150 2664; baseline 0.009 -18"><span class='ocrx_word' id='word_1_226' title='bbox 184 2617 350 2654; x_wconf 75' lang='lat' dir='ltr'>Ganfrsdo,</span> <span class='ocrx_word' id='word_1_227' title='bbox 373 2620 504 2656; x_wconf 75' lang='lat' dir='ltr'>episcopo</span> <span class='ocrx_word' id='word_1_228' title='bbox 535 2620 719 2657; x_wconf 73' lang='lat' dir='ltr'>Vapincensi.</span> <span class='ocrx_word' id='word_1_229' title='bbox 744 2621 953 2660; x_wconf 74' lang='lat' dir='ltr'>Raymundo,</span> <span class='ocrx_word' id='word_1_230' title='bbox 975 2624 1150 2664; x_wconf 86' lang='lat' dir='ltr'>archiepis-</span> 
     </span>
     <span class='ocr_line' id='line_1_36' title="bbox 143 2670 1150 2716; baseline 0.009 -17"><span class='ocrx_word' id='word_1_231' title='bbox 143 2678 219 2708; x_wconf 84' lang='lat' dir='ltr'>copo</span> <span class='ocrx_word' id='word_1_232' title='bbox 241 2670 470 2705; x_wconf 66' lang='lat' dir='ltr'>libredunensi,</span> <span class='ocrx_word' id='word_1_233' title='bbox 491 2677 565 2701; x_wconf 71' lang='lat' dir='ltr'>tnnc</span> <span class='ocrx_word' id='word_1_234' title='bbox 582 2674 727 2712; x_wconf 77' lang='lat' dir='ltr'>episcopo</span> <span class='ocrx_word' id='word_1_235' title='bbox 742 2675 947 2713; x_wconf 65' lang='lat' dir='ltr'>Vapincensi,</span> <span class='ocrx_word' id='word_1_236' title='bbox 967 2678 1150 2716; x_wconf 83' lang='lat' dir='ltr'>praedeces-</span> 
     </span>
     <span class='ocr_line' id='line_1_37' title="bbox 143 2723 1151 2770; baseline 0.01 -19"><span class='ocrx_word' id='word_1_237' title='bbox 143 2724 205 2752; x_wconf 81' lang='lat' dir='ltr'>sori</span> <span class='ocrx_word' id='word_1_238' title='bbox 223 2723 388 2760; x_wconf 73' lang='lat' dir='ltr'>Gauri-idi,</span> <span class='ocrx_word' id='word_1_239' title='bbox 408 2730 604 2755; x_wconf 72' lang='lat' dir='ltr'>concesserat</span> <span class='ocrx_word' id='word_1_240' title='bbox 619 2736 708 2766; x_wconf 81' lang='lat' dir='ltr'>papa,</span> <span class='ocrx_word' id='word_1_241' title='bbox 725 2727 763 2757; x_wconf 85' lang='lat' dir='ltr'>ad</span> <span class='ocrx_word' id='word_1_242' title='bbox 780 2730 1013 2767; x_wconf 77' lang='lat' dir='ltr'>reparationem</span> <span class='ocrx_word' id='word_1_243' title='bbox 1028 2731 1151 2770; x_wconf 89' lang='lat' dir='ltr'>Vapin-</span> 
     </span>
     <span class='ocr_line' id='line_1_38' title="bbox 143 2776 1150 2819; baseline 0.011 -16"><span class='ocrx_word' id='word_1_244' title='bbox 143 2776 246 2805; x_wconf 69' lang='lat' dir='ltr'>censis</span> <span class='ocrx_word' id='word_1_245' title='bbox 263 2776 428 2812; x_wconf 67' lang='lat' dir='ltr'>ecclesiae,</span> <span class='ocrx_word' id='word_1_246' title='bbox 448 2783 600 2808; x_wconf 82' lang='lat' dir='ltr'>vetustate</span> <span class='ocrx_word' id='word_1_247' title='bbox 616 2786 835 2819; x_wconf 75' lang='lat' dir='ltr'>consumptae,</span> <span class='ocrx_word' id='word_1_248' title='bbox 852 2783 985 2819; x_wconf 56' lang='lat' dir='ltr'>finctus,</span> <span class='ocrx_word' id='word_1_249' title='bbox 1007 2784 1150 2814; x_wconf 89' lang='lat' dir='ltr'>redditus</span> 
     </span>
     <span class='ocr_line' id='line_1_39' title="bbox 144 2830 1148 2869; baseline 0.011 -13"><span class='ocrx_word' id='word_1_250' title='bbox 144 2834 171 2857; x_wconf 71' lang='lat' dir='ltr'>et</span> <span class='ocrx_word' id='word_1_251' title='bbox 193 2834 364 2867; x_wconf 80' lang='lat' dir='ltr'>proventus</span> <span class='ocrx_word' id='word_1_252' title='bbox 381 2830 476 2869; x_wconf 82' lang='lat' dir='ltr'>primi</span> <span class='ocrx_word' id='word_1_253' title='bbox 497 2833 573 2861; x_wconf 88' lang='lat' dir='ltr'>anui</span> <span class='ocrx_word' id='word_1_254' title='bbox 592 2834 739 2862; x_wconf 86' lang='lat' dir='ltr'>oninium</span> <span class='ocrx_word' id='word_1_255' title='bbox 756 2834 983 2865; x_wconf 85' lang='lat' dir='ltr'>beneficiorum</span> <span class='ocrx_word' id='word_1_256' title='bbox 1002 2841 1032 2866; x_wconf 88' lang='lat' dir='ltr'>et</span> <span class='ocrx_word' id='word_1_257' title='bbox 1047 2837 1148 2867; x_wconf 86' lang='lat' dir='ltr'>eccle-</span> 
     </span>
     <span class='ocr_line' id='line_1_40' title="bbox 142 2882 1149 2928; baseline 0.01 -18"><span class='ocrx_word' id='word_1_258' title='bbox 142 2882 261 2912; x_wconf 80' lang='lat' dir='ltr'>siarum</span> <span class='ocrx_word' id='word_1_259' title='bbox 280 2893 361 2922; x_wconf 83' lang='lat' dir='ltr'>qnae</span> <span class='ocrx_word' id='word_1_260' title='bbox 380 2884 412 2912; x_wconf 90' lang='lat' dir='ltr'>in</span> <span class='ocrx_word' id='word_1_261' title='bbox 431 2885 622 2923; x_wconf 67' lang='lat' dir='ltr'>Yapincensi</span> <span class='ocrx_word' id='word_1_262' title='bbox 640 2886 765 2916; x_wconf 84' lang='lat' dir='ltr'>civitate</span> <span class='ocrx_word' id='word_1_263' title='bbox 784 2892 813 2917; x_wconf 88' lang='lat' dir='ltr'>et</span> <span class='ocrx_word' id='word_1_264' title='bbox 829 2888 966 2918; x_wconf 88' lang='lat' dir='ltr'>dioecesi</span> <span class='ocrx_word' id='word_1_265' title='bbox 990 2899 1089 2928; x_wconf 82' lang='lat' dir='ltr'>usque</span> <span class='ocrx_word' id='word_1_266' title='bbox 1110 2890 1149 2920; x_wconf 90' lang='lat' dir='ltr'>ad</span> 
     </span>
     <span class='ocr_line' id='line_1_41' title="bbox 143 2935 1149 2982; baseline 0.011 -20"><span class='ocrx_word' id='word_1_267' title='bbox 143 2935 318 2965; x_wconf 86' lang='lat' dir='ltr'>triennium</span> <span class='ocrx_word' id='word_1_268' title='bbox 347 2945 458 2967; x_wconf 83' lang='lat' dir='ltr'>vacare</span> <span class='ocrx_word' id='word_1_269' title='bbox 485 2939 702 2977; x_wconf 51' lang='lat' dir='ltr'>contingerem</span> <span class='ocrx_word' id='word_1_270' title='bbox 730 2948 802 2970; x_wconf 91' lang='lat' dir='ltr'>cum</span> <span class='ocrx_word' id='word_1_271' title='bbox 826 2946 951 2979; x_wconf 81' lang='lat' dir='ltr'>autem,</span> <span class='ocrx_word' id='word_1_272' title='bbox 975 2947 1149 2982; x_wconf 83' lang='lat' dir='ltr'>antequam</span> 
     </span>
     <span class='ocr_line' id='line_1_42' title="bbox 143 2987 1147 3031; baseline 0.011 -15"><span class='ocrx_word' id='word_1_273' title='bbox 143 2987 226 3017; x_wconf 81' lang='lat' dir='ltr'>idem</span> <span class='ocrx_word' id='word_1_274' title='bbox 250 2989 462 3027; x_wconf 62' lang='lat' dir='ltr'>ltaymundus</span> <span class='ocrx_word' id='word_1_275' title='bbox 489 2992 539 3021; x_wconf 84' lang='lat' dir='ltr'>liis</span> <span class='ocrx_word' id='word_1_276' title='bbox 564 2992 677 3022; x_wconf 87' lang='lat' dir='ltr'>litteris</span> <span class='ocrx_word' id='word_1_277' title='bbox 702 3003 777 3023; x_wconf 87' lang='lat' dir='ltr'>usus</span> <span class='ocrx_word' id='word_1_278' title='bbox 800 2999 898 3031; x_wconf 78' lang='lat' dir='ltr'>esset,</span> <span class='ocrx_word' id='word_1_279' title='bbox 920 2996 958 3025; x_wconf 85' lang='lat' dir='ltr'>ad</span> <span class='ocrx_word' id='word_1_280' title='bbox 980 2996 1147 3027; x_wconf 78' lang='lat' dir='ltr'>ecclesiam</span> 
     </span>
    </p>
   </div>
   <div class='ocr_carea' id='block_1_14' title="bbox 1233 389 2244 588">
    <p class='ocr_par' dir='ltr' id='par_1_16' title="bbox 1233 389 2243 482">
     <span class='ocr_line' id='line_1_43' title="bbox 1238 389 2243 426; baseline 0 -6"><span class='ocrx_word' id='word_1_281' title='bbox 1238 390 1500 421; x_wconf 79' lang='lat' dir='ltr'>Ebrednnensem</span> <span class='ocrx_word' id='word_1_282' title='bbox 1531 390 1702 420; x_wconf 83' lang='lat' dir='ltr'>translatus</span> <span class='ocrx_word' id='word_1_283' title='bbox 1733 391 1791 426; x_wconf 89' lang='lat' dir='ltr'>sit,</span> <span class='ocrx_word' id='word_1_284' title='bbox 1823 389 1968 420; x_wconf 83' lang='lat' dir='ltr'>eamdem</span> <span class='ocrx_word' id='word_1_285' title='bbox 2003 390 2243 421; x_wconf 84' lang='lat' dir='ltr'>concessionem</span> 
     </span>
     <span class='ocr_line' id='line_1_44' title="bbox 1233 443 1584 482; baseline 0 -10"><span class='ocrx_word' id='word_1_286' title='bbox 1233 443 1386 473; x_wconf 81' lang='lat' dir='ltr'>Gausrido</span> <span class='ocrx_word' id='word_1_287' title='bbox 1405 452 1483 482; x_wconf 89' lang='lat' dir='ltr'>papa</span> <span class='ocrx_word' id='word_1_288' title='bbox 1498 443 1584 473; x_wconf 83' lang='lat' dir='ltr'>facit.</span> 
     </span>
    </p>

    <p class='ocr_par' dir='ltr' id='par_1_17' title="bbox 1235 495 2244 588">
     <span class='ocr_line' id='line_1_45' title="bbox 1275 495 2244 535; baseline 0.004 -13"><span class='ocrx_word' id='word_1_289' title='bbox 1275 509 1288 522; x_wconf 86' lang='lat'>«</span> <span class='ocrx_word' id='word_1_290' title='bbox 1309 496 1556 526; x_wconf 86' lang='lat' dir='ltr'>Considerantes</span> <span class='ocrx_word' id='word_1_291' title='bbox 1572 504 1686 534; x_wconf 85' lang='lat' dir='ltr'>magne</span> <span class='ocrx_word' id='word_1_292' title='bbox 1702 495 1919 526; x_wconf 69' lang='lat' dir='ltr'>devotionis..</span> <span class='ocrx_word' id='word_1_293' title='bbox 1937 511 1976 518; x_wconf 94' lang='lat'>—</span> <span class='ocrx_word' id='word_1_294' title='bbox 1992 495 2061 525; x_wconf 89' lang='lat' dir='ltr'>Dat.</span> <span class='ocrx_word' id='word_1_295' title='bbox 2081 496 2164 535; x_wconf 89' lang='lat' dir='ltr'>apud</span> <span class='ocrx_word' id='word_1_296' title='bbox 2185 496 2244 527; x_wconf 94' lang='lat' dir='ltr'>Ur-</span> 
     </span>
     <span class='ocr_line' id='line_1_46' title="bbox 1235 549 2056 588; baseline 0.001 -9"><span class='ocrx_word' id='word_1_297' title='bbox 1235 551 1460 587; x_wconf 73' lang='lat' dir='ltr'>beniieterem,</span> <span class='ocrx_word' id='word_1_298' title='bbox 1479 559 1495 579; x_wconf 87' lang='lat' dir='ltr'>x</span> <span class='ocrx_word' id='word_1_299' title='bbox 1512 549 1666 579; x_wconf 82' lang='lat' dir='ltr'>kalendas</span> <span class='ocrx_word' id='word_1_300' title='bbox 1678 549 1777 587; x_wconf 85' lang='lat' dir='ltr'>junii,</span> <span class='ocrx_word' id='word_1_301' title='bbox 1796 557 1881 579; x_wconf 85' lang='lat' dir='ltr'>anno</span> <span class='ocrx_word' id='word_1_302' title='bbox 1899 553 2023 588; x_wconf 85' lang='lat' dir='ltr'>quarto.</span> <span class='ocrx_word' id='word_1_303' title='bbox 2043 561 2056 575; x_wconf 73' lang='lat' dir='ltr'>n</span> 
     </span>
    </p>
   </div>
   <div class='ocr_carea' id='block_1_15' title="bbox 1305 708 1557 737">
    <p class='ocr_par' dir='ltr' id='par_1_18' title="bbox 1305 708 1557 737">
     <span class='ocr_line' id='line_1_47' title="bbox 1305 708 1557 737; baseline -0.004 0"><span class='ocrx_word' id='word_1_304' title='bbox 1305 708 1557 737; x_wconf 67' lang='lat'>5288-5289</span> 
     </span>
    </p>
   </div>
   <div class='ocr_carea' id='block_1_16' title="bbox 1235 769 2246 853">
    <p class='ocr_par' dir='ltr' id='par_1_19' title="bbox 1235 769 2246 853">
     <span class='ocr_line' id='line_1_48' title="bbox 1270 769 2246 805; baseline 0.002 -8"><span class='ocrx_word' id='word_1_305' title='bbox 1270 769 1388 797; x_wconf 87' lang='lat' dir='ltr'>Collatio</span> <span class='ocrx_word' id='word_1_306' title='bbox 1405 771 1535 797; x_wconf 78' lang='lat' dir='ltr'>beneficii</span> <span class='ocrx_word' id='word_1_307' title='bbox 1551 774 1579 797; x_wconf 85' lang='lat' dir='ltr'>et</span> <span class='ocrx_word' id='word_1_308' title='bbox 1603 770 1782 805; x_wconf 76' lang='lat' dir='ltr'>dispensatio</span> <span class='ocrx_word' id='word_1_309' title='bbox 1803 778 1892 805; x_wconf 82' lang='lat' dir='ltr'>super</span> <span class='ocrx_word' id='word_1_310' title='bbox 1914 771 2072 805; x_wconf 83' lang='lat' dir='ltr'>pluralitate</span> <span class='ocrx_word' id='word_1_311' title='bbox 2091 771 2246 799; x_wconf 81' lang='lat' dir='ltr'>beneficio-</span> 
     </span>
     <span class='ocr_line' id='line_1_49' title="bbox 1235 819 1749 853; baseline 0 -7"><span class='ocrx_word' id='word_1_312' title='bbox 1235 828 1309 846; x_wconf 88' lang='lat' dir='ltr'>rum.</span> <span class='ocrx_word' id='word_1_313' title='bbox 1329 819 1409 853; x_wconf 60' lang='lat' dir='ltr'>(Rau.</span> <span class='ocrx_word' id='word_1_314' title='bbox 1429 820 1470 851; x_wconf 80' lang='lat'>46,</span> <span class='ocrx_word' id='word_1_315' title='bbox 1488 829 1513 847; x_wconf 87' lang='lat' dir='ltr'>c.</span> <span class='ocrx_word' id='word_1_316' title='bbox 1531 820 1594 851; x_wconf 69' lang='lat'>270,</span> <span class='ocrx_word' id='word_1_317' title='bbox 1611 820 1630 846; x_wconf 84' lang='lat' dir='ltr'>s.</span> <span class='ocrx_word' id='word_1_318' title='bbox 1647 820 1680 846; x_wconf 75' lang='lat'>53</span> <span class='ocrx_word' id='word_1_319' title='bbox 1698 821 1749 852; x_wconf 69' lang='lat' dir='ltr'>vu.)</span> 
     </span>
    </p>
   </div>
   <div class='ocr_carea' id='block_1_17' title="bbox 1828 707 2172 739">
    <p class='ocr_par' dir='ltr' id='par_1_20' title="bbox 1828 707 2172 739">
     <span class='ocr_line' id='line_1_50' title="bbox 1828 707 2172 739; baseline 0.006 -5"><span class='ocrx_word' id='word_1_320' title='bbox 1828 708 1954 739; x_wconf 83' lang='lat' dir='ltr'>Orvieto‚</span> <span class='ocrx_word' id='word_1_321' title='bbox 1972 707 2005 735; x_wconf 76' lang='lat'>‘28</span> <span class='ocrx_word' id='word_1_322' title='bbox 2022 708 2076 735; x_wconf 86' lang='lat' dir='ltr'>mai</span> <span class='ocrx_word' id='word_1_323' title='bbox 2094 708 2172 736; x_wconf 78' lang='lat'><strong>1‘291.</strong></span> 
     </span>
    </p>
   </div>
   <div class='ocr_carea' id='block_1_18' title="bbox 1232 921 2246 2079">
    <p class='ocr_par' dir='ltr' id='par_1_21' title="bbox 1232 921 2246 1760">
     <span class='ocr_line' id='line_1_51' title="bbox 1275 921 2243 959; baseline 0.002 -8"><span class='ocrx_word' id='word_1_324' title='bbox 1275 923 1435 951; x_wconf 67' lang='lat' dir='ltr'>Ferricmdo</span> <span class='ocrx_word' id='word_1_325' title='bbox 1457 921 1559 957; x_wconf 75' lang='lat' dir='ltr'>Telliz&#39;,</span> <span class='ocrx_word' id='word_1_326' title='bbox 1577 923 1721 951; x_wconf 76' lang='lat' dir='ltr'>canonico</span> <span class='ocrx_word' id='word_1_327' title='bbox 1738 922 1855 951; x_wconf 79' lang='lat' dir='ltr'>ecclesie</span> <span class='ocrx_word' id='word_1_328' title='bbox 1872 922 2042 959; x_wconf 79' lang='lat' dir='ltr'>Palentine,</span> <span class='ocrx_word' id='word_1_329' title='bbox 2060 922 2243 953; x_wconf 85' lang='lat' dir='ltr'>considera-</span> 
     </span>
     <span class='ocr_line' id='line_1_52' title="bbox 1237 974 2245 1011; baseline 0.002 -7"><span class='ocrx_word' id='word_1_330' title='bbox 1237 975 1320 1005; x_wconf 85' lang='lat' dir='ltr'>tione</span> <span class='ocrx_word' id='word_1_331' title='bbox 1339 975 1521 1011; x_wconf 81' lang='lat' dir='ltr'>Benedicti,</span> <span class='ocrx_word' id='word_1_332' title='bbox 1540 975 1649 1005; x_wconf 76' lang='lat' dir='ltr'>Sancti</span> <span class='ocrx_word' id='word_1_333' title='bbox 1666 974 1794 1005; x_wconf 88' lang='lat' dir='ltr'>Nicolai</span> <span class='ocrx_word' id='word_1_334' title='bbox 1810 975 1843 1004; x_wconf 92' lang='lat' dir='ltr'>in</span> <span class='ocrx_word' id='word_1_335' title='bbox 1861 975 1994 1005; x_wconf 86' lang='lat' dir='ltr'>Carcere</span> <span class='ocrx_word' id='word_1_336' title='bbox 2009 975 2160 1006; x_wconf 89' lang='lat' dir='ltr'>Tulliano</span> <span class='ocrx_word' id='word_1_337' title='bbox 2175 975 2245 1006; x_wconf 87' lang='lat' dir='ltr'>dia-</span> 
     </span>
     <span class='ocr_line' id='line_1_53' title="bbox 1234 1027 2245 1065; baseline 0.002 -8"><span class='ocrx_word' id='word_1_338' title='bbox 1234 1028 1307 1058; x_wconf 87' lang='lat' dir='ltr'>coni</span> <span class='ocrx_word' id='word_1_339' title='bbox 1323 1028 1507 1064; x_wconf 85' lang='lat' dir='ltr'>cardinalis,</span> <span class='ocrx_word' id='word_1_340' title='bbox 1526 1028 1753 1058; x_wconf 86' lang='lat' dir='ltr'>canonicatum</span> <span class='ocrx_word' id='word_1_341' title='bbox 1771 1028 1804 1057; x_wconf 92' lang='lat' dir='ltr'>in</span> <span class='ocrx_word' id='word_1_342' title='bbox 1822 1027 1956 1058; x_wconf 86' lang='lat' dir='ltr'>ecclesia</span> <span class='ocrx_word' id='word_1_343' title='bbox 1974 1028 2154 1065; x_wconf 85' lang='lat' dir='ltr'>Palentiua,</span> <span class='ocrx_word' id='word_1_344' title='bbox 2171 1037 2245 1059; x_wconf 89' lang='lat' dir='ltr'>cum</span> 
     </span>
     <span class='ocr_line' id='line_1_54' title="bbox 1234 1081 2245 1120; baseline 0.002 -10"><span class='ocrx_word' id='word_1_345' title='bbox 1234 1081 1437 1119; x_wconf 84' lang='lat' dir='ltr'>plenitudine</span> <span class='ocrx_word' id='word_1_346' title='bbox 1455 1081 1541 1120; x_wconf 85' lang='lat' dir='ltr'>juris</span> <span class='ocrx_word' id='word_1_347' title='bbox 1561 1081 1725 1115; x_wconf 88' lang='lat' dir='ltr'>canonici,</span> <span class='ocrx_word' id='word_1_348' title='bbox 1751 1089 1787 1110; x_wconf 90' lang='lat' dir='ltr'>ac</span> <span class='ocrx_word' id='word_1_349' title='bbox 1813 1081 2028 1119; x_wconf 85' lang='lat' dir='ltr'>praebendam</span> <span class='ocrx_word' id='word_1_350' title='bbox 2045 1085 2076 1111; x_wconf 88' lang='lat' dir='ltr'>et</span> <span class='ocrx_word' id='word_1_351' title='bbox 2093 1090 2245 1120; x_wconf 85' lang='lat' dir='ltr'>persona-</span> 
     </span>
     <span class='ocr_line' id='line_1_55' title="bbox 1236 1134 2244 1173; baseline 0.001 -10"><span class='ocrx_word' id='word_1_352' title='bbox 1236 1139 1301 1164; x_wconf 91' lang='lat' dir='ltr'>tum</span> <span class='ocrx_word' id='word_1_353' title='bbox 1333 1134 1381 1164; x_wconf 81' lang='lat' dir='ltr'>vel</span> <span class='ocrx_word' id='word_1_354' title='bbox 1412 1134 1620 1172; x_wconf 86' lang='lat' dir='ltr'>dignitatern,</span> <span class='ocrx_word' id='word_1_355' title='bbox 1655 1134 1916 1164; x_wconf 81' lang='lat' dir='ltr'>archidiaconatu</span> <span class='ocrx_word' id='word_1_356' title='bbox 1951 1139 2096 1173; x_wconf 76' lang='lat' dir='ltr'>excepto,</span> <span class='ocrx_word' id='word_1_357' title='bbox 2130 1143 2244 1166; x_wconf 86' lang='lat' dir='ltr'>vacan-</span> 
     </span>
     <span class='ocr_line' id='line_1_56' title="bbox 1237 1187 2245 1227; baseline 0.002 -10"><span class='ocrx_word' id='word_1_358' title='bbox 1237 1189 1278 1217; x_wconf 84' lang='lat' dir='ltr'>tia</span> <span class='ocrx_word' id='word_1_359' title='bbox 1295 1188 1418 1217; x_wconf 77' lang='lat' dir='ltr'>confert</span> <span class='ocrx_word' id='word_1_360' title='bbox 1439 1187 1487 1217; x_wconf 86' lang='lat' dir='ltr'>vel</span> <span class='ocrx_word' id='word_1_361' title='bbox 1511 1192 1657 1217; x_wconf 75' lang='lat' dir='ltr'>vacatura</span> <span class='ocrx_word' id='word_1_362' title='bbox 1679 1192 1839 1224; x_wconf 85' lang='lat' dir='ltr'>reservat,</span> <span class='ocrx_word' id='word_1_363' title='bbox 1857 1197 2041 1227; x_wconf 85' lang='lat' dir='ltr'>quanquam</span> <span class='ocrx_word' id='word_1_364' title='bbox 2063 1188 2148 1218; x_wconf 83' lang='lat' dir='ltr'>idem</span> <span class='ocrx_word' id='word_1_365' title='bbox 2168 1189 2245 1219; x_wconf 86' lang='lat' dir='ltr'>Fer-</span> 
     </span>
     <span class='ocr_line' id='line_1_57' title="bbox 1235 1241 2246 1280; baseline 0.003 -11"><span class='ocrx_word' id='word_1_366' title='bbox 1235 1241 1361 1270; x_wconf 89' lang='lat' dir='ltr'>nandus</span> <span class='ocrx_word' id='word_1_367' title='bbox 1381 1241 1449 1279; x_wconf 88' lang='lat' dir='ltr'>jam</span> <span class='ocrx_word' id='word_1_368' title='bbox 1470 1241 1767 1270; x_wconf 84' lang='lat' dir='ltr'>archidiaconatum</span> <span class='ocrx_word' id='word_1_369' title='bbox 1793 1241 1831 1270; x_wconf 90' lang='lat' dir='ltr'>de</span> <span class='ocrx_word' id='word_1_370' title='bbox 1853 1241 2002 1271; x_wconf 86' lang='lat' dir='ltr'>Trivinio</span> <span class='ocrx_word' id='word_1_371' title='bbox 2026 1241 2061 1270; x_wconf 86' lang='lat' dir='ltr'>iu</span> <span class='ocrx_word' id='word_1_372' title='bbox 2087 1242 2246 1280; x_wconf 83' lang='lat' dir='ltr'>Bnrgensi</span> 
     </span>
     <span class='ocr_line' id='line_1_58' title="bbox 1235 1294 2245 1333; baseline 0.002 -10"><span class='ocrx_word' id='word_1_373' title='bbox 1235 1295 1380 1331; x_wconf 83' lang='lat' dir='ltr'>ecclesia,</span> <span class='ocrx_word' id='word_1_374' title='bbox 1391 1294 1425 1323; x_wconf 91' lang='lat' dir='ltr'>in</span> <span class='ocrx_word' id='word_1_375' title='bbox 1441 1295 1563 1331; x_wconf 79' lang='lat' dir='ltr'>eadem,</span> <span class='ocrx_word' id='word_1_376' title='bbox 1578 1295 1613 1324; x_wconf 90' lang='lat' dir='ltr'>in</span> <span class='ocrx_word' id='word_1_377' title='bbox 1628 1294 1843 1324; x_wconf 84' lang='lat' dir='ltr'>Bracharensi</span> <span class='ocrx_word' id='word_1_378' title='bbox 1855 1300 1886 1324; x_wconf 82' lang='lat' dir='ltr'>et</span> <span class='ocrx_word' id='word_1_379' title='bbox 1899 1295 2089 1333; x_wconf 81' lang='lat' dir='ltr'>Segobiensi</span> <span class='ocrx_word' id='word_1_380' title='bbox 2101 1295 2245 1326; x_wconf 81' lang='lat' dir='ltr'>ecclesiis</span> 
     </span>
     <span class='ocr_line' id='line_1_59' title="bbox 1234 1348 2244 1387; baseline 0.001 -9"><span class='ocrx_word' id='word_1_381' title='bbox 1234 1348 1440 1378; x_wconf 84' lang='lat' dir='ltr'>canonicatus</span> <span class='ocrx_word' id='word_1_382' title='bbox 1455 1352 1485 1378; x_wconf 86' lang='lat' dir='ltr'>et</span> <span class='ocrx_word' id='word_1_383' title='bbox 1497 1348 1788 1386; x_wconf 83' lang='lat' dir='ltr'>praebendas,cum</span> <span class='ocrx_word' id='word_1_384' title='bbox 1803 1348 2054 1387; x_wconf 77' lang='lat' dir='ltr'>praestimoniis,</span> <span class='ocrx_word' id='word_1_385' title='bbox 2065 1349 2136 1379; x_wconf 88' lang='lat' dir='ltr'>etin</span> <span class='ocrx_word' id='word_1_386' title='bbox 2149 1348 2244 1379; x_wconf 90' lang='lat' dir='ltr'>Sanc-</span> 
     </span>
     <span class='ocr_line' id='line_1_60' title="bbox 1236 1392 2246 1439; baseline 0.002 -9"><span class='ocrx_word' id='word_1_387' title='bbox 1236 1407 1283 1431; x_wconf 72' lang='lat' dir='ltr'>iae</span> <span class='ocrx_word' id='word_1_388' title='bbox 1302 1392 1423 1430; x_wconf 59' lang='lat' dir='ltr'>Mai-iae</span> <span class='ocrx_word' id='word_1_389' title='bbox 1444 1401 1482 1431; x_wconf 79' lang='lat' dir='ltr'>de</span> <span class='ocrx_word' id='word_1_390' title='bbox 1504 1401 1687 1438; x_wconf 63' lang='lat' dir='ltr'>Palmam,</span> <span class='ocrx_word' id='word_1_391' title='bbox 1709 1401 1815 1432; x_wconf 80' lang='lat' dir='ltr'>Sancti</span> <span class='ocrx_word' id='word_1_392' title='bbox 1839 1402 1971 1431; x_wconf 69' lang='lat' dir='ltr'>Martini</span> <span class='ocrx_word' id='word_1_393' title='bbox 1991 1402 2029 1432; x_wconf 73' lang='lat' dir='ltr'>de</span> <span class='ocrx_word' id='word_1_394' title='bbox 2049 1402 2188 1439; x_wconf 82' lang='lat' dir='ltr'>Divino,</span> <span class='ocrx_word' id='word_1_395' title='bbox 2207 1401 2246 1432; x_wconf 75' lang='lat' dir='ltr'>de</span> 
     </span>
     <span class='ocr_line' id='line_1_61' title="bbox 1233 1453 2244 1494; baseline 0.003 -11"><span class='ocrx_word' id='word_1_396' title='bbox 1233 1453 1409 1484; x_wconf 80' lang='lat' dir='ltr'>Calcafoiar</span> <span class='ocrx_word' id='word_1_397' title='bbox 1425 1459 1455 1484; x_wconf 86' lang='lat' dir='ltr'>et</span> <span class='ocrx_word' id='word_1_398' title='bbox 1475 1454 1513 1484; x_wconf 89' lang='lat' dir='ltr'>de</span> <span class='ocrx_word' id='word_1_399' title='bbox 1532 1454 1631 1493; x_wconf 87' lang='lat' dir='ltr'>Nepis</span> <span class='ocrx_word' id='word_1_400' title='bbox 1652 1454 1816 1489; x_wconf 80' lang='lat' dir='ltr'>ecclesiis,</span> <span class='ocrx_word' id='word_1_401' title='bbox 1840 1454 2072 1485; x_wconf 87' lang='lat' dir='ltr'>Bracharensis</span> <span class='ocrx_word' id='word_1_402' title='bbox 2093 1459 2124 1485; x_wconf 86' lang='lat' dir='ltr'>et</span> <span class='ocrx_word' id='word_1_403' title='bbox 2145 1454 2244 1494; x_wconf 86' lang='lat' dir='ltr'>Sego-</span> 
     </span>
     <span class='ocr_line' id='line_1_62' title="bbox 1234 1508 2244 1548; baseline 0.002 -11"><span class='ocrx_word' id='word_1_404' title='bbox 1234 1508 1355 1538; x_wconf 81' lang='lat' dir='ltr'>biensis</span> <span class='ocrx_word' id='word_1_405' title='bbox 1371 1508 1586 1545; x_wconf 86' lang='lat' dir='ltr'>dioecesium,</span> <span class='ocrx_word' id='word_1_406' title='bbox 1605 1508 1763 1547; x_wconf 85' lang='lat' dir='ltr'>quaedam</span> <span class='ocrx_word' id='word_1_407' title='bbox 1784 1509 1940 1539; x_wconf 84' lang='lat' dir='ltr'>beneficia</span> <span class='ocrx_word' id='word_1_408' title='bbox 1956 1508 2097 1545; x_wconf 85' lang='lat' dir='ltr'>obtinet;</span> <span class='ocrx_word' id='word_1_409' title='bbox 2115 1508 2244 1548; x_wconf 85' lang='lat' dir='ltr'>dispen-</span> 
     </span>
     <span class='ocr_line' id='line_1_63' title="bbox 1233 1561 2245 1600; baseline 0.002 -10"><span class='ocrx_word' id='word_1_410' title='bbox 1233 1567 1344 1600; x_wconf 80' lang='lat' dir='ltr'>satqne</span> <span class='ocrx_word' id='word_1_411' title='bbox 1370 1570 1444 1591; x_wconf 91' lang='lat' dir='ltr'>cum</span> <span class='ocrx_word' id='word_1_412' title='bbox 1467 1569 1503 1591; x_wconf 86' lang='lat' dir='ltr'>eo</span> <span class='ocrx_word' id='word_1_413' title='bbox 1530 1566 1579 1597; x_wconf 86' lang='lat' dir='ltr'>nt,</span> <span class='ocrx_word' id='word_1_414' title='bbox 1603 1561 1746 1591; x_wconf 84' lang='lat' dir='ltr'>dimissis</span> <span class='ocrx_word' id='word_1_415' title='bbox 1766 1561 1932 1591; x_wconf 84' lang='lat' dir='ltr'>beneficiis</span> <span class='ocrx_word' id='word_1_416' title='bbox 1953 1570 2035 1600; x_wconf 88' lang='lat' dir='ltr'>quae</span> <span class='ocrx_word' id='word_1_417' title='bbox 2053 1561 2089 1591; x_wconf 86' lang='lat' dir='ltr'>in</span> <span class='ocrx_word' id='word_1_418' title='bbox 2110 1561 2245 1592; x_wconf 83' lang='lat' dir='ltr'>Sanctae</span> 
     </span>
     <span class='ocr_line' id='line_1_64' title="bbox 1233 1614 2244 1654; baseline 0.001 -10"><span class='ocrx_word' id='word_1_419' title='bbox 1233 1615 1354 1645; x_wconf 82' lang='lat' dir='ltr'>Mariae</span> <span class='ocrx_word' id='word_1_420' title='bbox 1373 1614 1412 1644; x_wconf 92' lang='lat' dir='ltr'>de</span> <span class='ocrx_word' id='word_1_421' title='bbox 1432 1614 1616 1651; x_wconf 85' lang='lat' dir='ltr'>Palmarca‚</span> <span class='ocrx_word' id='word_1_422' title='bbox 1641 1614 1751 1644; x_wconf 84' lang='lat' dir='ltr'>Sancti</span> <span class='ocrx_word' id='word_1_423' title='bbox 1774 1615 1906 1644; x_wconf 83' lang='lat' dir='ltr'>Martini</span> <span class='ocrx_word' id='word_1_424' title='bbox 1927 1614 1965 1644; x_wconf 89' lang='lat' dir='ltr'>de</span> <span class='ocrx_word' id='word_1_425' title='bbox 1986 1615 2104 1645; x_wconf 85' lang='lat' dir='ltr'>Divino</span> <span class='ocrx_word' id='word_1_426' title='bbox 2121 1614 2183 1654; x_wconf 88' lang='lat' dir='ltr'>(l),</span> <span class='ocrx_word' id='word_1_427' title='bbox 2205 1615 2244 1645; x_wconf 87' lang='lat' dir='ltr'>de</span> 
     </span>
     <span class='ocr_line' id='line_1_65' title="bbox 1232 1667 2245 1706; baseline 0.001 -9"><span class='ocrx_word' id='word_1_428' title='bbox 1232 1667 1408 1698; x_wconf 84' lang='lat' dir='ltr'>Calcafoiar</span> <span class='ocrx_word' id='word_1_429' title='bbox 1428 1671 1457 1698; x_wconf 88' lang='lat' dir='ltr'>et</span> <span class='ocrx_word' id='word_1_430' title='bbox 1477 1668 1515 1698; x_wconf 88' lang='lat' dir='ltr'>de</span> <span class='ocrx_word' id='word_1_431' title='bbox 1534 1667 1632 1706; x_wconf 86' lang='lat' dir='ltr'>Nepis</span> <span class='ocrx_word' id='word_1_432' title='bbox 1654 1667 1795 1697; x_wconf 88' lang='lat' dir='ltr'>ecclesiis</span> <span class='ocrx_word' id='word_1_433' title='bbox 1813 1668 1946 1705; x_wconf 82' lang='lat' dir='ltr'>obtinet,</span> <span class='ocrx_word' id='word_1_434' title='bbox 1964 1668 2075 1698; x_wconf 89' lang='lat' dir='ltr'>omnia</span> <span class='ocrx_word' id='word_1_435' title='bbox 2089 1667 2152 1698; x_wconf 89' lang='lat' dir='ltr'>alia</span> <span class='ocrx_word' id='word_1_436' title='bbox 2167 1667 2245 1698; x_wconf 86' lang='lat' dir='ltr'>reti-</span> 
     </span>
     <span class='ocr_line' id='line_1_66' title="bbox 1233 1721 1434 1760; baseline 0.005 -10"><span class='ocrx_word' id='word_1_437' title='bbox 1233 1729 1308 1751; x_wconf 89' lang='lat' dir='ltr'>nere</span> <span class='ocrx_word' id='word_1_438' title='bbox 1325 1721 1434 1760; x_wconf 86' lang='lat' dir='ltr'>possit.</span> 
     </span>
    </p>

    <p class='ocr_par' dir='ltr' id='par_1_22' title="bbox 1233 1774 2245 1867">
     <span class='ocr_line' id='line_1_67' title="bbox 1274 1774 2245 1814; baseline 0.001 -11"><span class='ocrx_word' id='word_1_439' title='bbox 1274 1787 1287 1801; x_wconf 69' lang='grc' dir='ltr'>(ι</span> <span class='ocrx_word' id='word_1_440' title='bbox 1309 1775 1443 1813; x_wconf 88' lang='lat' dir='ltr'>Adjutos</span> <span class='ocrx_word' id='word_1_441' title='bbox 1464 1775 1619 1804; x_wconf 86' lang='lat' dir='ltr'>virtutum</span> <span class='ocrx_word' id='word_1_442' title='bbox 1637 1775 1799 1804; x_wconf 82' lang='lat' dir='ltr'>meritis...</span> <span class='ocrx_word' id='word_1_443' title='bbox 1817 1791 1854 1796; x_wconf 90' lang='lat'>--</span> <span class='ocrx_word' id='word_1_444' title='bbox 1872 1775 1945 1804; x_wconf 90' lang='lat' dir='ltr'>Dat.</span> <span class='ocrx_word' id='word_1_445' title='bbox 1961 1774 2047 1814; x_wconf 88' lang='lat' dir='ltr'>apud</span> <span class='ocrx_word' id='word_1_446' title='bbox 2065 1774 2245 1805; x_wconf 83' lang='lat' dir='ltr'>Urbemve-</span> 
     </span>
     <span class='ocr_line' id='line_1_68' title="bbox 1233 1828 1943 1867; baseline -0.003 -10"><span class='ocrx_word' id='word_1_447' title='bbox 1233 1832 1344 1864; x_wconf 83' lang='lat' dir='ltr'>terem,</span> <span class='ocrx_word' id='word_1_448' title='bbox 1362 1838 1381 1856; x_wconf 93' lang='lat' dir='ltr'>v</span> <span class='ocrx_word' id='word_1_449' title='bbox 1397 1828 1551 1858; x_wconf 76' lang='lat' dir='ltr'>kalendas</span> <span class='ocrx_word' id='word_1_450' title='bbox 1566 1828 1666 1867; x_wconf 85' lang='lat' dir='ltr'>junii,</span> <span class='ocrx_word' id='word_1_451' title='bbox 1683 1836 1770 1858; x_wconf 90' lang='lat' dir='ltr'>anno</span> <span class='ocrx_word' id='word_1_452' title='bbox 1785 1831 1909 1866; x_wconf 86' lang='lat' dir='ltr'>quarto.</span> <span class='ocrx_word' id='word_1_453' title='bbox 1930 1839 1943 1854; x_wconf 83' lang='grc'>»</span> 
     </span>
    </p>

    <p class='ocr_par' dir='ltr' id='par_1_23' title="bbox 1232 1881 2246 2079">
     <span class='ocr_line' id='line_1_69' title="bbox 1273 1881 2246 1920; baseline 0 -9"><span class='ocrx_word' id='word_1_454' title='bbox 1273 1883 1310 1912; x_wconf 91' lang='lat' dir='ltr'>In</span> <span class='ocrx_word' id='word_1_455' title='bbox 1328 1891 1354 1911; x_wconf 86' lang='lat' dir='ltr'>e.</span> <span class='ocrx_word' id='word_1_456' title='bbox 1375 1891 1416 1911; x_wconf 83' lang='lat' dir='ltr'>ni.</span> <span class='ocrx_word' id='word_1_457' title='bbox 1439 1905 1459 1911; x_wconf 91' lang='lat'>..</span> <span class='ocrx_word' id='word_1_458' title='bbox 1477 1881 1715 1920; x_wconf 86' lang='lat' dir='ltr'>archiepiscopo</span> <span class='ocrx_word' id='word_1_459' title='bbox 1734 1881 1960 1917; x_wconf 76' lang='lat' dir='ltr'>Bracliarensi,</span> <span class='ocrx_word' id='word_1_460' title='bbox 1981 1903 2000 1911; x_wconf 87' lang='lat'>..</span> <span class='ocrx_word' id='word_1_461' title='bbox 2019 1881 2164 1920; x_wconf 86' lang='lat' dir='ltr'>episcopo</span> <span class='ocrx_word' id='word_1_462' title='bbox 2182 1881 2246 1911; x_wconf 87' lang='lat' dir='ltr'>Va-</span> 
     </span>
     <span class='ocr_line' id='line_1_70' title="bbox 1232 1934 2246 1973; baseline -0.001 -8"><span class='ocrx_word' id='word_1_463' title='bbox 1232 1936 1355 1966; x_wconf 89' lang='lat' dir='ltr'>lentino</span> <span class='ocrx_word' id='word_1_464' title='bbox 1371 1940 1401 1965; x_wconf 87' lang='lat' dir='ltr'>et</span> <span class='ocrx_word' id='word_1_465' title='bbox 1427 1960 1446 1966; x_wconf 93' lang='lat'>..</span> <span class='ocrx_word' id='word_1_466' title='bbox 1469 1936 1575 1965; x_wconf 79' lang='lat' dir='ltr'>abbati</span> <span class='ocrx_word' id='word_1_467' title='bbox 1599 1935 1638 1965; x_wconf 86' lang='lat' dir='ltr'>de</span> <span class='ocrx_word' id='word_1_468' title='bbox 1660 1934 1744 1964; x_wconf 86' lang='lat' dir='ltr'>Salis</span> <span class='ocrx_word' id='word_1_469' title='bbox 1766 1935 1801 1964; x_wconf 91' lang='lat' dir='ltr'>in</span> <span class='ocrx_word' id='word_1_470' title='bbox 1821 1935 1955 1965; x_wconf 80' lang='lat' dir='ltr'>ecclesia</span> <span class='ocrx_word' id='word_1_471' title='bbox 1974 1935 2136 1973; x_wconf 85' lang='lat' dir='ltr'>Burgensi</span> <span class='ocrx_word' id='word_1_472' title='bbox 2152 1944 2246 1965; x_wconf 88' lang='lat' dir='ltr'>man-</span> 
     </span>
     <span class='ocr_line' id='line_1_71' title="bbox 1233 1988 2246 2028; baseline -0.001 -9"><span class='ocrx_word' id='word_1_473' title='bbox 1233 1990 1285 2019; x_wconf 85' lang='lat' dir='ltr'>dat</span> <span class='ocrx_word' id='word_1_474' title='bbox 1308 1993 1341 2019; x_wconf 88' lang='lat' dir='ltr'>nt</span> <span class='ocrx_word' id='word_1_475' title='bbox 1362 1989 1539 2028; x_wconf 81' lang='lat' dir='ltr'>praefatum</span> <span class='ocrx_word' id='word_1_476' title='bbox 1564 1988 1771 2018; x_wconf 70' lang='lat' dir='ltr'>Fet-nandum</span> <span class='ocrx_word' id='word_1_477' title='bbox 1793 1988 1841 2018; x_wconf 91' lang='lat' dir='ltr'>vel</span> <span class='ocrx_word' id='word_1_478' title='bbox 1864 1991 2099 2027; x_wconf 84' lang='lat' dir='ltr'>procuratorem</span> <span class='ocrx_word' id='word_1_479' title='bbox 2120 1988 2189 2027; x_wconf 86' lang='lat' dir='ltr'>ejus</span> <span class='ocrx_word' id='word_1_480' title='bbox 2208 1988 2246 2018; x_wconf 90' lang='lat' dir='ltr'>in</span> 
     </span>
     <span class='ocr_line' id='line_1_72' title="bbox 1233 2041 2244 2079; baseline -0.001 -7"><span class='ocrx_word' id='word_1_481' title='bbox 1233 2042 1365 2072; x_wconf 80' lang='lat' dir='ltr'>ecclesia</span> <span class='ocrx_word' id='word_1_482' title='bbox 1379 2042 1477 2071; x_wconf 72' lang='lat' dir='ltr'>Palen</span> <span class='ocrx_word' id='word_1_483' title='bbox 1485 2041 1549 2070; x_wconf 86' lang='lat' dir='ltr'>tina</span> <span class='ocrx_word' id='word_1_484' title='bbox 1564 2041 1663 2079; x_wconf 80' lang='lat' dir='ltr'>recipi</span> <span class='ocrx_word' id='word_1_485' title='bbox 1679 2041 1796 2070; x_wconf 76' lang='lat' dir='ltr'>iaciant</span> <span class='ocrx_word' id='word_1_486' title='bbox 1806 2041 1838 2070; x_wconf 84' lang='lat' dir='ltr'>in</span> <span class='ocrx_word' id='word_1_487' title='bbox 1855 2041 2047 2071; x_wconf 85' lang='lat' dir='ltr'>canonicum</span> <span class='ocrx_word' id='word_1_488' title='bbox 2059 2046 2090 2070; x_wconf 85' lang='lat' dir='ltr'>et</span> <span class='ocrx_word' id='word_1_489' title='bbox 2102 2041 2244 2071; x_wconf 61' lang='lat' dir='ltr'>fratrem.</span> 
     </span>
    </p>
   </div>
   <div class='ocr_carea' id='block_1_19' title="bbox 1303 2201 1562 2231">
    <p class='ocr_par' dir='ltr' id='par_1_24' title="bbox 1303 2201 1562 2231">
     <span class='ocr_line' id='line_1_73' title="bbox 1303 2201 1562 2231; baseline -0.012 0"><span class='ocrx_word' id='word_1_490' title='bbox 1303 2201 1562 2231; x_wconf 69' lang='lat'><strong>5290-5236</strong></span> 
     </span>
    </p>
   </div>
   <div class='ocr_carea' id='block_1_20' title="bbox 1270 2263 1915 2299">
    <p class='ocr_par' dir='ltr' id='par_1_25' title="bbox 1270 2263 1915 2299">
     <span class='ocr_line' id='line_1_74' title="bbox 1270 2263 1915 2299; baseline -0.005 -8"><span class='ocrx_word' id='word_1_491' title='bbox 1270 2265 1478 2299; x_wconf 72' lang='lat' dir='ltr'>Indulgentiae.</span> <span class='ocrx_word' id='word_1_492' title='bbox 1496 2264 1579 2298; x_wconf 67' lang='lat' dir='ltr'>(Reo.</span> <span class='ocrx_word' id='word_1_493' title='bbox 1597 2263 1641 2295; x_wconf 71' lang='lat' dir='ltr'>lio,</span> <span class='ocrx_word' id='word_1_494' title='bbox 1659 2263 1796 2296; x_wconf 70' lang='lat' dir='ltr'>c.⁵271,f.</span> <span class='ocrx_word' id='word_1_495' title='bbox 1815 2263 1846 2289; x_wconf 75' lang='lat'>53</span> <span class='ocrx_word' id='word_1_496' title='bbox 1863 2264 1915 2296; x_wconf 70' lang='lat' dir='ltr'>w.)</span> 
     </span>
    </p>
   </div>
   <div class='ocr_carea' id='block_1_21' title="bbox 1820 2199 2171 2233">
    <p class='ocr_par' dir='ltr' id='par_1_26' title="bbox 1820 2199 2171 2233">
     <span class='ocr_line' id='line_1_75' title="bbox 1820 2199 2171 2233; baseline 0 -7"><span class='ocrx_word' id='word_1_497' title='bbox 1820 2199 1952 2233; x_wconf 82' lang='lat' dir='ltr'>Orvieto‚</span> <span class='ocrx_word' id='word_1_498' title='bbox 1971 2199 2004 2227; x_wconf 87' lang='lat'>30</span> <span class='ocrx_word' id='word_1_499' title='bbox 2019 2200 2074 2226; x_wconf 89' lang='lat' dir='ltr'>mai</span> <span class='ocrx_word' id='word_1_500' title='bbox 2095 2199 2171 2227; x_wconf 68' lang='lat'><strong>1291.</strong></span> 
     </span>
    </p>
   </div>
   <div class='ocr_carea' id='block_1_22' title="bbox 1233 2365 2244 2886">
    <p class='ocr_par' dir='ltr' id='par_1_27' title="bbox 1233 2365 2244 2779">
     <span class='ocr_line' id='line_1_76' title="bbox 1277 2365 2242 2403; baseline -0.001 -6"><span class='ocrx_word' id='word_1_501' title='bbox 1277 2368 1428 2397; x_wconf 58' lang='lat' dir='ltr'>L&#39;nae‘oersis</span> <span class='ocrx_word' id='word_1_502' title='bbox 1447 2368 1561 2397; x_wconf 68' lang='lat' dir='ltr'>Christi</span> <span class='ocrx_word' id='word_1_503' title='bbox 1582 2365 1720 2403; x_wconf 78' lang='lat' dir='ltr'>fidelibus</span> <span class='ocrx_word' id='word_1_504' title='bbox 1737 2372 1888 2403; x_wconf 78' lang='lat' dir='ltr'>presentes</span> <span class='ocrx_word' id='word_1_505' title='bbox 1909 2366 2028 2395; x_wconf 75' lang='lat' dir='ltr'>litteras</span> <span class='ocrx_word' id='word_1_506' title='bbox 2047 2366 2242 2403; x_wconf 75' lang='lat' dir='ltr'>inspecturis.</span> 
     </span>
     <span class='ocr_line' id='line_1_77' title="bbox 1234 2417 2242 2458; baseline -0.001 -9"><span class='ocrx_word' id='word_1_507' title='bbox 1234 2420 1474 2458; x_wconf 75' lang='lat' dir='ltr'>Indulgentiam</span> <span class='ocrx_word' id='word_1_508' title='bbox 1497 2420 1594 2449; x_wconf 87' lang='lat' dir='ltr'>unius</span> <span class='ocrx_word' id='word_1_509' title='bbox 1610 2419 1688 2448; x_wconf 84' lang='lat' dir='ltr'>anni</span> <span class='ocrx_word' id='word_1_510' title='bbox 1705 2423 1734 2448; x_wconf 88' lang='lat' dir='ltr'>et</span> <span class='ocrx_word' id='word_1_511' title='bbox 1750 2428 1788 2448; x_wconf 71' lang='lat' dir='ltr'>xL</span> <span class='ocrx_word' id='word_1_512' title='bbox 1804 2418 1930 2448; x_wconf 88' lang='lat' dir='ltr'>dierum</span> <span class='ocrx_word' id='word_1_513' title='bbox 1948 2417 2093 2448; x_wconf 90' lang='lat' dir='ltr'>concedit</span> <span class='ocrx_word' id='word_1_514' title='bbox 2109 2418 2242 2449; x_wconf 87' lang='lat' dir='ltr'>visitan-</span> 
     </span>
     <span class='ocr_line' id='line_1_78' title="bbox 1235 2472 2243 2510; baseline -0.002 -6"><span class='ocrx_word' id='word_1_515' title='bbox 1235 2475 1318 2504; x_wconf 80' lang='lat' dir='ltr'>tibus</span> <span class='ocrx_word' id='word_1_516' title='bbox 1335 2474 1500 2504; x_wconf 76' lang='lat' dir='ltr'>ecclesiam</span> <span class='ocrx_word' id='word_1_517' title='bbox 1523 2473 1630 2503; x_wconf 84' lang='lat' dir='ltr'>Sancti</span> <span class='ocrx_word' id='word_1_518' title='bbox 1650 2472 1825 2503; x_wconf 85' lang='lat' dir='ltr'>Salvatoris</span> <span class='ocrx_word' id='word_1_519' title='bbox 1843 2472 1881 2502; x_wconf 86' lang='lat' dir='ltr'>de</span> <span class='ocrx_word' id='word_1_520' title='bbox 1904 2473 2062 2510; x_wconf 81' lang='lat' dir='ltr'>Lavauia,</span> <span class='ocrx_word' id='word_1_521' title='bbox 2079 2472 2119 2502; x_wconf 90' lang='lat' dir='ltr'>ad</span> <span class='ocrx_word' id='word_1_522' title='bbox 2135 2480 2243 2503; x_wconf 86' lang='lat' dir='ltr'>roma-</span> 
     </span>
     <span class='ocr_line' id='line_1_79' title="bbox 1235 2525 2243 2564; baseline -0.003 -7"><span class='ocrx_word' id='word_1_523' title='bbox 1235 2537 1307 2557; x_wconf 83' lang='lat' dir='ltr'>nam</span> <span class='ocrx_word' id='word_1_524' title='bbox 1342 2527 1507 2557; x_wconf 61' lang='lat' dir='ltr'>ecclesiam</span> <span class='ocrx_word' id='word_1_525' title='bbox 1539 2527 1630 2556; x_wconf 88' lang='lat' dir='ltr'>nullo</span> <span class='ocrx_word' id='word_1_526' title='bbox 1661 2526 1767 2556; x_wconf 85' lang='lat' dir='ltr'>medio</span> <span class='ocrx_word' id='word_1_527' title='bbox 1800 2526 2015 2564; x_wconf 82' lang='lat' dir='ltr'>pertinentem</span> <span class='ocrx_word' id='word_1_528' title='bbox 2027 2549 2034 2562; x_wconf 80' lang='lat'>,</span> <span class='ocrx_word' id='word_1_529' title='bbox 2067 2525 2243 2555; x_wconf 86' lang='lat' dir='ltr'>Jannensis</span> 
     </span>
     <span class='ocr_line' id='line_1_80' title="bbox 1233 2578 2243 2618; baseline -0.003 -7"><span class='ocrx_word' id='word_1_530' title='bbox 1233 2582 1397 2618; x_wconf 65' lang='lat' dir='ltr'>dioecesis,</span> <span class='ocrx_word' id='word_1_531' title='bbox 1414 2581 1447 2610; x_wconf 89' lang='lat' dir='ltr'>in</span> <span class='ocrx_word' id='word_1_532' title='bbox 1463 2581 1494 2611; x_wconf 84' lang='lat' dir='ltr'>S.</span> <span class='ocrx_word' id='word_1_533' title='bbox 1511 2580 1697 2616; x_wconf 81' lang='lat' dir='ltr'>Salvatoris,</span> <span class='ocrx_word' id='word_1_534' title='bbox 1710 2588 1792 2618; x_wconf 88' lang='lat' dir='ltr'>quae</span> <span class='ocrx_word' id='word_1_535' title='bbox 1808 2589 1871 2609; x_wconf 88' lang='lat' dir='ltr'>xvu</span> <span class='ocrx_word' id='word_1_536' title='bbox 1889 2579 2043 2608; x_wconf 87' lang='lat' dir='ltr'>kalendas</span> <span class='ocrx_word' id='word_1_537' title='bbox 2061 2578 2243 2609; x_wconf 84' lang='lat' dir='ltr'>novembris</span> 
     </span>
     <span class='ocr_line' id='line_1_81' title="bbox 1234 2628 2243 2671; baseline -0.003 -7"><span class='ocrx_word' id='word_1_538' title='bbox 1234 2636 1266 2665; x_wconf 94' lang='lat' dir='ltr'>in</span> <span class='ocrx_word' id='word_1_539' title='bbox 1285 2635 1395 2665; x_wconf 77' lang='lat' dir='ltr'>eadem</span> <span class='ocrx_word' id='word_1_540' title='bbox 1413 2635 1546 2664; x_wconf 72' lang='lat' dir='ltr'>ecclesia</span> <span class='ocrx_word' id='word_1_541' title='bbox 1563 2634 1752 2671; x_wconf 80' lang='lat' dir='ltr'>celebratur,</span> <span class='ocrx_word' id='word_1_542' title='bbox 1771 2638 1800 2662; x_wconf 85' lang='lat' dir='ltr'>et</span> <span class='ocrx_word' id='word_1_543' title='bbox 1816 2633 1848 2663; x_wconf 77' lang='lat' dir='ltr'>S.</span> <span class='ocrx_word' id='word_1_544' title='bbox 1869 2628 1996 2662; x_wconf 79' lang='lat' dir='ltr'>Domini</span> <span class='ocrx_word' id='word_1_545' title='bbox 2011 2631 2164 2671; x_wconf 71' lang='lat' dir='ltr'>martyris</span> <span class='ocrx_word' id='word_1_546' title='bbox 2181 2632 2243 2662; x_wconf 85' lang='lat' dir='ltr'>ses-</span> 
     </span>
     <span class='ocr_line' id='line_1_82' title="bbox 1235 2684 2244 2727; baseline -0.004 -9"><span class='ocrx_word' id='word_1_547' title='bbox 1235 2689 1421 2724; x_wconf 72' lang='lat' dir='ltr'>tixitatibus,</span> <span class='ocrx_word' id='word_1_548' title='bbox 1438 2698 1490 2727; x_wconf 83' lang='lat' dir='ltr'>per</span> <span class='ocrx_word' id='word_1_549' title='bbox 1505 2694 1573 2718; x_wconf 88' lang='lat' dir='ltr'>octo</span> <span class='ocrx_word' id='word_1_550' title='bbox 1587 2687 1653 2717; x_wconf 86' lang='lat' dir='ltr'>dies</span> <span class='ocrx_word' id='word_1_551' title='bbox 1671 2691 1841 2725; x_wconf 85' lang='lat' dir='ltr'>sequentes</span> <span class='ocrx_word' id='word_1_552' title='bbox 1858 2690 1888 2715; x_wconf 89' lang='lat' dir='ltr'>et</span> <span class='ocrx_word' id='word_1_553' title='bbox 1903 2686 1936 2715; x_wconf 91' lang='lat' dir='ltr'>in</span> <span class='ocrx_word' id='word_1_554' title='bbox 1952 2684 2175 2716; x_wconf 81' lang='lat' dir='ltr'>anniversario</span> <span class='ocrx_word' id='word_1_555' title='bbox 2191 2684 2244 2715; x_wconf 86' lang='lat' dir='ltr'>die</span> 
     </span>
     <span class='ocr_line' id='line_1_83' title="bbox 1233 2739 1786 2779; baseline -0.005 -8"><span class='ocrx_word' id='word_1_556' title='bbox 1233 2741 1443 2771; x_wconf 87' lang='lat' dir='ltr'>dedicationis</span> <span class='ocrx_word' id='word_1_557' title='bbox 1460 2741 1603 2779; x_wconf 78' lang='lat' dir='ltr'>ejusdem</span> <span class='ocrx_word' id='word_1_558' title='bbox 1625 2739 1786 2770; x_wconf 84' lang='lat' dir='ltr'>ecclesiae.</span> 
     </span>
    </p>

    <p class='ocr_par' dir='ltr' id='par_1_28' title="bbox 1234 2791 2241 2886">
     <span class='ocr_line' id='line_1_84' title="bbox 1275 2791 2241 2831; baseline -0.004 -6"><span class='ocrx_word' id='word_1_559' title='bbox 1275 2809 1287 2822; x_wconf 62' lang='grc' dir='ltr'>«ι</span> <span class='ocrx_word' id='word_1_560' title='bbox 1310 2797 1389 2825; x_wconf 81' lang='lat' dir='ltr'>Loca</span> <span class='ocrx_word' id='word_1_561' title='bbox 1406 2800 1588 2825; x_wconf 86' lang='lat' dir='ltr'>sanctorum</span> <span class='ocrx_word' id='word_1_562' title='bbox 1607 2794 1795 2825; x_wconf 89' lang='lat' dir='ltr'>omnium...</span> <span class='ocrx_word' id='word_1_563' title='bbox 1814 2810 1842 2814; x_wconf 93' lang='lat'>—</span> <span class='ocrx_word' id='word_1_564' title='bbox 1871 2793 1941 2822; x_wconf 83' lang='lat' dir='ltr'>Dat.</span> <span class='ocrx_word' id='word_1_565' title='bbox 1959 2791 2041 2831; x_wconf 84' lang='lat' dir='ltr'>apud</span> <span class='ocrx_word' id='word_1_566' title='bbox 2064 2791 2241 2822; x_wconf 86' lang='lat' dir='ltr'>Urbemve-</span> 
     </span>
     <span class='ocr_line' id='line_1_85' title="bbox 1234 2847 1955 2886; baseline -0.006 -8"><span class='ocrx_word' id='word_1_567' title='bbox 1234 2854 1344 2885; x_wconf 83' lang='lat' dir='ltr'>terem,</span> <span class='ocrx_word' id='word_1_568' title='bbox 1363 2858 1395 2877; x_wconf 90' lang='lat'>111</span> <span class='ocrx_word' id='word_1_569' title='bbox 1414 2848 1567 2877; x_wconf 81' lang='lat' dir='ltr'>kalendas</span> <span class='ocrx_word' id='word_1_570' title='bbox 1581 2847 1680 2886; x_wconf 84' lang='lat' dir='ltr'>junii,</span> <span class='ocrx_word' id='word_1_571' title='bbox 1699 2855 1785 2876; x_wconf 88' lang='lat' dir='ltr'>anuo</span> <span class='ocrx_word' id='word_1_572' title='bbox 1800 2849 1922 2885; x_wconf 67' lang='lat' dir='ltr'>quai-to.</span> <span class='ocrx_word' id='word_1_573' title='bbox 1942 2857 1955 2872; x_wconf 75' lang='lat' dir='ltr'><strong><em>n</em></strong></span> 
     </span>
    </p>
   </div>
   <div class='ocr_carea' id='block_1_23' title="bbox 1234 2956 2243 3037">
    <p class='ocr_par' dir='ltr' id='par_1_29' title="bbox 1234 2956 2243 3037">
     <span class='ocr_line' id='line_1_86' title="bbox 1265 2956 2243 2992; baseline -0.004 -7"><span class='ocrx_word' id='word_1_574' title='bbox 1265 2962 1298 2992; x_wconf 85' lang='lat'>(1)</span> <span class='ocrx_word' id='word_1_575' title='bbox 1314 2961 1356 2986; x_wconf 90' lang='lat' dir='ltr'>On</span> <span class='ocrx_word' id='word_1_576' title='bbox 1372 2961 1442 2984; x_wconf 85' lang='lat' dir='ltr'>lirait</span> <span class='ocrx_word' id='word_1_577' title='bbox 1462 2961 1521 2990; x_wconf 82' lang='lat' dir='ltr'>plus</span> <span class='ocrx_word' id='word_1_578' title='bbox 1538 2960 1688 2984; x_wconf 73' lang='lat' dir='ltr'>volontiers</span> <span class='ocrx_word' id='word_1_579' title='bbox 1705 2959 1739 2982; x_wconf 87' lang='lat' dir='ltr'>ici</span> <span class='ocrx_word' id='word_1_580' title='bbox 1756 2959 1865 2985; x_wconf 79' lang='lat' dir='ltr'>Diuno;</span> <span class='ocrx_word' id='word_1_581' title='bbox 1883 2957 1963 2985; x_wconf 82' lang='lat' dir='ltr'>mais‚</span> <span class='ocrx_word' id='word_1_582' title='bbox 1983 2957 2043 2987; x_wconf 87' lang='lat' dir='ltr'>plus</span> <span class='ocrx_word' id='word_1_583' title='bbox 2061 2956 2139 2986; x_wconf 79' lang='lat' dir='ltr'>haut,</span> <span class='ocrx_word' id='word_1_584' title='bbox 2156 2963 2191 2980; x_wconf 88' lang='lat' dir='ltr'>on</span> <span class='ocrx_word' id='word_1_585' title='bbox 2207 2963 2243 2981; x_wconf 88' lang='lat' dir='ltr'>ne</span> 
     </span>
     <span class='ocr_line' id='line_1_87' title="bbox 1234 3006 1556 3037; baseline -0.009 -7"><span class='ocrx_word' id='word_1_586' title='bbox 1234 3009 1297 3037; x_wconf 83' lang='lat' dir='ltr'>peut</span> <span class='ocrx_word' id='word_1_587' title='bbox 1314 3006 1364 3028; x_wconf 73' lang='lat' dir='ltr'>lire</span> <span class='ocrx_word' id='word_1_588' title='bbox 1379 3012 1432 3035; x_wconf 80' lang='lat' dir='ltr'>que</span> <span class='ocrx_word' id='word_1_589' title='bbox 1446 3006 1556 3028; x_wconf 67' lang='lat' dir='ltr'>Divino.</span> 
     </span>
    </p>
   </div>
   <div class='ocr_carea' id='block_1_24' title="bbox 2373 2091 2393 2600">
    <p class='ocr_par' dir='ltr' id='par_1_30' title="bbox 2373 2091 2393 2600">
     <span class='ocr_line' id='line_1_88' title="bbox 2373 2091 2393 2600; textangle 90"><span class='ocrx_word' id='word_1_590' title='bbox 2379 2591 2388 2600; x_wconf 65' lang='grc' dir='ltr'><strong><em>ο</em></strong></span> <span class='ocrx_word' id='word_1_591' title='bbox 2375 2537 2390 2585; x_wconf 49' lang='grc'>,34</span> <span class='ocrx_word' id='word_1_592' title='bbox 2373 2091 2393 2533; x_wconf 45' lang='lat' dir='ltr'>mma!</span> 
     </span>
    </p>
   </div>
   <div class='ocr_carea' id='block_1_25' title="bbox 2374 2610 2389 2687">
    <p class='ocr_par' dir='ltr' id='par_1_31' title="bbox 2374 2610 2389 2687">
     <span class='ocr_line' id='line_1_89' title="bbox 2374 2610 2389 2687; textangle 90"><span class='ocrx_word' id='word_1_593' title='bbox 2379 2672 2389 2687; x_wconf 58' lang='grc' dir='ltr'>ι·</span> <span class='ocrx_word' id='word_1_594' title='bbox 2374 2610 2389 2654; x_wconf 50' lang='grc' dir='ltr'>-ὓι</span> 
     </span>
    </p>
   </div>
   <div class='ocr_carea' id='block_1_26' title="bbox 2376 2937 2393 3496">
    <p class='ocr_par' dir='ltr' id='par_1_32' title="bbox 2376 2937 2393 3496">
     <span class='ocr_line' id='line_1_90' title="bbox 2376 2937 2393 3496; baseline 0 0"><span class='ocrx_word' id='word_1_595' title='bbox 2376 2937 2393 3496; x_wconf 95' lang='lat' dir='ltr'> </span> 
     </span>
    </p>
   </div>
  </div>
 </body>
</html>
